2519 3262
1043 155 1282 193 TROISIEME
1308 154 1471 192 ANNEE.

217 247 307 278 idem
330 247 488 277 dominus
509 255 595 286 papa
605 247 837 277 canonicatum
858 248 889 276 et
908 245 1124 284 prebendam,
1139 254 1224 284 quos

218 301 307 331 idem
330 300 494 330 Nicolaus
521 299 647 330 ibidem
671 299 828 335 obtinuit,
852 299 995 329 contulit
1019 299 1164 329 ¹Iohanni
1185 298 1224 328 de

218 354 323 388 Cella,
349 353 511 383 familiari
542 362 615 390 suo,
635 362 671 383 ac
689 353 917 392 postmodum,
940 351 1057 382 volens
1078 351 1167 390 quod
1185 351 1225 381 de

217 407 367 446 predicto
387 407 585 445 presbytero
603 406 785 444 inceperat,
798 405 979 444 perducere
999 405 1039 434 ad
1056 405 1223 438 effectum,

216 460 448 490 canonicatum
467 459 615 498 predicte
634 459 774 489 ecclesie
794 460 908 488 sancte
925 457 1055 493 Crucis,
1070 465 1145 487 cum
1158 456 1225 494 ple—

216 512 369 542 nitudine
388 512 477 551 juris
503 512 666 548 canonici,
685 520 723 541 ac
748 510 987 541 nichilominus
1006 509 1223 548 prebendam,

216 566 245 595 si
263 574 329 604 qua
347 567 427 595 tunc
445 564 528 594 inibi
548 564 697 600 vacabat,
725 564 874 603 predicto
897 562 1096 602 presbytero
1113 564 1225 592 aucto-

217 619 316 649 ritate
346 618 531 657 apostolica
557 617 698 648 contulit
722 618 753 647 et
778 626 854 647 eum
883 616 922 646 de
948 616 1018 646 illis
1043 624 1102 654 per
1125 624 1225 645 suum

215 671 354 702 anulum
379 671 565 701 investivit.
588 670 749 708 Alioquin
769 669 973 708 prebendam
990 669 1024 698 in
1039 668 1156 698 eadem
1171 677 1224 698 ec-

216 725 319 755 clesia
344 727 423 754 tunc
452 723 608 763 proximo
630 721 1087 758 vacaturam,conferendam
1115 721 1224 751 eidem

214 777 424 817 presbytero,
453 776 636 815 apostolice
664 775 836 806 donationi
862 783 1052 810 reservans,
1073 774 1225 804 decrevit

216 831 351 861 irritum
377 831 409 860 et
426 830 523 859 inane
541 829 571 859 si
594 837 691 859 secus
710 829 749 859 de
769 829 843 866 ipsa
859 827 1067 866 contingeret
1084 829 1224 866 attemp-

213 883 313 919 tari,.
334 906 340 911 .
363 882 483 913 abbate
507 882 614 912 sancti
639 881 793 917 Auberti,
812 883 843 911 et
867 905 872 910 .
890 903 896 909 .
915 880 1095 911 scolastico
1116 881 1224 910 sancti

214 935 393 975 Gaugerici
419 935 727 969 Canieracensium‚
745 934 811 964 sibi
827 942 939 972 ,super
961 933 1022 964 hoc
1046 933 1109 963 sub
1135 935 1225 964 certa

214 989 322 1019 forma
345 997 404 1027 per
423 996 504 1018 suas
522 988 654 1018 litteras
676 987 916 1018 executoribus
937 987 1118 1025 deputatis.
1137 987 1224 1018 Sane

213 1041 363 1081 predicto
384 1066 390 1072 .
408 1065 414 1070 .
432 1040 562 1077 abbate,
581 1043 680 1079 prout
695 1049 737 1070 ex
751 1042 866 1070 tenore
884 1040 1080 1078 hujusmodi
1096 1040 1223 1070 littera-

212 1103 288 1125 rum
305 1094 510 1125 directarum
527 1094 569 1124 ad
588 1102 666 1124 eum
684 1096 715 1124 et
732 1094 875 1123 eundem
896 1093 1114 1123 scolasticum
1132 1095 1223 1132 pote·

211 1149 274 1183 rat,
294 1147 443 1186 predicto
466 1147 613 1185 capitulo
636 1147 816 1176 mandante
841 1148 878 1176 ut
900 1146 1027 1177 dictum
1051 1146 1222 1185 presbyte-

213 1209 289 1230 rum
305 1200 493 1239 reciperent
512 1200 546 1229 in
566 1200 763 1230 canonicum
782 1201 814 1229 et
835 1199 869 1229 in
893 1200 1031 1230 fratrem
1051 1209 1088 1229 ac
1106 1200 1223 1229 eodem

213 1253 360 1292 capitulo
391 1262 518 1284 necnon
547 1253 709 1292 magistro
736 1252 892 1283 XValtero
923 1253 962 1282 de
991 1252 1222 1291 SollempniiS,

213 1307 334 1337 clerico
360 1306 512 1345 ejusdem
542 1306 699 1342 diocesis,
728 1314 830 1344 super
851 1305 948 1344 cujus
972 1305 1166 1344 provisione
1192 1307 1224 1336 et

213 1359 403 1398 receptione
422 1359 456 1389 in
477 1361 663 1390 memorata
686 1359 829 1389 ecclesia
850 1359 939 1389 idem
962 1359 1120 1389 dominus
1139 1367 1225 1398 papa

213 1413 384 1444 direxerat
404 1414 529 1451 scripta
551 1422 623 1449 sua,
640 1413 789 1451 predicto
810 1412 1007 1451 presbytero
1033 1421 1136 1451 super
1163 1413 1224 1443 hoc

215 1475 250 1496 se
284 1466 533 1505 opponentibus
562 1468 593 1496 et
623 1475 735 1495 coram
765 1466 882 1495 eodem
913 1465 1032 1496 abbate
1061 1466 1223 1504 quasdam

214 1520 430 1558 exceptiones
444 1519 710 1558 proponentibus
724 1520 838 1548 contra
852 1527 941 1554 eum,
957 1519 1108 1557 prefatus
1121 1518 1224 1549 abbas

213 1572 252 1602 de
269 1581 436 1602 consensu
449 1572 608 1610 partium,
623 1571 792 1610 negotium
807 1572 939 1601 remisit
951 1572 992 1601 ad
1010 1571 1119 1610 ipsius
1133 1572 1224 1602 sedis

214 1634 366 1661 examen,
391 1625 520 1663 prefixo
550 1625 678 1654 eisdem
706 1624 860 1663 partibus
884 1627 972 1656 certo
1000 1625 1144 1655 termino
1171 1634 1224 1663 pe-

213 1678 397 1717 remptorio
422 1686 486 1717 que
512 1686 570 1716 per
590 1686 625 1707 se
653 1678 704 1707 vel
724 1686 782 1716 per
804 1679 1040 1715 procuratores
1062 1679 1222 1717 ydoneos,

214 1740 289 1761 cum
305 1730 463 1761 omnibus
478 1730 572 1764 actis,
589 1730 719 1769 juribus
737 1733 767 1760 et
784 1731 1006 1761 munimentis
1023 1732 1096 1761 suis
1109 1731 1224 1770 hujus-

214 1784 306 1814 modi
323 1793 459 1814 causam
477 1783 762 1822 contingentibus,
777 1784 962 1822 apostolico
980 1793 1015 1814 se
1029 1784 1225 1822 conspectui

214 1839 459 1876 present-arent,
490 1837 615 1866 facture
645 1839 676 1866 et
706 1839 879 1875 recepture
911 1845 1013 1876 super
1042 1837 1103 1867 hoc
1136 1837 1225 1876 quod

214 1891 295 1920 ordo
323 1891 472 1928 exigeret
497 1890 650 1920 rationis.
678 1890 836 1928 Idemque
860 1890 1018 1920 dominus
1035 1899 1122 1929 papa
1150 1899 1223 1926 nos,

212 1943 447 1978 Gustlelmum,
479 1943 697 1973 miseratione
725 1943 839 1972 divilia
867 1943 958 1973 tituli
986 1944 1094 1974 sancti
1120 1944 1225 1974 Marci

212 1997 451 2036 presbyterum
466 1996 685 2031 cardinalem,
703 1996 793 2026 dedit
813 1997 845 2026 in
860 2005 961 2026 causa
981 1997 1054 2035 ipsa
1072 1997 1226 2036 partibus

212 2050 412 2080 auditorem.
431 2050 547 2084 Porro,
560 2051 637 2088 post
654 2049 890 2080 remissionem
906 2050 1112 2089 hujusmodi,
1131 2060 1226 2081 vaca-

213 2103 260 2133 vit
283 2103 428 2142 quedam
445 2103 614 2142 prebenda
629 2103 662 2132 iu
680 2103 796 2133 eadem
814 2103 958 2133 ecclesia
978 2106 1091 2134 sancte
1108 2104 1226 2135 Crucis

212 2165 272 2196 per
297 2159 439 2187 mortem
464 2157 618 2195 magistri
641 2156 780 2187 Goberti
803 2157 841 2187 de
864 2157 1029 2192 Macellis,
1057 2159 1226 2196 quondam

212 2210 323 2248 ipsius
339 2210 479 2240 ecclesie
503 2210 666 2245 canonici,
689 2219 789 2248 quam
816 2210 926 2240 dictus
949 2211 1111 2250 magister
1133 2212 1226 2241 Wal-

213 2264 307 2293 terus
323 2263 388 2292 sibi
404 2263 596 2301 procuravit
615 2264 773 2293 conferri.
794 2264 918 2293 Eodem
940 2264 1052 2303 itaque
1071 2265 1224 2295 Amando

213 2316 419 2355 prebendam
439 2316 550 2355 ipsam
566 2316 633 2346 sibi
651 2317 817 2355 assignari
834 2319 968 2356 petente
987 2327 1024 2348 ac
1050 2320 1123 2349 orta
1140 2319 1228 2349 inter

213 2377 289 2399 eum
308 2371 339 2399 et
357 2369 557 2408 magistrum
576 2369 767 2399 XValterum
787 2370 977 2408 predictum
997 2380 1098 2410 super
1110 2372 1226 2402 eadem

213 2421 382 2461 prebenda
398 2423 540 2452 materia
558 2423 759 2461 questionis,
775 2423 865 2453 idem
884 2424 1060 2455 Amandus
1074 2424 1228 2455 libellum

215 2474 338 2505 obtulit
354 2474 418 2505 sub
436 2475 496 2505 hac
513 2475 623 2505 forma
640 2487 645 2505 :

256 2538 271 2557 «
291 2528 412 2558 Coram
427 2528 536 2565 vobis,
554 2529 737 2559 reverende
755 2531 860 2568 pater,
877 2531 1014 2561 domino
1031 2531 1227 2569 Gusslelmo,

217 2591 232 2610 «
258 2581 349 2612 tituli
369 2582 477 2612 sancti
491 2582 596 2612 Marci
621 2582 822 2622 presbytero
838 2584 1022 2621 cardinale,
1039 2585 1195 2624 partibus
1211 2595 1230 2616 a

215 2644 231 2663 «
256 2634 392 2664 domino
423 2643 510 2673 papa
536 2635 688 2665 auditore
718 2644 891 2672 concesso,
913 2637 994 2667 dicit
1018 2640 1049 2669 et
1071 2639 1230 2677 proponit

217 2697 232 2717 «
255 2688 430 2718 Amandus
447 2688 486 2718 de
505 2688 664 2722 Castello,
687 2688 865 2728 presbyter
882 2689 1137 2722 Cameracensis
1160 2692 1230 2723 dio-

218 2751 233 2770 «
259 2741 358 2777 cesis,
378 2742 493 2771 contra
510 2741 710 2780 magistrum
728 2742 920 2773 XValterum
941 2744 980 2774 de
995 2744 1229 2784 Sollempniis,

219 2804 234 2823 «
258 2794 431 2831 clericum,
451 2803 488 2824 ac
516 2794 707 2833 legitimum
726 2798 977 2834 procuratorem
995 2806 1055 2828 seu
1078 2798 1230 2829 defenso-

219 2858 234 2876 «
259 2856 330 2878 rem
347 2847 469 2886 ipsius,
489 2847 591 2886 quod,
609 2856 684 2878 cum
701 2848 940 2880 sanctissimus
960 2853 1054 2888 pater
1071 2851 1230 2882 dominus

2230 171 2288 200 355

1283 255 1297 274 α
1323 245 1479 276 Urbanus
1492 254 1577 284 papa
1591 246 1655 276 IIII
1673 246 1755 276 olim
1771 248 2003 279 canonicatum
2017 251 2157 281 ecclesie
2175 255 2287 284 sancte

1282 308 1297 327 «
1321 298 1439 328 Crucis
1460 300 1725 333 Cameracensis,
1753 309 1827 330 cum
1853 301 2063 339 plenitudine
2081 304 2170 341 juris
2195 315 2289 336 cano-

1282 361 1297 379 «
1322 351 1399 385 nici,
1425 360 1462 381 ac
1482 351 1721 382 nichilominus
1740 353 1956 391 prebendam,
1985 356 2012 385 si
2037 365 2101 394 qua
2120 357 2152 386 in
2173 358 2288 388 eadem

1283 414 1297 432 «
1322 404 1463 434 ecclesia
1479 406 1557 434 tunc
1573 406 1721 441 vacabat,
1740 407 1848 437 eidem
1868 409 2020 437 Amando
2041 410 2198 440 canonice
2215 420 2289 440 con-

1283 466 1297 485 «
1322 456 1470 491 tulisset,
1489 457 1601 495 ipsum
1616 467 1674 496 per
1692 468 1789 489 suum
1807 460 1947 490 anulum
1965 461 2152 492 investiens
2168 463 2207 493 de
2227 464 2289 493 eis-

1283 519 1297 537 «
1321 509 1408 544 dem,
1422 510 1573 548 alioquin
1589 511 1791 549 prebendam
1807 513 1840 542 in
1853 514 1969 543 eadem
1981 515 2122 545 ecclesia
2137 517 2290 554 proximo

1283 572 1297 590 «
1323 565 1526 596 vacaturam,
1548 564 1657 594 eidem
1675 566 1714 594 Α.
1733 565 1981 603 conferendam,
2005 568 2178 598 donationi
2196 578 2288 608 apos-

1283 625 1297 643 «
1322 615 1421 645 tolice
1435 619 1653 653 reservasset,
1668 617 1851 648 decernens
1866 621 1987 649 extunc
2003 620 2134 651 irritum
2150 623 2180 652 et
2194 622 2290 651 inane

1283 678 1298 696 «
1323 668 1351 697 si
1370 668 1409 698 de
1427 669 1501 707 ipsa
1518 669 1668 708 ejusdem
1684 671 1810 700 domini
1830 680 1913 710 pape
1928 675 1983 702 aut
1997 673 2117 711 quavis
2134 674 2201 704 alia
2218 683 2292 703 auc-

1283 730 1298 749 «
1322 721 1458 751 toritate
1483 731 1580 752 secus
1601 724 1808 762 contingeret
1833 726 2025 763 attemptari
2045 735 2081 756 ac
2103 727 2220 757 volens
2246 727 2290 765 ip-

1284 784 1298 803 «
1323 783 1398 804 sum
1423 776 1475 811 A„
1495 775 1528 804 in
1546 776 1689 806 ecclesia
1708 777 1912 815 supradicta,
1930 778 1962 807 in
1987 779 2199 809 assecutione
2218 789 2292 818 pre-

1283 838 1297 855 «
1323 827 1428 858 bende
1448 828 1587 866 preferri
1605 830 1762 859 omnibus
1780 831 1901 869 quavis
1919 833 2118 862 auctoritate
2134 833 2290 871 receptis,

1283 890 1298 909 «
1322 882 1398 919 post
1409 882 1695 919 presentationem
1708 891 1846 913 suarum
1858 883 2009 922 priorum
2024 885 2214 915 litterarum
2229 885 2294 915 fac-

1282 944 1297 962 «
1322 935 1389 964 tam
1403 934 1549 973 capitulo
1562 936 1877 975 supradicto‚prout
1892 937 1924 967 in
1940 937 2049 976 ipsius
2064 938 2192 968 domini
2209 947 2292 977 pape

1282 997 1296 1016 «
1322 987 1446 1017 litteris
1464 988 1598 1026 plenius
1617 989 1818 1020 continetur.
1843 991 2064 1021 Postmodum
2093 992 2235 1030 quedam
2258 991 2292 1021 in

1283 1050 1297 1069 «
1321 1041 1472 1079 predicta
1489 1042 1632 1072 ecclesia
1649 1042 1819 1081 prebenda
1832 1044 1965 1073 vacavit
1982 1053 2039 1082 per
2059 1047 2203 1075 mortem
2222 1054 2289 1074 ma-

1283 1103 1298 1123 «
1322 1094 1419 1132 gistri
1435 1093 1573 1125 Goberti
1591 1095 1630 1125 de
1646 1096 1808 1132 MacelliS,
1826 1097 1995 1135 quondam
2013 1098 2163 1128 canonici
2183 1098 2293 1136 ipsius

1283 1157 1297 1176 «
1322 1147 1475 1183 ecclesie,
1489 1147 1598 1178 eidem
1612 1149 1652 1178 A.
1666 1149 1706 1179 de
1719 1149 1794 1188 jure
1812 1149 1924 1180 debita
1938 1152 1970 1180 et
1984 1151 2025 1180 ad
2039 1151 2151 1189 ipsum
2168 1151 2208 1181 de
2219 1151 2294 1189 jure

1283 1210 1297 1229 «
1322 1203 1490 1239 spectans,
1510 1210 1611 1240 quam
1629 1202 1740 1232 dictus
1758 1203 1920 1241 magister
1935 1203 2112 1234 XValterus
2129 1204 2290 1240 indebite,

1283 1263 1297 1282 «
1322 1254 1380 1284 lite
1398 1254 1575 1293 pendente,
1588 1257 1619 1285 et
1638 1257 1752 1286 contra
1764 1256 1934 1296 justitiam
1948 1258 2132 1296 occupavit,
2146 1259 2177 1288 et
2191 1257 2293 1288 etiam

1283 1317 1298 1336 «
1322 1307 1355 1337 in
1383 1307 1494 1338 anime
1517 1316 1578 1338 sue
1606 1309 1796 1347 periculum
1817 1311 1848 1340 et
1871 1310 1952 1340 dicti
1978 1311 2123 1341 Amandi
2146 1311 2294 1350 prejudi-

1283 1370 1297 1389 «
1322 1361 1411 1390 cium
1433 1362 1465 1391 et.
1487 1370 1667 1400 gravamen
1691 1362 1816 1393 detinet
1836 1365 2042 1402 occupatam,
2064 1364 2142 1395 licet
2161 1364 2292 1394 nullum

1283 1425 1288 1443 ‹
1319 1415 1374 1452 jus
1395 1414 1514 1445 babeat
1537 1415 1570 1444 in
1596 1415 1724 1445 eadem.
1747 1416 1856 1451 Quare
1878 1417 1962 1455 petit
1985 1418 2095 1448 dictus
2120 1418 2294 1448 Amandus

1282 1477 1299 1497 «
1323 1477 1381 1506 per
1395 1477 1465 1503 vos,
1484 1468 1666 1498 reverende
1680 1471 1786 1507 pater,
1800 1470 1964 1508 pret'atam
1981 1470 2198 1509 prebendam,
2217 1479 2293 1501 cum

1283 1531 1289 1551 ‹
1319 1520 1454 1560 juribus
1469 1523 1500 1551 et
1515 1522 1730 1559 pertinentiis
1749 1523 1832 1559 suis,
1849 1522 1914 1552 sibi
1929 1524 2073 1553 conferri
2091 1526 2122 1554 et
2139 1533 2211 1554 eam
2228 1524 2293 1554 sibi

1283 1585 1297 1603 «
1323 1575 1570 1605 sententialiter
1602 1575 1797 1614 adjudicari,
1829 1585 1904 1606 cum
1937 1577 2094 1606 omnibus
2126 1577 2293 1607 fructibus

1283 1638 1298 1657 (t
1322 1628 1399 1658 inde
1428 1629 1596 1666 perceptis
1628 1631 1659 1658 et
1687 1629 1743 1667 qui
1771 1630 1898 1668 percipi
1923 1633 2105 1668 potuerunt
2128 1640 2169 1660 ex
2202 1631 2293 1661 omni

1283 1690 1298 1711 «
1322 1690 1422 1711 causa
1445 1684 1476 1711 et
1507 1681 1547 1711 ad
1569 1682 1680 1720 ipsum
1702 1683 1742 1711 A.
1761 1683 1929 1721 pertinere
1951 1684 2097 1720 decerni,
2117 1686 2148 1714 et
2167 1684 2293 1714 dictum

1283 1745 1298 1764 «
1324 1735 1525 1773 magistrum
1544 1734 1737 1765 Walterum
1753 1735 1794 1768 ab
1816 1736 1932 1766 eadem
1955 1736 2124 1775 prebenda
2142 1746 2200 1776 per
2217 1746 2294 1767 ean-

1283 1798 1298 1818 «
1324 1788 1398 1818 dem
1423 1788 1627 1818 sententiam
1651 1789 1799 1819 amoveri
1822 1792 1853 1819 et
1876 1791 2099 1820 amovendum
2122 1799 2196 1821 esse
2220 1799 2294 1829 pro-

1283 1851 1299 1872 «
1326 1842 1474 1871 nuntiari
1497 1849 1535 1871 ac
1555 1850 1590 1871 se
1609 1842 1643 1871 in
1674 1842 1824 1880 ejusdem
1851 1842 2018 1881 prebende
2043 1844 2294 1882 possessionem

1284 1906 1298 1924 «
1324 1894 1533 1933 corporalem
1551 1894 1604 1924 vel
1619 1895 1717 1933 quasi
1735 1896 1847 1925 induci
1864 1898 1894 1926 et
1912 1896 2137 1927 inducendum
2153 1897 2223 1927 sore
2241 1897 2295 1927 de—

1284 1958 1298 1977 «
1325 1949 1416 1978 cerni
1435 1957 1472 1977 ac
1488 1947 1576 1977 dicto
1592 1948 1744 1978 XYaltero
1761 1951 1960 1987 perpetuum
1975 1950 2103 1988 imponi
2121 1950 2296 1980 silentium

1285 2011 1299 2030 «
1326 2010 1426 2039 super
1452 2010 1506 2036 ea;
1529 2003 1561 2031 et
1575 2001 1636 2031 boc
1652 2002 1735 2040 petit
1752 2011 1825 2032 eum
1853 2003 2010 2041 dampnis
2035 2006 2066 2033 et
2087 2004 2245 2042 expensis
2265 2006 2297 2034 et

1286 2065 1300 2084 «
1327 2055 1491 2084 interesse
1507 2063 1570 2092 que
1589 2054 1783 2093 hujusmodi
1807 2056 1981 2085 occasione
2008 2056 2160 2092 incurrit,
2179 2066 2241 2095 que
2265 2059 2296 2087 et

1285 2119 1298 2137 (ι
1324 2117 1407 2147 quas
1428 2108 1569 2137 extimat
1593 2108 1634 2137 ad
1653 2108 1801 2138 valorem
1821 2110 1997 2148 sexaginta
2023 2109 2184 2140 librarum
2202 2111 2293 2140 Pari-

1286 2172 1300 2191 «
1327 2161 1503 2196 mensium,
1531 2164 1562 2191 et
1590 2163 1795 2200 protestatur
1820 2163 1859 2192 de
1879 2163 2003 2192 futuris
2029 2163 2189 2202 expensis
2213 2172 2296 2202 quas

1286 2225 1300 2245 «
1325 2217 1476 2253 tempore
1511 2215 1677 2245 sententie
1715 2215 1914 2246 declarabit.
1951 2217 2161 2246 Protestatur
2196 2218 2296 2247 etiam

1285 2280 1299 2297 «
1325 2269 1414 2307 quod
1429 2277 1493 2297 non
1511 2268 1667 2306 astringit
1686 2277 1720 2298 se
1737 2269 1778 2298 ad
1794 2269 2001 2307 probandum
2018 2270 2083 2299 nisi
2104 2280 2141 2299 ea
2159 2280 2221 2309 que
2238 2279 2296 2300 sue

1286 2333 1301 2351 «
1328 2321 1507 2351 intentioni
1524 2321 1704 2355 sufficiant,
1732 2322 1826 2352 salvo
1848 2323 1923 2361 jure
1950 2325 2010 2352 etc.
2032 2333 2047 2351 >›

1328 2386 1341 2401 «
1357 2374 1431 2404 Lite
1442 2374 1544 2413 igitur
1557 2383 1658 2412 super
1672 2375 1788 2404 eodem
1803 2375 1917 2406 libello
1932 2375 2082 2414 legitime
2097 2378 2294 2413 contestata,

1286 2430 1399 2467 partes
1432 2427 1516 2466 ipse,
1547 2427 1698 2458 volentes
1730 2428 1836 2459 vitare
1866 2429 1986 2467 litigia,
2025 2429 2180 2460 videlicet
2209 2431 2297 2461 idem

1287 2481 1461 2511 Amandus
1492 2480 1682 2520 presbyter,
1717 2490 1777 2520 pro
1809 2490 1856 2518 se,
1885 2484 1917 2512 et
1943 2483 2104 2521 magister
2129 2484 2297 2514 Henricus

1287 2535 1326 2564 de
1344 2534 1495 2567 Liernut,
1523 2534 1677 2570 clericus,
1701 2538 1898 2573 procurator
1925 2536 2065 2574 capituli
2089 2539 2120 2567 et
2145 2537 2298 2576 magist-ri

1287 2588 1433 2618 Walteri
1459 2587 1699 2626 predictorum,
1728 2597 1787 2627 pro
1818 2589 1867 2618 eis
1896 2598 1915 2619 a
1937 2589 2062 2628 quibus
2092 2589 2235 2621 habebat
2258 2590 2299 2621 ad

1288 2641 1555 2680 componendum
1582 2643 1614 2671 et
1635 2642 1977 2680 compromittendum
1996 2643 2142 2682 speciale
2165 2644 2298 2674 manda-

1288 2696 1373 2730 tum,
1391 2694 1425 2723 in
1449 2703 1509 2724 nos
1528 2703 1628 2732 super
1646 2695 1762 2725 eadem
1780 2695 1950 2734 prebenda
1973 2698 2005 2727 et
2026 2697 2097 2735 ejus
2120 2697 2297 2734 fructibus,

1288 2748 1462 2786 tamquam
1487 2747 1521 2776 in
1545 2746 1723 2784 arbitrum,
1758 2747 1995 2779 arbitratorem
2025 2752 2056 2780 et
2084 2749 2299 2780 amicabilem

1290 2799 1564 2839 compositorem,
1591 2799 1652 2830 sub
1677 2802 1767 2831 certa
1782 2809 1868 2839 pena
1891 2804 1923 2832 et
1935 2802 2126 2841 juramento
2142 2803 2297 2841 prestito,

1291 2853 1563 2891 compromittere
1580 2856 1794 2891 curaverunt,
1821 2856 1936 2885 nostre
1951 2855 2168 2892 ordinationi,
2186 2856 2297 2893 laudo,
