2519 3262
235 197 294 226 322

235 281 449 312 Constitutus
470 279 503 309 in
530 277 702 318 presentia
718 294 767 304 —.
784 275 908 306 Datum
923 273 1012 313 apud
1028 271 1243 304 Urbemvete-

236 343 319 369 rem,
336 344 383 363 1111
402 342 508 364 nonas
522 332 611 371 julii,
629 338 716 361 anno
734 328 845 359 tertio.
868 337 883 357 »

324 507 421 538 2003
834 500 960 533 Orvieto,
973 500 990 526 6
1006 501 1070 526 notit
1093 497 1169 525 1204.

270 591 409 626 Episcopo
430 588 538 623 Regino
563 587 681 614 mandat
698 588 729 612 nt
746 584 920 620 magistrum
938 583 1192 611 Bartholomaeum
1209 582 1244 607 de

235 640 331 674 Regio,
350 638 545 674 praepositum
570 635 708 663 seculariS
724 634 863 662 ecclesiae
880 634 914 660 dc
933 633 1142 662 Castellurana,
1164 630 1245 665 Regi-

234 698 286 716 nae
303 687 436 721 diocesis,
449 695 481 713 ac
503 687 658 721 Hugonem‚
678 687 821 711 rectorem
838 684 941 710 domus
954 681 1053 709 Pontis
1067 682 1100 707 de
1115 679 1244 710 Yrberia‚

235 738 361 773 ejusdem
375 735 508 769 diocesis,
527 734 768 769 praeposituram,
786 733 821 759 ad
840 731 1011 759 electionem
1036 730 1154 764 capituli
1173 729 1246 764 ejus-

233 787 298 813 dem
320 786 374 813 loci
392 787 583 820 spectantem,
605 785 633 810 et
652 782 806 810 rectoriam
825 782 860 808 ad
878 781 1002 808 invicem
1023 782 1188 814 permutare
1204 777 1246 804 sa-

234 835 300 862 ciat.
321 836 397 867 (Bm.
417 835 462 865 29,
480 833 529 860 fol.
549 832 611 865 208,
627 838 656 858 n⁰
673 831 765 866 1053.)

274 950 289 969 «
308 939 466 979 Episcopo
482 937 609 977 Reqino.
627 936 723 972 Culn,
742 935 828 966 sicut
846 935 1038 973 accepimus
1054 950 1104 962 —.
1121 933 1245 962 Datum

234 993 321 1033 apud
349 992 637 1026 Urbemveterem,
657 999 715 1019 vm
735 989 811 1019 idus
826 988 973 1027 augusti,
995 995 1082 1017 anno
1099 985 1211 1016 tertio.
1230 995 1245 1014 ))

325 1161 422 1191 2004
791 1155 916 1187 Orvieto,
935 1153 969 1181 <14
982 1152 1077 1189 juillet
1094 1153 1173 1180 1264.

270 1245 381 1271 Decano
406 1243 545 1271 ecclesiae
569 1241 809 1272 montisfalconis,
833 1239 983 1266 Remensis
1007 1237 1141 1271 diocesis,
1168 1245 1247 1263 man-

234 1295 284 1322 dat
299 1296 329 1321 ut
351 1293 504 1328 Stephano,
518 1293 625 1319 decano
640 1289 777 1322 Tullensi,
798 1289 935 1316 familiari
955 1287 1125 1323 apostolico,
1146 1286 1180 1312 de
1203 1286 1246 1313 di-

235 1343 357 1379 gnitate,
374 1344 529 1376 personatu
549 1348 598 1367 seu
616 1340 723 1372 officim
739 1338 783 1365 cui
804 1346 872 1365 cura
887 1346 945 1364 non
961 1336 1115 1364 immineat
1130 1335 1245 1362 anima-

235 1400 309 1423 rum,
323 1392 358 1418 ad
377 1391 581 1426 cujuscumque
593 1388 778 1415 collationem
789 1389 948 1422 spectante,
964 1386 992 1413 in
1009 1384 1181 1412 Virdunensi
1198 1386 1247 1410 aut

236 1440 356 1469 Metensi
372 1439 478 1467 diocesi
495 1438 654 1474 provideat.
677 1438 753 1471 (Res.
770 1437 815 1471 29,
833 1436 882 1463 sol.
898 1436 962 1470 208,
976 1441 1007 1462 n⁰
1025 1435 1114 1467 1054.)

277 1559 291 1578 ((
311 1548 429 1578 Dec-ano
459 1546 580 1577 ecclesie
614 1543 899 1578 Montis-Falconis,
928 1541 1084 1572 Remensis
1110 1540 1246 1570 diocesis.

236 1603 420 1633 Personam
447 1600 561 1631 dilecti
588 1599 650 1629 filii
676 1616 727 1627 —.
760 1598 885 1628 Datum
913 1596 1000 1635 apud
1030 1593 1249 1625 Urhemvete-

236 1665 320 1693 rem,
341 1666 363 1685 11
380 1655 456 1685 idus
469 1654 558 1692 julii,
580 1661 666 1683 anno
682 1652 794 1682 tertio.
817 1660 831 1679 n

326 1828 423 1858 2005
807 1821 932 1852 Orvieto,
950 1822 965 1847 7
979 1819 1075 1856 juillet
1097 1818 1174 1846 1204.

272 1911 410 1946 Episcopo
423 1908 598 1937 Norwicensi
616 1908 734 1934 mandat
757 1910 786 1933 ut
806 1905 947 1940 magistro
967 1904 1107 1936 Waltero,
1125 1903 1202 1930 dicto
1217 1902 1249 1929 de

236 1961 378 1987 Lincolnia
395 1960 415 1991 ¹,
441 1958 559 1994 pauperi
580 1956 694 1987 clerico,
719 1956 752 1982 de
777 1955 872 1989 aliquo
895 1953 1033 1981 beneficio
1053 1951 1248 1979 ecclesiastico

237 2011 271 2037 ad
287 2008 472 2036 collationem
495 2006 596 2041 prioris
623 2008 649 2032 et
667 2007 823 2032 conventus
838 2005 872 2030 de
897 2004 965 2038 Eya,
993 2001 1103 2029 ordinis
1123 2010 1146 2027 s.
1164 2001 1249 2027 Bene-

236 2058 316 2089 dicti,
344 2056 535 2084 Norwicensis
564 2055 697 2087 diocesis,
729 2053 887 2088 provideat.
921 2052 1000 2085 (Rea.
1030 2052 1076 2083 29,
1104 2050 1153 2076 sol.
1185 2049 1246 2079 208,

237 2112 268 2134 n⁰
290 2108 381 2138 1055.)
418 2115 420 2117 ·

277 2225 291 2244 t(
308 2214 464 2254 Episcopo
488 2211 688 2242 Norzcicensi.
711 2210 925 2241 Constitutus
944 2208 978 2238 in
1001 2206 1174 2246 presentia
1197 2222 1246 2235 ——.

236 2269 359 2299 Datum
379 2267 467 2306 apud
486 2265 774 2300 Urbemveterem,
786 2263 885 2293 nonis
902 2261 993 2301 julii,
1006 2269 1092 2291 anno
1110 2260 1220 2290 tertio.
1232 2271 1247 2287 »

327 2438 425 2469 2006
813 2430 937 2461 ‹Ji-vieto,
955 2431 971 2457 8
984 2429 1080 2465 juillet
1096 2428 1173 2456 1204.

272 2520 493 2555 Archiepiscopo
517 2517 667 2545 Bisuntino
687 2517 806 2543 mandat
821 2517 852 2542 ut
874 2514 1017 2549 Stephano
1037 2514 1071 2540 de
1095 2512 1247 2545 musella,

235 2570 353 2606 pauperi
370 2569 485 2599 clerico,
497 2569 530 2594 de
545 2567 641 2601 aliquo
652 2565 848 2592 ecclesiastico
858 2563 995 2590 beneficio
1009 2563 1045 2589 ad
1058 2561 1246 2589 collationem

236 2618 348 2646 abbatis
362 2621 387 2645 ct
398 2619 554 2645 conventus
565 2617 600 2642 dc
612 2615 721 2645 Balma,
737 2613 932 2640 Cluniaccnsis
947 2611 1066 2643 ordinis,
1081 2610 1247 2637 Bisuntinae

236 2668 368 2696 diocesis.
393 2668 551 2701 spectante,
578 2663 736 2698 provideat.
754 2663 832 2696 (itm.
851 2663 895 2694 29,
917 2661 964 2689 fol.
983 2661 1034 2689 208
1049 2663 1090 2692 νο,
1109 2665 1138 2686 n⁰
1159 2660 1248 2692 1056.)

276 2786 290 2804 «
306 2776 328 2805 Α
338 2774 545 2813 rcleicpiscopo
559 2772 735 2802 Biszmtino.
747 2770 961 2801 Constitutus
972 2770 1005 2799 in
1015 2768 1187 2808 presentia
1196 2786 1245 2796 —.

269 2895 290 2917 1.
306 2894 346 2918 Eu
361 2900 456 2923 margo
476 2900 479 2915 :
500 2902 508 2914 n
524 2891 661 2922 Sufficiens
677 2890 888 2921 suiljmlicalus.
908 2889 938 2912 G.
957 2898 965 2910 ι

991 185 1236 218 REGISTRES
1262 184 1475 215 D'URBAIN
1503 184 1561 214 IV.

1302 270 1426 300 Datum
1443 269 1533 308 apud
1558 268 1848 306 Urbemveterem,
1864 279 1922 299 vm
1943 269 2019 299 idus
2042 270 2132 308 julii,
2153 279 2238 301 anno
2254 272 2319 301 ter-

1300 322 1359 353 tio.
1381 332 1396 351 »

1394 498 1490 530 2007
1883 497 2006 528 Orvieto,
2018 496 2034 523 3
2049 495 2146 532 juillet
2167 497 2244 523 1264.

1339 581 1452 608 Dccano
1484 580 1624 607 ecclesiae
1648 580 1889 607 Barchinonensis
1919 581 2039 607 mandat
2061 583 2091 607 ut
2117 580 2218 607 Pontio
2248 580 2320 614 Ray-

1303 630 1402 656 mundi
1418 630 1550 663 diacono,
1566 630 1672 656 clerico
1687 629 1814 664 episcopi
1832 629 2086 660 Barchinonensis,
2107 631 2207 664 parato
2229 631 2319 655 statu-

1302 678 1340 706 tis
1362 679 1543 714 temporibus
1569 679 1604 705 ad
1633 678 1826 705 sacerdotium
1846 679 2021 713 promoveri,
2046 679 2166 705 obtentu
2187 677 2318 713 ejusdem

1303 728 1440 763 episcopi,
1459 728 1494 754 de
1517 736 1573 754 uno
1592 735 1625 754 ex
1651 730 1762 762 septem
1781 727 1921 754 altaribus
1944 727 2073 763 ejusdem
2096 727 2247 758 ecclesiae,
2272 725 2318 753 eui

1302 777 1351 804 diu
1375 777 1534 809 inservivit,
1552 784 1624 810 quae
1647 776 1751 803 altaria
1772 779 1934 803 canonicam
1953 776 2111 811 vulgariter
2126 775 2318 810 appellantur,

1303 826 1463 861 provideat,
1481 826 1557 859 (Rea.
1573 826 1618 858 29,
1635 825 1684 853 sol.
1703 826 1754 853 208
1768 831 1805 856 ν’,
1823 831 1853 852 n⁹
1875 826 1965 860 1057.)

1344 942 1359 961 ((
1378 931 1499 962 Decano
1522 931 1642 961 ecclesie
1669 931 1938 961 Bar-chinonensi&
1963 931 2064 961 Viros
2091 930 2320 960 benemeritos

1304 984 1449 1016 libenter
1479 1004 1526 1014 ——.
1546 986 1670 1016 Datum
1690 985 1777 1024 apud
1799 984 2089 1019 Urbeinveterexn,
2110 993 2128 1012 v
2147 991 2253 1014 nonas
2267 983 2318 1022 ju·

1304 1039 1356 1073 lii,
1380 1047 1467 1069 anno
1486 1039 1597 1069 tertio.
1621 1050 1636 1065 »

1395 1211 1493 1242 2008
1863 1209 1986 1241 Orvieto,
2009 1209 2042 1236 10
2054 1207 2148 1243 juillet
2169 1208 2246 1235 1264.

1341 1295 1478 1329 Magistro
1503 1294 1647 1329 Raynerio
1667 1294 1702 1320 de
1728 1293 1880 1324 Romania,
1903 1293 2006 1320 clerico
2027 1292 2121 1319 Caroli
2137 1291 2320 1327 Andegaviae

1304 1347 1331 1372 et
1350 1343 1519 1370 Provinciae
1542 1342 1670 1375 comitis,
1687 1343 1805 1370 obtentu
1824 1342 1953 1378 ejusdem
1969 1342 2096 1373 comitis,
2117 1341 2320 1368 canonicatum

1303 1392 1442 1420 ecclesiae
1457 1392 1694 1425 Cenomanensis,
1707 1392 1758 1418 sub
1769 1391 1984 1426 exspectatione
1994 1391 2184 1425 praebendae,
2199 1389 2320 1417 confert.

1305 1442 1382 1477 (Res.
1398 1442 1442 1472 20,
1461 1441 1512 1468 fol.
1527 1442 1590 1472 209,
1608 1447 1638 1467 n⁰
1657 1441 1749 1475 1058.)

1346 1558 1361 1577 ((
1381 1546 1531 1587 illaqistro
1545 1547 1700 1585 stayner-io
1714 1546 1749 1575 dc
1764 1546 1928 1581 Romania,
1947 1545 2056 1575 clerico
2073 1544 2178 1574 dilecti
2195 1544 2256 1584 filii
2272 1554 2323 1574 no·

1306 1600 1374 1630 bilis
1393 1601 1453 1630 viri
1482 1599 1600 1633 Caroli,
1623 1600 1802 1639 Andeqacie
1821 1604 1848 1629 ee
1871 1599 2034 1629 Provincie
2054 1599 2182 1628 comitis.
2203 1597 2319 1629 Probi-

1304 1655 1386 1685 tatis
1403 1656 1434 1685 et
1453 1654 1644 1684 devotionis
1661 1671 1710 1682 —.
1731 1653 1856 1683 Datum
1873 1652 1961 1691 apud
1979 1651 2269 1685 Urbemveterem‚
2287 1660 2319 1681 vr

1305 1708 1382 1738 idus
1395 1708 1486 1747 julii,
1505 1715 1592 1737 anno
1607 1707 1720 1737 tertio.
1739 1716 1755 1736 »

1395 1873 1493 1904 2009
1861 1869 1988 1901 Orvieto,
2005 1869 2039 1896 20
2053 1867 2148 1904 juillet
2172 1868 2246 1894 1254.

1341 1956 1542 1990 Praepositum
1559 1956 1594 1982 de
1618 1956 1744 1989 Curceyo
1762 1954 1789 1980 in
1809 1953 1931 1980 ecclesia
1948 1954 1973 1980 b.
1993 1953 2106 1979 Martini
2127 1955 2154 1979 ct
2169 1955 2319 1979 cantorem

1306 2005 1444 2032 ecclesiae
1463 2014 1486 2031 s.
1503 2003 1643 2030 Johannis
1660 2002 1875 2037 Andegavensis
1889 2002 2054 2036 praedictae
2076 2001 2239 2028 collationis
2255 2008 2318 2027 exe-

1306 2056 1418 2081 cutores
1437 2054 1567 2088 deputat.
1590 2053 1666 2086 (Res.
1684 2053 1729 2083 29,
1747 2051 1794 2078 t'ol.
1812 2052 1875 2084 2202»,
1893 2056 1922 2077 11⁰
1940 2050 2030 2085 1059.)

1345 2171 1362 2190 ((
1383 2160 1541 2199 Proposito
1559 2158 1595 2188 de
1611 2158 1748 2196 Cin-ceyo
1770 2158 1799 2186 in
1819 2156 1942 2186 ccclesia
1959 2156 1986 2185 b.
2003 2155 2132 2186 Martini
2155 2160 2183 2184 et
2200 2178 2207 2184 .
2224 2177 2230 2184 .
2250 2164 2322 2184 can-

1306 2214 1365 2243 tori
1383 2213 1504 2243 ecclesie
1527 2222 1550 2242 s.
1567 2212 1718 2242 ιΙοΙιαηηὶε
1739 2210 1977 2249 .«1ηι1ε>9αι·σηείε.
2004 2209 2190 2240 Probitatis
2218 2211 2250 2239 et
2266 2208 2320 2239 de-

1304 2267 1453 2298 votionis
1478 2283 1524 2296 —.
1545 2266 1669 2296 Datum
1688 2267 1723 2294 ut
1744 2273 1857 2303 supra.
1879 2274 1893 2292 u

1397 2439 1494 2469 2010
1869 2435 1994 2467 officio,
2009 2436 2044 2463 3⁴¹
2060 2434 2151 2469 juillet
2171 2434 2248 2462 1264.

1342 2521 1487 2548 Prioribus
1515 2521 1637 2548 fratrum
1667 2520 1902 2547 Praedicator-uui
1925 2522 1952 2546 et
1975 2528 1997 2546 s.
2015 2518 2162 2546 Michaelis
2177 2519 2212 2545 de
2231 2518 2319 2546 Bosco

1303 2573 1330 2597 et
1349 2571 1508 2605 guardiano
1524 2570 1645 2596 fratrum
1670 2569 1810 2596 Miuorum
1833 2568 2057 2595 Bononiensium
2076 2568 2193 2594 mandat
2208 2569 2238 2594 ut.
2253 2575 2319 2594 cen-

1304 2622 1367 2647 tnm
1397 2620 1485 2647 libras
1503 2622 1650 2649 monetae,
1668 2627 1701 2645 ex
1719 2618 1763 2645 his
1779 2625 1852 2652 qnae
1873 2618 1915 2648 Z.‚
1935 2616 2136 2644 :xx-inionensis
2152 2616 2317 2651 episcopus,

1304 2669 1443 2704 legaverit
1459 2669 1553 2696 Bonae
1566 2667 1734 2695 Tabellioni.
1744 2667 1798 2693 civi
1810 2666 1992 2697 Bononiensi,
2004 2665 2165 2692 exhibeant.
2183 2665 2261 2699 (Rsa.
2273 2665 2320 2696 29,

1306 2717 1353 2744 t'ol.
1371 2718 1433 2746 209.
1449 2723 1479 2744 n⁹
1496 2718 1581 2749 10003
1598 2717 1755 2746 Pori-misr,
1776 2716 1884 2748 18905.)

1344 2835 1359 2855 «
1375 2848 1400 2853 ..
1419 2825 1555 2863 fratrum
1572 2823 1808 2852 Predicalorum
1834 2828 1860 2851 cl
1880 2847 1885 2851 .
1902 2845 1907 2850 .
1933 2831 1956 2851 s,
1975 2820 2135 2851 Michaelis
2161 2819 2197 2850 de
2221 2820 2318 2850 Bosco

1302 2877 1459 2918 prioribus
1473 2883 1499 2907 et
1520 2900 1543 2907 ..
1560 2875 1733 2916 quardiano
1751 2876 1886 2914 sratrwn
1899 2874 2051 2904 ,vinorum
2068 2873 2316 2908 Bononiensium,
