2659 3242
86 217 125 246 88

104 357 174 386 1262

85 406 154 442 juin
171 405 217 433 20.

123 806 137 822 ))
194 806 208 821 ))

125 1196 139 1211 »
175 1185 219 1213 22.

126 1538 142 1554 »
178 1528 222 1555 25.

90 2016 196 2053 juillet
212 2016 238 2042 1.

134 2416 149 2432 »
220 2406 246 2433 6.

137 2707 150 2723 1)
223 2699 238 2724 7
244 2719 250 2725 .

139 2853 152 2869 ›)
233 2853 246 2867 »

248 354 365 383 Viterbe.

906 205 1060 235 TABLES
1085 204 1137 235 DU
1159 202 1361 234 REGISTRE
1384 201 1576 233 D'URBAIN
1600 201 1640 231 1v

1040 300 1114 326 Pngen.
1143 300 1250 319 Numerus.

440 353 605 383 Balduino,
625 350 807 386 imperatori
821 349 1037 376 Constantino·
1055 349 1060 383 1

407 402 597 437 nopolitauo.
617 399 758 427 coneedit
775 401 960 435 potestatem
974 405 1035 433 pro-

406 450 568 479 mittendi
595 452 628 477 et
650 448 768 480 dandi,
792 455 866 475 cuin
890 447 1038 475 consilio

404 498 662 534 archiepiscopi
693 496 982 531 Rotliomagensis
1008 498 1040 522 et

405 549 602 583 Agonnensis
630 546 780 582 episcopi,
807 545 959 580 quasdam
985 552 1040 580 pc—

405 598 571 625 cuniarum
590 603 729 623 summas
752 594 962 629 principibus,
982 593 1039 619 du—

405 647 494 673 cibus
511 648 541 672 et
559 645 633 672 aliis
653 645 741 678 regni
759 644 913 671 Franciae
933 642 1040 669 volen-

406 696 492 723 tibus
531 694 664 729 imperio
694 691 1040 727 Constantinopolitano

406 751 602 772 succurrere.

443 793 594 828 Episcopo
610 791 788 825 Agennensi
811 789 938 815 mandat
962 796 1040 823 qua—
1057 790 1061 820 1

408 846 498 869 tenus
515 841 586 868 illas
597 840 799 876 pecuniarum
815 846 953 864 summas
962 845 1041 872 quas

406 891 577 926 imperator
602 886 982 922 (1111181111)1111011111111111113,
1003 885 1040 912 de

406 941 508 975 ipsius
523 936 866 974 episssopiAgennensis
879 938 908 962 et
919 935 1039 962 archie-

407 989 524 1024 pis-copi
534 985 792 1020 l‘tzedlmuiagensis
802 984 944 1016 consilio,
956 983 1038 1019 prin-

401 1038 536 1073 cipibus.
552 1036 700 1066 ducibus,
715 1033 888 1060 comitibus
908 1036 938 1060 et
950 1033 1039 1060 baro-

406 1087 509 1115 nibus.
524 1094 578 1120 pro
589 1085 666 1111 dicti
683 1083 810 1117 imperii
825 1082 1042 1113 subventione,

409 1135 601 1170 promiserit,
618 1132 766 1159 exhibere
786 1131 862 1166 ipsis
878 1123 1038 1166 procuret.

440 1183 590 1215 JOl'dztnO,
615 1191 654 1209 ss.
685 1182 815 1208 Cosniae
840 1183 870 1207 et
895 1180 1061 1212 Damianil

406 1234 536 1260 diacono
549 1230 716 1265 cardinali,
735 1229 860 1257 mandat
878 1231 912 1256 ut
933 1230 1042 1263 inagis-

408 1285 455 1309 tro
487 1280 647 1310 Riccardo,
675 1278 847 1306 cardinalis
873 1287 896 1305 s.
927 1277 1040 1312 Angeli

407 1330 525 1365 nepoti,
535 1329 572 1356 de
585 1336 646 1355 uno
658 1328 709 1355 vel
720 1327 865 1362 pluribus
879 1327 1041 1354 beneficiis

408 1380 438 1406 in
474 1386 570 1412 regno
595 1377 739 1412 Angliae,
765 1376 803 1403 ad
839 1376 1039 1403 collationem

408 1426 635 1454 wintoniensis
679 1425 769 1452 electi
811 1424 1040 1460 spectantibus,

408 1476 572 1512 providere
592 1477 692 1501 curet.

443 1525 554 1552 Heliae
577 1524 613 1550 de
639 1522 841 1554 Estivanhas.
867 1522 981 1549 clerico
1008 1522 1062 1555 1111

409 1574 584 1601 minoribus
600 1573 786 1606 constitum,
803 1571 1042 1599 Lemovicensis

408 1623 554 1653 diocesis,
570 1621 798 1649 tabellionatus
815 1620 955 1647 officium
968 1627 1043 1647 con-

407 1672 501 1699 cedit.
937 1667 946 1678 ⁸

442 1719 563 1755 Populo
579 1718 778 1753 Guarcinati‚
793 1717 959 1745 Alatrinae
978 1718 1041 1745 dio·
1058 1718 1063 1751 1

408 1770 498 1803 cesis,
512 1772 621 1796 notum
642 1767 716 1795 facit
738 1775 768 1794 se
789 1774 952 1795 revocasse
974 1765 1046 1793 Ale-

409 1818 520 1845 xandri
545 1817 584 1843 IV
611 1816 736 1843 litteras
755 1815 872 1850 quibus
892 1815 1043 1842 Gratiano

409 1866 593 1900 BelmontiS,
610 1866 671 1892 civi
684 1865 834 1896 Romano,
846 1865 925 1891 duae
938 1867 1043 1899 partes

409 1917 618 1950 proventuum
636 1914 668 1940 in
684 1915 826 1948 ipsorum
845 1915 949 1940 castro
966 1913 1040 1939 assi-

411 1964 600 1999 gnabantur.

445 2012 629 2047 Regin-aldo,
652 2011 735 2038 dicto
759 2011 976 2045 Carumtempus,
997 2011 1065 2047 eka-1

414 2062 536 2096 pellano
553 2060 733 2096 apostolico,
754 2059 896 2086 concedit
913 2062 945 2086 ut
961 2067 1046 2094 prae-

414 2114 459 2138 ter
470 2109 762 2137 archidiaconatum
776 2109 897 2136 Belsiae
909 2109 940 2135 in
950 2108 1045 2136 eccle-

413 2160 460 2186 sia
479 2158 712 2189 Aurelianensi,
733 2166 841 2186 curam
867 2158 1047 2184 animarum

413 2209 590 2241 habentem,
613 2207 743 2234 unicum
771 2207 857 2234 aliud
886 2207 1047 2234 ecclesias-

414 2257 856 2289 tirumbenetichrnnetiamsi
866 2258 1048 2291 personatus

415 2307 462 2333 vel
484 2306 623 2340 dignitas
647 2306 761 2332 existat
782 2308 813 2332 et
834 2305 971 2331 similem
997 2313 1049 2331 cu-

418 2364 483 2383 ram
498 2355 621 2383 habeat.
641 2354 724 2382 licite
742 2355 879 2381 retinere
897 2353 1010 2381 valeat.

451 2404 529 2430 Cum
551 2403 720 2437 willelmo,
733 2403 844 2430 abbate
861 2402 1044 2429 monasterii
1062 2403 1066 2435 1

416 2453 452 2479 de
473 2452 677 2487 Middeltone,
694 2452 815 2479 ordinis
829 2460 852 2478 s.
874 2451 1048 2485 Benedicti,

417 2501 659 2528 saresbiriensis
673 2500 816 2532 diocesis,
827 2501 987 2534 dispensat
1002 2502 1047 2531 ut,

417 2559 473 2577 non
496 2551 638 2577 obstante
664 2549 789 2576 defectu
811 2549 978 2580 natalium,
1010 2549 1045 2575 ad

417 2600 605 2633 dignitatem
627 2598 837 2633 episcopalem
860 2599 976 2625 assumi
996 2606 1051 2624 va—

420 2649 491 2675 leat.

454 2697 641 2727 Joliannein,
678 2695 904 2723 cancellarium
938 2695 1051 2722 Ebora·
1068 2696 1072 2727 1

418 2754 552 2772 censam.
579 2745 774 2779 capellanum
800 2752 905 2779 suum,
935 2743 1052 2770 Winto-

419 2794 517 2820 niensi
536 2793 679 2828 praeficit
696 2793 857 2820 ecclesiae..

456 2842 605 2876 Episcopo
623 2842 766 2876 sagiensi
786 2841 912 2869 mandat
936 2843 1049 2875 quate·
1066 2842 1070 2873 1

421 2899 478 2917 nus
503 2891 665 2917 ecclesiam
690 2889 789 2916 sancti
814 2889 999 2924 Leodegarii
1021 2890 1051 2916 in

1110 348 1143 375 49
1160 348 1165 382 1
1203 347 1251 374 136

1112 787 1146 814 49
1164 788 1168 820 1
1205 787 1252 814 137

1112 1179 1146 1206 37
1163 1181 1168 1212 1
1202 1178 1252 1205 108

1111 1522 1147 1550 46
1163 1522 1168 1556 1
1206 1521 1256 1548 130

1113 1716 1287 1750 371111·

1116 2009 1173 2043 391
1206 2010 1258 2037 ’115

1119 2402 1153 2429 38
1189 2401 1262 2434 1113

1122 2695 1179 2727 401
1215 2695 1262 2721 117

1122 2840 1176 2874 381
1213 2839 1263 2866 112

1330 491 1398 518 '1262

1345 599 1359 613 >)

1311 931 1381 958 1262
1410 930 1628 964 Montefiascone.

1311 981 1384 1008 aout
1402 981 1430 1007 5.

1350 1136 1363 1151 Ὶ)

1349 1526 1363 1541 ))

1351 1723 1365 1739 )>

1351 1972 1364 1987 ))

1355 2314 1368 2328 ἢ

1357 2558 1370 2573 ))

1420 1136 1433 1150 ))

1402 1517 1447 1544 11.

1404 1713 1419 1740 10

1421 1713 1437 1740 Ν.)

1417 2548 1464 2577 31.

1474 490 1591 518 Viterbe.

1309 540 1418 574 juillet
1434 539 1477 566 11.

1429 589 1475 616 20.

2267 292 2342 319 Pagos.
2370 293 2478 312 Numeros.

1629 343 1792 379 Aquilina,
1819 342 2019 370 carnotensis
2055 341 2201 375 diocesis,
2239 341 2265 368 si

1629 400 1696 420 eam
1714 391 1907 419 Guillelmus
1927 395 2027 418 rector
2044 390 2197 424 resignat,
2214 389 2265 416 Ni-

1630 441 1717 468 colao
1735 441 1772 468 de
1790 440 1899 467 Esseio
1916 439 2066 466 conferat.

1668 489 1821 523 Magistro
1834 488 2033 523 Radulplium
2045 488 2082 514 de
2094 487 2264 521 Freninge-
2283 488 2287 518 Ι

1634 539 1704 565 llam
1723 538 1753 564 in
1771 537 1967 572 capellanum
1986 544 2079 564 suum
2096 536 2221 571 recipit.

1669 586 1912 621 Archiepiscopo
1927 586 2164 613 Tarentasiensi
2182 591 2265 611 man-
2282 585 2286 615 1
2337 583 2370 610 41
2388 584 2393 618 1
2426 583 2479 610 116

1631 636 1683 662 dat
1699 639 1857 672 quatenus
1877 635 1913 662 de
1930 635 2145 662 controversia
2163 637 2191 660 et
2212 633 2267 661 lite

1631 684 1713 710 inter
1732 683 1945 711 sedunensem
1964 682 2145 718 episcopum
2164 685 2193 708 et
2210 681 2266 709 Pe-

1631 735 1715 759 trum
1730 732 1766 758 de
1783 731 1941 759 Sabaudia
1958 734 2079 763 exorta,
2097 731 2265 758 veritatem

1631 782 1785 816 inquirat.
1803 788 1919 815 eosque
1942 779 2113 815 compellat
2130 783 2163 806 ut
2184 779 2268 806 infra

1630 830 1708 858 duos
1734 837 1854 856 menses
1875 837 1979 856 coram
2004 838 2085 864 papa
2109 836 2141 856 se
2165 827 2268 855 confe-

1631 883 1714 914 rant,
1729 879 1766 905 ‹le
1785 879 1823 906 iis
1839 878 2029 906 sententiam
2047 877 2219 912 recepturi.
2416 910 2420 912 .

1670 928 1910 958 Prmincialmu,
1925 927 2046 962 priores
2056 929 2084 953 et
2098 927 2212 953 [ratres
2221 933 2267 952 or·
2285 926 2290 957 1
2340 922 2398 955 431
2430 922 2483 951 122

1630 978 1713 1004 dinis
1730 978 1759 1004 11.
1773 977 1893 1004 Mariae
1907 977 1943 1003 de
1957 974 2220 1004 Monte-Carmeli
2238 974 2268 1001 in

1631 1027 1731 1054 Terra
1747 1028 1862 1053 Sancta
1877 1026 1917 1053 ab
1932 1025 2016 1052 omni
2030 1025 2268 1052 diocesanoruin

1631 1075 1852 1110 jurisdictione
1874 1074 1995 1101 eximit.

1667 1124 1909 1155 Provincialem‚
1939 1123 2060 1158 priores
2090 1125 2120 1149 et
2151 1122 2267 1148 fratres
2283 1120 2288 1154 1
2339 1119 2374 1147 45
2391 1120 2396 1152 1
2430 1119 2480 1146 127

1632 1173 1753 1200 ordinis
1768 1173 1797 1200 b.
1815 1172 1935 1199 Mariae
1955 1171 1990 1199 de
2009 1169 2268 1198 Monte-Carmeli

1632 1222 1662 1248 in
1687 1221 1907 1256 patriarchatu
1933 1220 2202 1255 Jerosolyinitano
2230 1219 2267 1246 ab

1632 1271 1718 1299 omni
1766 1270 1989 1305 jurisdictione
2028 1270 2269 1296 diocesanorum

1633 1319 1917 1354 exiiiiit‚rliriiiiens
1928 1318 2164 1345 conventionem
2175 1325 2268 1352 super

1633 1369 1829 1403 subjectione
1842 1369 1924 1394 inter
1939 1375 1990 1394 eos
2003 1370 2032 1394 et
2042 1367 2140 1394 bonae
2155 1373 2269 1393 memo-

1634 1419 1700 1445 riae
1719 1417 1992 1452 archiepiscopum
2013 1416 2184 1450 Tyrensem
2203 1414 2270 1442 fac-

1634 1469 1710 1494 tam.

1666 1513 2293 1551 EpiscopoPaphensilic-entiamconce-l
2343 1512 2399 1545 431
2433 1511 2484 1540 123

1635 1565 1682 1592 dit
1694 1565 1772 1592 duas
1786 1572 1934 1600 personas
1946 1565 1978 1591 in
1994 1563 2158 1590 canonicos
2175 1561 2271 1590 eccle-

1634 1615 1698 1641 siae
1714 1614 1888 1649 Paphensis
1899 1613 1997 1647 recipi
2010 1611 2145 1639 faciendi
2158 1619 2190 1638 ac
2201 1619 2270 1646 pro-

1638 1663 1766 1690 videndi
1786 1663 1831 1689 eis
1853 1663 1890 1690 de
1910 1661 2045 1696 singulis
2068 1660 2268 1696 praebendis.

1667 1712 1784 1739 Abbati
1812 1710 1995 1739 monasterii
2027 1717 2052 1738 s,
2090 1709 2271 1744 Theofredi,
2288 1710 2292 1741 Ι
2342 1708 2379 1736 44
2396 1708 2401 1740 Ι
2434 1706 2485 1735 126

1634 1761 1813 1789 Aniciensis
1841 1761 1986 1793 diocesis,
2008 1759 2136 1786 officiali
2164 1758 2271 1786 Claro-

1637 1811 1833 1838 montensiet
1849 1808 1998 1836 Durando
2012 1807 2049 1835 de
2064 1810 2206 1843 Sayssac,
2222 1815 2269 1834 ca-

1635 1860 1746 1888 nonico
1768 1858 1941 1888 Aniciensi‚
1965 1858 2126 1890 negotium
2143 1855 2271 1891 Lugdu-

1637 1909 1741 1937 nensis
1758 1908 1956 1935 camerariae
1977 1906 2158 1933 committit.

1668 1958 1773 1986 Priori
1797 1966 1821 1984 s.
1844 1955 2008 1982 Laurentii
2027 1953 2289 1987 Aurelianensisl

1639 2007 1768 2035 mandat
1793 2008 1951 2040 quatenus
1984 2003 2196 2039 praehendam
2230 2002 2262 2029 in

1639 2055 1771 2084 ecclesia
1816 2064 1841 2081 s.
1880 2053 1996 2080 Aniani
2042 2052 2188 2087 Philippo
2234 2051 2271 2077 de

1640 2102 1927 2138 Montegermondi.
1952 2102 2101 2128 canonico
2120 2100 2272 2127 ecclesiae

1641 2152 1837 2185 Peronensis,
1853 2150 1960 2186 nepoti
1979 2152 2024 2178 S..
2045 2149 2131 2177 tituli
2152 2157 2174 2176 s.
2195 2148 2273 2175 Cae-

1641 2203 1732 2230 ciliae
1756 2200 1935 2236 presbyteri
1963 2198 2145 2230 cardinalis,
2173 2197 2276 2225 eonfe-

1641 2255 1698 2278 rat.

1676 2300 1780 2328 Priori
1801 2297 1942 2333 generali
1963 2296 2086 2324 ordinis
2103 2296 2132 2323 b.
2153 2295 2274 2322 Mariae
2293 2295 2298 2328 1

1639 2350 1675 2376 de
1694 2346 1949 2376 Monte-Carmeli
1968 2345 2151 2372 facultatem
2169 2351 2276 2372 conce-

1639 2398 1684 2426 dit
1701 2396 1881 2424 absolvendi
1898 2395 2013 2422 fratres
2031 2395 2098 2429 qui,
2113 2402 2167 2428 pro
2184 2393 2279 2428 injec-

2338 485 2479 519 401116

2340 1951 2397 1986 431
2431 1952 2484 1980 124

2350 2286 2507 2328 451128‘

1641 2448 1724 2474 tione
1739 2453 1888 2472 manuum
1903 2445 1934 2471 in
1949 2452 1979 2471 se
1994 2444 2088 2479 ipsos,
2100 2450 2278 2469 excounnu-

1641 2494 1810 2523 nicationis
1830 2494 1976 2528 taqueum
1995 2493 2209 2519 incurrerunt.

1681 2545 1722 2570 lte
1750 2543 1958 2579 pecuniarum
1981 2549 2105 2568 summa
2128 2540 2167 2567 ab
2192 2540 2274 2566 Hen-
2294 2541 2300 2573 1

1642 2593 1716 2623 rico,
1757 2591 1982 2625 Lotliaringiae
2016 2592 2049 2617 et
2087 2588 2277 2616 Brabantiae

1640 2642 1731 2669 duce.
1755 2641 1785 2666 in
1803 2640 1919 2667 Terrae
1943 2642 2074 2666 sanetae
2099 2637 2277 2665 subsidium

1642 2690 1756 2725 legata,
1782 2688 2011 2716 ordinationem
2044 2687 2143 2714 mittit
2171 2678 2276 2713 abbati

1642 2738 1827 2766 monasterii
1850 2737 2062 2765 villariensis,
2086 2735 2280 2762 cistercien—

1644 2788 1689 2814 sis
1709 2787 1840 2816 ordinis.
1858 2789 1888 2812 et
1905 2786 2004 2820 priori
2030 2784 2165 2811 fratrum
2185 2784 2278 2811 Prae-

1643 2836 1819 2863 dicatorum
1846 2835 1876 2862 in
1904 2835 2054 2867 Lovanio,
2087 2833 2272 2860 Leodiensis

1641 2885 1784 2912 diocesis

2347 2537 2404 2574 441
2440 2538 2491 2567 125
