2659 3242
115 239 178 269 26‘2

140 488 215 518 1264

116 539 186 574 juil.
222 538 269 566 14.

300 488 428 517 Orvicto.

955 226 1126 258 TABLES
1147 226 1207 256 DU
1230 223 1449 255 REGISTRE
1470 222 1681 253 D’URBAIN
1704 221 1748 251 lv

1052 322 1138 346 Panes.
1154 319 1288 340 Numeros.

479 383 657 409 solitarum.

1079 424 1142 443 tome
1165 421 1194 443 ΙΙΙ

525 484 741 521 Quadraginta
773 483 838 510 dies
861 484 900 510 de
924 482 1068 516 injuncta
1090 481 1164 520 1331
1191 478 1292 518 12060

483 533 673 571 poenitentia
703 533 825 559 relaxat
854 531 1001 558 omnibus
1027 531 1083 566 qui

483 585 523 611 ad
543 582 705 609 ecclesiam
724 581 961 615 Legionensem,
981 580 1012 606 in
1030 580 1083 606 ho-

482 638 590 659 norem
621 631 650 657 b.
682 629 802 657 Mariae
832 628 970 661 Virginis
1000 628 1083 655 dica·

481 683 559 713 tam,
578 680 609 705 in
625 678 862 705 festivitatibus
882 677 1005 704 Natalis
1024 677 1085 702 Do-

481 728 569 761 mini,
580 727 789 762 Epiphaniae,
800 726 831 752 in
842 725 1006 751 Dominica
1016 724 1086 750 Pal-

482 784 616 809 marum,
642 782 763 802 necnon
790 774 821 800 in
848 773 1085 800 festivitatibus

485 823 737 852 Resurrectionis
765 822 941 849 dominicae
969 822 1001 848 et
1029 822 1085 847 As-

484 873 649 905 censionis,
676 872 890 903 pentecostes,
916 877 939 896 s.
966 870 1085 897 Johan-

485 922 534 949 nis
568 921 746 955 Baptistae,
784 926 824 946 ss,
862 918 1087 953 Apostolorum

487 971 573 998 Petri
597 971 630 997 et
655 968 755 1001 Pauli,
780 968 931 995 Omnium
957 967 1087 993 Sancto-

489 1027 570 1051 rum,
600 1017 818 1045 Dedicationis
853 1016 952 1050 ipsius
983 1015 1092 1049 Legio-

486 1068 590 1095 nensis
614 1066 761 1094 ecclesiae
784 1073 820 1092 ac
844 1065 997 1099 gloriosae
1019 1063 1087 1090 Vir-

492 1117 573 1151 ginis
593 1115 850 1142 solemnitatibus
869 1120 901 1139 se
920 1112 1093 1140 conferent.

1092 1159 1157 1180 tome
1178 1157 1208 1178 111

531 1223 687 1255 Rolando,
726 1221 878 1248 ecclesiae
903 1227 926 1246 s.
966 1219 1084 1246 Mariae
1103 1212 1180 1252 {4511
1205 1214 1305 1255 12707

492 1271 656 1299 Alatrinae
690 1269 855 1301 canonico,
892 1269 1025 1295 mandat
1060 1268 1095 1294 ut

492 1321 523 1347 in
563 1319 691 1347 ecclesia
732 1317 909 1345 cathedrali
949 1316 1094 1343 Alatrina

488 1369 673 1403 Gregorium
709 1367 868 1399 clericum,
904 1371 1089 1400 germanum

484 1418 658 1450 Thomasii,
688 1416 765 1444 dicti
798 1414 906 1448 Rubei,
937 1413 1094 1442 domicelli

486 1463 811 1499 Alatrini,{familiaris
823 1464 938 1491 nobilis
948 1463 1007 1490 viri
1021 1463 1094 1489 Ani-

489 1516 586 1549 baldi,
604 1515 730 1550 nepotis
746 1515 798 1547 R,
816 1521 840 1540 s.
860 1513 972 1547 Angeli
989 1512 1093 1539 diaco-

488 1566 521 1593 ni
536 1564 714 1597 cardinaliS‚
730 1563 826 1597 recipi
841 1562 938 1589 faciat
954 1562 985 1588 in
1000 1567 1092 1588 cano-

492 1615 608 1642 nicum.

1089 1658 1153 1678 tome
1175 1655 1206 1677 111

530 1720 629 1747 Priori
657 1720 695 1746 de
720 1718 862 1750 Catusio,
876 1716 1080 1745 Caturcensis
1097 1710 1103 1751 1
1120 1715 1181 1742 458
1201 1710 1206 1750 1
1221 1712 1302 1741 2725

491 1769 635 1802 diocesis,
677 1768 808 1795 mandat
849 1768 885 1793 ut
925 1765 1094 1793 Guillelmo

493 1818 670 1850 Daornhat,
686 1816 879 1843 subdiacono
906 1814 1093 1849 apostolico,

495 1866 645 1894 ecelesiae
688 1864 888 1892 caturcensis
932 1862 1095 1896 canonico,

495 1917 535 1943 de
562 1914 741 1949 praebenda
772 1913 833 1939 sibi
851 1912 962 1939 debita
991 1910 1096 1946 provi-

492 1965 576 1991 deat.

1093 2007 1157 2028 tome
1179 2005 1209 2028 ΙΙΙ

542 2059 684 2087 Licentia
705 2058 847 2085 testandi
858 2058 897 2084 de
917 2057 1008 2084 bonis
1020 2063 1084 2083 mo·
1104 2054 1184 2094 1446
1205 2053 1306 2094 12776

496 2109 612 2136 bilibus
627 2108 775 2143 episcopo
792 2105 1009 2134 Lemovicensi
1024 2112 1098 2132 con-

494 2158 627 2186 ceditur.

1095 2202 1159 2223 tome
1180 2200 1210 2223 111

539 2256 700 2283 Bernardo
730 2254 859 2281 Albonii
875 2253 1019 2287 indulget
1050 2253 1085 2279 ut
1105 2250 1186 2292 1467
1206 2246 1303 2287 12781

497 2306 623 2341 praeter
637 2304 800 2331 ecclesiam
815 2302 1044 2337 parrochialem
1059 2302 1098 2328 de

492 2355 619 2387 Cassae,
664 2360 773 2379 curam
818 2352 997 2378 animarum
1042 2352 1095 2378 ha-

498 2404 636 2435 bentem,
662 2409 760 2428 unuin
784 2401 888 2427 adhuc
912 2399 1101 2427 ecclesiasti-

499 2459 570 2479 cum
590 2450 780 2477 beneficium
803 2449 870 2475 sine
894 2456 967 2476 eura
986 2449 1102 2483 recipe-

498 2508 531 2527 re
549 2508 584 2527 ac
601 2500 696 2526 libere
713 2499 847 2526 retinere
864 2498 980 2525 valeat.

1101 2545 1165 2566 tome
1186 2543 1217 2566 ΠΙ

547 2598 708 2625 Bernardo
734 2597 772 2623 de
799 2595 1089 2630 MontepessulanO,
1112 2593 1191 2633 1467
1213 2591 1313 2633 12782

503 2646 617 2674 rectori
640 2645 787 2672 ecclesiae
810 2646 848 2672 de
872 2646 1014 2677 Lezerac,
1048 2646 1105 2671 Le-

506 2695 693 2723 movicensis
720 2694 861 2726 diocesiS,
890 2693 999 2727 nepoti
1025 2693 1106 2728 epis-

507 2744 577 2779 copi
612 2743 845 2771 Lemovicensis
880 2742 1023 2776 indulget
1059 2743 1105 2775 ut,

505 2794 631 2828 praeter
650 2792 811 2819 ecclesiam
831 2792 870 2818 de
890 2793 1031 2824 Lezerac‚
1052 2797 1104 2817 cu-

507 2849 575 2869 ram
599 2841 776 2868 animarum
801 2840 982 2872 habentem,
1007 2846 1106 2866 unum

509 2891 594 2918 aliud
632 2888 821 2916 beneficium
859 2887 1107 2916 ecclesiasticum

2282 312 2369 336 Pane-s.
2384 310 2520 332 Numeros.

1710 371 1776 397 sine
1795 377 1869 397 cura
1890 370 2026 404 recipere
2047 376 2082 396 ac
2103 369 2238 396 retinere
2251 375 2307 395 va-

1710 419 1784 446 leat.

1755 477 1899 504 Fratrem
1927 476 2114 507 walterum,
2136 475 2257 502 dictum
2285 474 2320 501 de
2340 472 2419 513 1327
2442 472 2522 511 1687

1714 524 1871 557 Calabria,
1903 525 1941 551 de
1972 524 2081 550 ordine
2112 524 2313 551 Praedicato-

1716 581 1796 608 rum,
1815 573 1989 602 Gabulensi
2009 572 2155 607 praeficit
2175 572 2312 599 ecclesie.

1370 476 1444 505 1264
1530 477 1658 506 Orvieto.

1346 527 1414 560 juil.
1451 528 1497 554 15.
1568 542 1607 546 -—

1757 633 1795 660 In
1819 638 1845 658 e.
1871 639 1912 657 m.
1931 631 2012 657 clero
2032 630 2163 657 diocesis
2186 631 2217 656 et
2240 630 2315 657 civi-

1715 681 1794 710 tatis
1827 680 2066 708 Gabulensium.

1757 730 1792 757 ln
1819 736 1844 756 e.
1873 737 1913 755 m.
1941 729 2058 764 populo
2089 727 2318 755 Gabulensium

1713 778 1856 806 civitatis
1883 780 1916 805 et
1944 777 2085 804 diocesis.

1571 880 1611 884 -—
1759 863 1917 898 Episcopo
1943 861 2095 889 Gurcensi
2119 861 2252 888 mandat
2278 861 2324 894 ut,
2345 858 2424 899 1333
2447 859 2528 898 1705

1719 911 1926 947 inquisitione
1965 910 2163 945 praehabita,
2205 915 2321 936 munus

1720 960 1949 988 benedictionis
1997 960 2161 994 impendat
2210 958 2322 986 abbati

1721 1010 1821 1037 electo
1844 1008 2028 1036 monasterii
2050 1007 2251 1040 Olziacensis,
2275 1014 2323 1034 or-

1724 1059 1807 1086 dinis
1827 1065 1850 1085 S.
1871 1057 2047 1089 Benedicti,
2069 1055 2324 1091 salzeburgensis

1724 1107 1866 1135 diocesis.

1464 1221 1509 1247 15.
1581 1235 1620 1240 —
1767 1220 1976 1250 potestatem,
2012 1217 2226 1252 capitaneum,
2258 1222 2331 1243 con·
2352 1214 2430 1255 1413
2454 1214 2534 1254 1859

1726 1268 1830 1295 silium
1848 1269 1880 1294 et
1897 1273 2064 1294 commune
2082 1266 2259 1298 Perusinos,
2278 1271 2327 1292 ee-

1724 1316 1837 1343 clesiae
1872 1315 1991 1347 fideles,
2033 1316 2180 1341 hortatur
2219 1320 2326 1340 exsur-

1725 1366 1802 1399 gant
1836 1365 1876 1391 ad
1909 1363 2161 1390 subveniendum
2194 1361 2327 1389 necessi-

1726 1413 1849 1440 tatibus
1869 1413 2016 1440 ecclesiae
2036 1413 2200 1439 Romanae
2220 1411 2329 1446 eisque

1724 1463 1856 1490 nunciat
1871 1469 1903 1489 se
1917 1462 1956 1489 ad
1971 1468 2024 1488 eos
2037 1463 2085 1494 0.,
2101 1460 2203 1488 sancti
2215 1460 2327 1487 Adria-

1726 1512 1758 1539 ni
1791 1512 1961 1539 diaconum
1995 1510 2197 1542 cardinalem,
2231 1508 2329 1536 desti-

1723 1568 1808 1588 nare.

1769 1620 1805 1645 ln
1846 1619 1980 1645 eundem
2013 1618 2143 1644 modum
2187 1617 2329 1651 potesta-

1727 1668 1824 1701 tibuS,
1841 1667 2027 1702 capitaneis,
2044 1666 2181 1693 consiliis
2197 1667 2229 1692 et
2245 1672 2329 1692 com-

1726 1717 1876 1744 munibus
1908 1720 1924 1744 '1
1937 1715 2091 1743 udertinis
2115 1716 2146 1741 et
2170 1714 2327 1741 Assisina-

1726 1766 1823 1799 tibus,
1850 1765 2049 1800 singulariter
2074 1764 2214 1791 cuilibet.

1581 1881 1621 1885 -—
1770 1865 1980 1895 potestatem,
1994 1863 2208 1897 capitaneum,
2223 1868 2296 1889 con·
2317 1859 2322 1899 1
2337 1860 2395 1888 413
2420 1859 2424 1897 1
2441 1856 2542 1887 859δῐ3

1729 1913 1833 1940 silium
1850 1914 1882 1938 et
1900 1918 2067 1939 commune
2086 1912 2275 1938 Narnienses
2291 1909 2330 1936 si-

1726 1962 1845 1988 militer
1862 1962 2009 1987 hortatur
2026 1960 2133 1995 eisque
2150 1959 2281 1986 nunciat
2298 1965 2331 1985 se

1727 2011 1767 2037 ad
1787 2017 1840 2036 eos
1859 2009 2064 2039 Anibaldum,
2086 2008 2235 2035 basilicae
2254 2009 2331 2035 duo-

1728 2059 1830 2086 decim
1861 2059 2077 2093 apostolorum
2108 2058 2330 2091 presbyterum

1729 2107 1923 2135 cardinalem
1973 2106 2142 2133 destinare.

1582 2222 1622 2226 —
1768 2202 2305 2237 Polestatem,capitaneum‚consi-
2325 2199 2331 2239 1
2346 2200 2404 2228 413
2425 2195 2431 2235 Ι
2448 2199 2545 2228 8591ϋ

1728 2254 1804 2280 lium
1831 2254 1862 2279 et
1889 2258 2055 2279 commune
2082 2251 2270 2286 spoletanos
2295 2250 2334 2276 si-

1730 2303 1848 2329 militer
1881 2302 2028 2328 hortatur
2061 2301 2168 2335 eisque
2201 2299 2332 2326 nunciat

1731 2359 1762 2378 se
1787 2352 1827 2379 ad
1852 2358 1903 2377 eos
1930 2352 1981 2382 M„
2006 2351 2136 2377 sanctae
2159 2349 2277 2376 Mariae
2301 2348 2333 2374 in

1732 2401 1861 2427 Porticu
1876 2400 2045 2427 diaconum
2059 2398 2251 2426 cardinalem
2265 2398 2335 2425 des-

1733 2450 1847 2477 tinare.

1589 2539 1626 2543 —
1772 2524 1822 2554 0.,
1859 2520 1961 2547 sancti
1997 2519 2129 2546 Adriani
2151 2519 2320 2546 diaconum
2341 2516 2420 2556 1414
2461 2511 2546 2551 1860

1734 2570 1937 2602 cardinalem,
1956 2570 1994 2595 ad
2016 2567 2338 2600 Perusinamffuder-

1735 2619 1837 2646 tinam
1873 2620 1906 2645 et
1943 2617 2151 2644 Assisinatem
2187 2616 2336 2643 civitates

1737 2668 1890 2699 destinat,
1925 2668 1964 2694 ad
1999 2666 2248 2701 praedicandum
2283 2664 2337 2691 ad-

1736 2724 1846 2744 versus
1874 2715 2075 2743 Manfredum
2104 2715 2237 2741 verbum
2266 2720 2335 2740 cru-

1738 2772 1792 2793 cis.

1604 2854 1639 2857 --
1769 2835 1973 2867 anibaldum,
1986 2833 2306 2867 basilicaexnapos-
2325 2826 2331 2867 1
2347 2831 2405 2858 414
2425 2825 2431 2865 1
2448 2827 2551 2858 86οω

1742 2884 1880 2912 tolorum
1904 2884 2125 2918 presbyterum
2137 2881 2340 2914 cardinalem,
