2519 3262
1081 157 1320 195 TROIStEME
1351 155 1512 192 ANNEE.

265 246 392 280 integros
415 248 567 280 proventus
587 246 792 273 beneficiorum
814 255 829 273 a
845 246 1007 278 Guitlclmo,
1030 246 1211 273 thesaurario
1230 248 1274 273 Sc·
1298 252 1299 258 ¹

263 295 397 326 nonensi,
426 302 568 329 germano
589 295 664 329 regis
690 295 834 328 Navarrae,
854 295 1049 328 obtentorum,
1072 303 1127 321 non
1141 295 1273 321 obstante

264 343 325 378 ejus
341 343 481 370 absentia.
492 343 552 379 ejus
564 343 690 377 nomine,
706 343 856 377 recipiant.
872 344 950 378 (Res.
965 344 1008 376 -.9,
1022 343 1068 369 sol.
1079 343 1139 370 110.
1154 348 1185 369 11ο
1198 343 1274 376 353.)

304 460 319 478 (‹
354 474 358 479 .
389 474 394 480 .
427 449 529 478 abbati
560 449 656 479 Vallis
688 449 809 479 Secreta
841 449 1128 478 premonstratensis
1160 453 1187 477 et
1222 472 1227 478 .

261 502 363 541 priori
387 502 423 532 (Ie
455 502 615 536 couciaco,
642 501 851 532 Cluniaceusis
873 500 1026 535 ordinum,
1053 501 1274 531 Snessionensis

264 555 400 585 diocesis.
431 555 601 585 Habentes
636 563 714 593 erga
739 563 919 592 personam
945 554 1059 584 dilecti
1091 554 1153 584 filii
1182 555 1275 585 Guil-

266 609 372 643 lelmi,
399 607 601 639 thesaurarii
624 607 840 642 Senonensis,
868 607 1020 646 germani
1046 607 1220 637 karissimi
1240 608 1273 637 in

265 661 399 692 Christo
421 661 484 690 filii
507 660 627 696 nostri,
647 660 736 699 regis
758 660 908 690 Navarre
935 660 1092 695 illustris,
1114 661 1273 699 specialis

263 713 490 745 benivolentie
500 713 694 752 puritatem,
708 713 845 751 dignum
860 713 1019 743 duximus
1032 715 1068 743 ut
1082 714 1273 752 ipsum,hoe
1296 727 1297 730 ¹

263 776 300 798 eo
316 767 416 797 etiam
433 774 499 796 uon
518 767 664 804 petente,
685 765 857 795 favoribus
877 766 1074 804 apostolicis
1097 768 1129 796 et
1148 767 1273 805 specia-

262 819 353 849 libus
375 819 493 858 gratiis
516 818 721 848 attollamus
739 819 784 849 Ut
803 818 906 857 igitur
925 821 1101 857 paternum
1117 820 1272 849 affectum

263 881 364 911 quem
381 880 459 911 erga
474 880 549 902 eum
567 871 729 910 gerimus,
750 872 874 902 sentiat
892 871 926 901 in
943 872 1072 908 effectu,
1088 872 1181 902 illam
1200 881 1272 911 per-

263 934 344 956 sone
374 934 434 956 sue
463 925 645 964 specialem
673 925 816 964 gratiam
849 925 1015 964 impertiri
1044 926 1194 956 volentes
1219 926 1271 956 cui

263 978 411 1008 similem
428 978 547 1008 facturi
563 977 664 1008 alicui
683 977 741 1008 alii
760 987 826 1008 non
842 987 1007 1015 essemus
1025 979 1195 1009 devotioni
1212 988 1271 1010 sue

262 1033 298 1062 ut
332 1033 517 1070 proventus
543 1031 756 1070 prepositure
787 1040 824 1061 ac
849 1031 1018 1070 prebende
1043 1041 1103 1062 sue
1132 1033 1272 1063 ecclesie

263 1085 372 1115 sancti
396 1084 534 1115 Martini
554 1084 775 1120 Turonensis,
797 1085 831 1114 in
850 1094 914 1123 qua
931 1085 1048 1116 existit
1065 1087 1272 1124 prepositus

263 1140 294 1169 et
311 1138 456 1169 aliorum
473 1137 712 1168 beneficiorum
733 1146 796 1177 que
818 1147 905 1168 nuno
922 1138 1050 1169 obtinet
1072 1141 1103 1169 et
1121 1140 1272 1170 decetero

262 1192 421 1222 canonice
447 1192 660 1230 assequetur,
684 1200 760 1221 cum
788 1200 868 1221 cura
896 1193 927 1222 et
955 1192 1028 1223 sine
1050 1201 1128 1223 cura
1147 1194 1272 1223 anima-

262 1254 349 1282 rum,
366 1245 580 1283 ubicumque,
599 1245 631 1274 111
645 1244 798 1275 absentia
811 1245 924 1282 etiam,
939 1245 973 1275 in
991 1246 1062 1276 loco
1080 1245 1137 1276 ubi
1151 1246 1273 1277 benefi-

263 1299 371 1328 ciatus
394 1298 512 1328 existit
535 1307 594 1328 seu
621 1298 723 1328 etiam
753 1307 829 1328 eum
859 1298 1053 1329 beneficiari
1081 1300 1270 1339 contigerit,

264 1351 352 1381 infra
373 1360 486 1381 sacros
510 1351 656 1385 ordines,
678 1360 752 1381 cum
773 1360 810 1381 ea
827 1352 1019 1390 integritate
1040 1353 1147 1390 poss-it
1165 1353 1273 1391 perci-

264 1412 341 1442 pere
361 1413 436 1434 cum
454 1413 519 1443 qua
535 1404 612 1434 illos
629 1404 815 1443 perciperet
833 1405 860 1434 si
880 1405 912 1434 in
930 1406 1083 1436 ecclesiis
1100 1406 1132 1435 in
1148 1406 1272 1445 quibus

263 1458 514 1496 preposituram
540 1459 571 1488 et
596 1457 759 1488 beneficia
775 1457 849 1496 ipsa
876 1457 1002 1488 obtinet
1020 1460 1050 1488 et
1067 1459 1168 1489 etiam
1189 1459 1272 1489 01111-

263 1509 367 1543 nebit⁷
386 1510 610 1548 personaliter
626 1510 800 1545 resideret,
819 1518 854 1539 ac
873 1510 1008 1540 interim
1026 1511 1065 1541 ad
1085 1511 1271 1541 faciendam

264 1564 297 1593 in
326 1564 411 1602 ipsis
434 1563 587 1593 ecclesiis
610 1563 755 1601 primam
772 1562 822 1592 vcl
843 1563 945 1593 aliam
963 1572 1209 1603 quamcumque
1224 1573 1271 1595 re-

263 1617 444 1646 side-uttam
477 1616 528 1646 vel
554 1625 667 1646 sacros
696 1616 932 1654 suscipiendos
967 1617 1101 1647 ordines
1132 1617 1271 1648 minime

264 1671 428 1705 teneatur,
455 1678 513 1699 nec
532 1669 689 1708 compelli
709 1669 817 1707 possit
836 1669 974 1703 invitus,
996 1670 1096 1700 etiam
1116 1672 1271 1708 pretextu

262 1723 455 1761 aliquarum
483 1723 673 1752 litterarum
694 1722 745 1752 vel
772 1722 1058 1761 indulgentiarum
1076 1723 1163 1753 dicte
1180 1724 1272 1754 sedis

263 1785 322 1806 seu
342 1776 529 1815 legatorum
557 1775 663 1814 ipsius
686 1775 942 1813 impetratarum
964 1775 1124 1806 hactenus
1142 1777 1194 1806 vel
1211 1777 1270 1806 im—

263 1830 501 1868 petraudarum
517 1829 682 1863 decetero,
703 1829 803 1858 etiam
827 1829 855 1858 si
873 1829 1002 1858 dicatur
1028 1829 1061 1858 in
1082 1829 1167 1868 ipsis
1183 1830 1270 1868 quod

262 1883 311 1913 eis
332 1892 397 1913 non
424 1882 531 1921 possit
554 1890 613 1921 per
627 1882 759 1920 aliquas
782 1882 916 1912 litteras
946 1883 1152 1920 apostolicas
1178 1883 1271 1913 dero-

262 1937 344 1975 gari,
372 1937 439 1966 nisi
455 1936 569 1966 eedem
586 1935 697 1965 littere
715 1937 747 1965 et
773 1936 981 1974 indulgentia
1005 1936 1096 1966 sedis
1119 1936 1271 1975 ejusdem

263 1990 484 2028 imposterum
514 1989 723 2027 impetrande
749 1988 883 2027 plenam
908 1991 938 2019 et
959 1997 1156 2027 expressam
1176 1999 1212 2020 ac
1231 1990 1271 2020 de

261 2042 365 2073 verbo
383 2043 423 2073 ad
445 2041 585 2072 verbum
611 2042 650 2072 de
669 2042 799 2072 indulto
814 2041 1009 2080 hujusmodi
1028 2043 1166 2072 fecerint
1183 2051 1271 2073 men-

261 2096 399 2132 tionem,
430 2104 496 2126 non
526 2095 739 2126 obstantibus
765 2095 1034 2134 quibuscumque
1056 2095 1271 2126 consuetudi-

262 2149 361 2179 nibus
386 2149 437 2179 vel
466 2148 614 2183 statutis,
641 2148 872 2187 jurejurando,
900 2148 1155 2179 confirmatione
1179 2149 1271 2179 sedis

261 2202 410 2241 predicte
427 2203 483 2232 aut
498 2201 564 2232 alia
581 2201 700 2240 quavis
721 2201 877 2231 firmitate
893 2201 1040 2237 vallatis,
1059 2202 1216 2240 precipue
1231 2202 1271 2232 de

261 2255 341 2294 ligia
363 2257 420 2285 aut
438 2255 557 2294 quavis
575 2254 640 2284 alia
656 2254 838 2284 residentia
862 2254 895 2283 in
916 2255 988 2293 ipsa
1005 2255 1111 2285 sancti
1131 2255 1270 2285 Martini

261 2310 293 2338 et
309 2308 385 2338 aliis
408 2308 561 2338 ecclesiis
587 2307 750 2343 facienda,
770 2315 829 2337 seu
848 2316 1060 2346 quocumque
1078 2308 1270 2347 juramento

261 2369 321 2400 per
340 2369 375 2390 se
392 2361 444 2390 vel
463 2361 713 2399 procuratorem
726 2368 823 2390 suum
844 2361 984 2398 prestito
1002 2361 1054 2391 vel
1073 2362 1268 2400 prestando,

262 2413 409 2443 maxime
428 2414 466 2444 de
487 2422 551 2443 non
570 2412 761 2451 recipiendo
778 2413 812 2442 in
831 2413 984 2444 absentia
1004 2414 1111 2444 dictos
1129 2423 1272 2453 proven-

262 2468 316 2497 tus
335 2468 366 2497 et
382 2475 449 2496 non
472 2466 682 2505 impetrando
711 2475 770 2505 per
797 2475 831 2496 se
857 2466 909 2496 vel
934 2475 993 2505 per
1021 2467 1125 2497 alium
1156 2470 1271 2498 contra

261 2520 322 2551 hoc
354 2520 485 2550 litteras
521 2519 723 2558 apostolicas
756 2528 816 2550 nec
842 2521 964 2551 utendo
998 2521 1189 2559 impetratis
1217 2521 1270 2552 vel

262 2573 364 2604 etiam
381 2573 615 2611 impetrandis,
635 2573 834 2603 auctoritate
849 2573 1035 2611 apostolica
1051 2574 1270 2604 duximusin-

262 2626 480 2665 dulgendum,
504 2626 617 2664 ipsum
634 2625 675 2656 ab
696 2625 911 2656 observantia
926 2626 1196 2665 juramentorum
1213 2628 1269 2658 hu-

258 2680 408 2720 jusmodi
425 2678 630 2710 absolvendo
646 2679 685 2709 de
701 2679 884 2717 apostolice
896 2679 1106 2717 plenitudine
1123 2682 1270 2720 potesta-

261 2733 317 2763 tis.
333 2732 703 2768 Quociroamandamus
719 2733 886 2770 quatenus
895 2741 954 2762 vos
965 2733 1110 2764 velalter
1120 2735 1270 2764 vestrum

262 2786 391 2816 fructus
413 2787 444 2816 et
466 2787 649 2825 proventus
670 2785 863 2823 hujusmodi
881 2785 969 2816 dicto
989 2785 1199 2818 thesaurario
1217 2787 1270 2818 vel
1294 2775 1295 2789 ³

263 2840 336 2878 ejus
359 2838 646 2878 procuratoribus,
671 2847 731 2868 suo
760 2838 905 2872 nomine,
922 2838 1019 2877 juxta
1041 2841 1271 2870 concessionis

2280 168 2328 195 171

1327 246 1440 275 nostre
1466 246 1629 279 tenorem,
1660 244 1790 273 faciatis
1817 253 1875 282 per
1902 253 1961 274 vos
1994 245 2046 275 vel
2074 254 2131 283 per
2149 247 2251 276 alium
2272 257 2329 277 seu

1327 298 1412 327 alios
1444 297 1571 335 integre
1598 297 1798 326 ministrari.
1835 298 2105 327 Contradictores
2133 301 2193 328 etc.
2225 309 2330 338 usque

1326 350 1580 388 compescendo.
1605 350 1678 379 Non
1702 349 1853 380 obstante
1877 366 1925 378 —.
1951 351 2072 380 Datum
2091 352 2176 389 apud
2196 351 2331 381 Urbem-

1327 404 1484 437 veterem,
1501 402 1655 432 kalendis
1675 402 1845 439 februarii,
1865 412 1950 432 anno
1969 403 2079 433 tertio.
2098 414 2112 431 1)

1420 592 1513 623 13θὶ

1861 592 1983 621 (111-1010,
2005 593 2035 619 31
2052 592 2164 626 jamri-r
2184 593 2258 619 tufi.

1360 675 1461 702 Abbati
1488 675 1656 701 monasterii
1685 684 1707 701 s.
1728 675 1841 702 Martini
1871 676 2096 710 GlandaricnsiS,
2119 677 2251 703 Nlctcnsis
2274 678 2330 704 dio-

1324 724 1408 756 cesis,
1426 724 1543 750 mandat
1563 726 1592 750 ut
1609 724 1744 750 ,1115011110
1760 725 1792 750 de
1809 724 2020 759 Wokcrungcn,
2040 726 2176 752 canonico
2193 726 2331 753 ecclcsiae

1325 782 1347 799 s.
1367 773 1516 807 symwnis
1534 772 1726 804 Trevcrensis,
1745 774 1778 799 de
1794 773 1888 807 aliquo
1902 777 2053 807 111-1501111111
2072 775 2227 808 provideat.
2250 775 2328 802 ‹Reffi

1324 823 1367 849 ·.9,
1386 822 1433 848 sol.
1452 822 1500 848 111)
1515 827 1549 854 w,
1567 826 1599 847 [1ο
1614 822 1689 856 351.)

1365 946 1433 966 (1..
1456 935 1559 964 abbati
1592 935 1768 964 monasterii
1802 936 1900 964 sancti
1934 936 2062 965 ⁴llarlini
2089 935 2329 973 Glandariensis,

1325 988 1468 1018 illelcnsis
1492 988 1627 1018 (isflomis.
1648 988 1809 1018 Volentes
1826 988 1985 1018 dilectum
2004 989 2111 1018 filium
2130 990 2329 1019 Anselmum

1325 1041 1364 1071 de
1382 1041 1639 1079 XVokerungen,
1655 1041 1852 1070 canonicum
1870 1041 2010 1070 ecclesie
2028 1041 2133 1070 sancti
2152 1041 2331 1080 Symeonis

1325 1094 1557 1129 Treverensis,
1577 1093 1675 1124 nobis
1696 1094 1735 1123 de
1754 1093 1930 1124 nobilitate
1949 1102 2079 1124 morum
2097 1096 2128 1124 et
2145 1095 2279 1132 generis
2295 1103 2330 1124 ac

1325 1147 1513 1177 litterarum
1528 1147 1669 1177 scientia
1684 1147 1967 1182 connuemtatum,
1986 1148 2015 1177 et
2028 1156 2088 1186 pro
2106 1156 2170 1186 quo
2189 1147 2331 1177 dilectus

1327 1200 1417 1230 silius
1434 1200 1559 1230 nobilis
1575 1200 1645 1230 vir.
1667 1225 1672 1230 .
1693 1201 1761 1230 dux
1784 1200 2014 1239 Lothoringie,
2030 1209 2066 1230 ae
2085 1225 2090 1229 .
2111 1223 2116 1229 .
2135 1209 2246 1230 comes
2266 1200 2331 1230 Lu-

1324 1253 1567 1292 celburgensis‚
1597 1254 1630 1283 et
1655 1253 1776 1283 dilecta
1799 1253 1832 1282 in
1860 1253 1993 1283 Christo
2022 1253 2092 1283 filia
2116 1253 2241 1283 nobilis
2264 1262 2331 1283 mu—

1324 1307 1386 1337 lier
1410 1332 1416 1337 .
1442 1330 1447 1336 .
1469 1307 1605 1336 ducissa
1631 1306 1858 1345 Lotlioringie,
1876 1315 1935 1345 per
1969 1315 2048 1336 suas
2074 1306 2171 1337 nobis
2200 1307 2331 1337 litteras

1324 1360 1499 1390 humiliter
1526 1359 1771 1398 supplicarunt,
1795 1360 1956 1398 prosequi
1990 1359 2100 1389 favore
2128 1360 2233 1398 gratie
2261 1368 2331 1398 spc-

1323 1413 1432 1449 cialis,
1457 1413 1652 1442 discretioni
1673 1414 1727 1442 tue
1750 1413 1949 1442 mandamus
1969 1414 2135 1451 quatenus
2153 1413 2261 1442 eidem
2280 1422 2330 1443 ca-

1325 1466 1455 1501 nonico,
1485 1465 1666 1495 dummodo
1694 1465 1738 1495 sit
1764 1465 1925 1504 ydoneus,
1953 1465 1992 1495 de
2018 1465 2131 1504 aliquo
2148 1467 2329 1504 personatu

1322 1519 1375 1549 vel
1395 1518 1505 1548 officio
1531 1527 1596 1548 11011
1622 1518 1765 1548 habente
1792 1527 1906 1548 curam
1931 1518 2120 1548 animarum
2151 1527 2327 1552 annexam,

1323 1572 1353 1601 si
1373 1574 1469 1601 vacat
1497 1571 1537 1600 ad
1565 1580 1704 1609 presens
1730 1571 1761 1600 in
1780 1571 1897 1601 eadem
1923 1571 2065 1601 ecclesia
2090 1571 2141 1600 vel
2159 1572 2328 1610 quampri-

1323 1633 1415 1654 mum
1435 1624 1474 1654 ad
1495 1624 1525 1654 id
1546 1633 1580 1653 sc
1602 1623 1743 1653 facultas
1765 1623 1934 1658 obtulerit,
1959 1632 2017 1662 per
2033 1626 2064 1654 te
2082 1624 2133 1654 vel
2151 1633 2208 1662 per
2224 1625 2327 1654 alium

1323 1677 1521 1708 auctoritate
1540 1678 1653 1706 nostra
1664 1677 1839 1714 providere
1856 1686 2025 1715 procures,
2038 1677 2198 1707 inducens
2218 1677 2327 1715 ipsum

1324 1731 1356 1760 in
1376 1730 1585 1768 corporalem
1614 1729 1807 1768 hujusmodi
1837 1732 2037 1768 personatus
2061 1731 2115 1760 aut
2134 1730 2236 1760 ot'ticii
2255 1739 2328 1768 pos-

1324 1783 1512 1813 sessionem
1543 1785 1572 1812 et
1592 1782 1778 1812 defendens
1805 1783 1990 1812 inductum.
2012 1783 2087 1813 Non
2116 1783 2268 1813 obstante
2301 1783 2328 1812 si

1324 1836 1525 1874 scripsimus
1557 1835 1681 1865 ibidem
1702 1844 1760 1874 pro
1788 1835 1864 1865 aliis
1893 1844 1994 1874 super
2021 1836 2189 1865 consimili
2210 1836 2327 1874 gratia,

1324 1888 1447 1928 quibus
1477 1897 1535 1927 per
1569 1888 1628 1918 hoc
1655 1888 1813 1918 nolumus
1849 1889 2071 1927 prejudicium
2100 1889 2251 1927 generari
2278 1906 2328 1919 —.

1323 1941 1596 1973 Contradictores
1614 1943 1676 1971 etc.
1703 1950 1808 1980 usque
1831 1942 2082 1980 compescendo.
2103 1942 2225 1971 Datum
2243 1942 2330 1980 apud

1324 1995 1612 2030 Urbemveterem,
1635 2004 1654 2024 11
1673 1995 1834 2025 kalendas
1852 1994 2024 2029 februarii,
2041 2004 2126 2024 anno
2145 1995 2254 2025 tertio.
2276 2005 2290 2023 »

1892 2179 2016 2209 Orvieto,
2031 2180 2046 2205 5
2064 2178 2166 2205 [ι’-11101·
2182 2179 2256 2205 12111.

1415 2182 1429 2211 1
1438 2181 1510 2212 305

1359 2264 1490 2291 Sacristae
1511 2263 1692 2290 Noximuvm
1724 2264 1839 2289 mandat
1865 2263 2029 2297 episcopum
2046 2266 2072 2289 ct
2087 2263 2242 2297 capitulum
2261 2264 2330 2289 Mas-

1323 2313 1453 2340 silienses
1479 2312 1592 2339 inducat
1622 2315 1651 2338 ut
1679 2312 1818 2346 magistro
1845 2312 2023 2346 ltaymundo,
2053 2311 2206 2346 111-1111105110
2233 2312 2330 2339 Massi-

1322 2362 1417 2395 liensi,
1433 2362 1530 2388 omnia
1547 2361 1623 2396 jura,
1645 2361 1717 2387 bona
1733 2363 1759 2387 et
1780 2360 2061 2387 administrationem
2080 2360 2207 2396 ejusdem
2225 2369 2332 2395 praepo-

1323 2411 1431 2438 siturae
1446 2410 1605 2437 dimittant.
1634 2410 1711 2436 (Rae.
1730 2412 1774 2443 22¹,
1792 2409 1838 2437 sol.
1859 2410 1906 2436 ltO
1921 2415 1956 2439 w,
1975 2415 2004 2436 11⁰
2022 2409 2096 2444 355)

1364 2531 1379 2550 «
1400 2545 1405 2550 .
1425 2521 1574 2550 .sa01·isle
1596 2521 1799 2550 Noviomensi.
1816 2520 1967 2551 Dilectus
1977 2521 2068 2551 filius
2080 2522 2240 2560 magister
2253 2523 2331 2553 Rai-

1323 2575 1481 2610 mundus,
1511 2574 1705 2613 capellanus
1743 2576 1867 2610 noster,
1893 2575 2087 2613 prepositus
2106 2575 2333 2606 Massiliensis

1323 2628 1475 2664 ecclesie,
1494 2627 1594 2658 nobis
1616 2627 1773 2666 exposuit
1791 2628 1890 2666 quod,
1909 2636 1983 2658 cum
2005 2636 2066 2658 nos
2086 2629 2119 2658 111
2135 2637 2246 2664 causa,
2268 2638 2332 2668 que

1323 2681 1412 2711 inter
1431 2682 1542 2719 ipsum
1558 2682 1589 2710 et
1614 2680 1775 2710 dilectum
1805 2680 1914 2710 tilium
1941 2681 2170 2720 Peregrinum,
2192 2683 2332 2721 capella-

1323 2743 1403 2765 num
1421 2737 1585 2771 nostrum,
1613 2742 1714 2772 super
1735 2735 1948 2773 prepositura
1963 2735 2110 2773 predicte
2128 2736 2278 2772 ecclesie,
2299 2736 2330 2765 in

1324 2796 1388 2827 qua
1398 2789 1539 2826 uterque
1554 2787 1706 2826 ipsorum
1722 2795 1756 2817 se
1770 2787 1900 2818 dicebat
1914 2787 2035 2818 habere
2047 2788 2115 2827 jus,
2128 2788 2329 2825 vertebatur,

1322 2841 1548 2872 venerabilem
1583 2840 1723 2870 fratrem
1754 2842 1919 2876 nostrum,
1945 2841 2166 2872 Sabinensem
2206 2841 2330 2880 episco-
