2519 3262
962 217 1202 255 TROIsffiME
1229 217 1392 255 ANNEE.

139 311 294 349 nequiter
311 311 543 348 provocantes,
563 309 642 339 illos
660 309 854 340 immaniter
875 309 1026 339 occidere
1050 317 1097 345 ac,
1115 310 1152 339 ut

138 365 369 403 perpetratum
396 362 437 393 ab
469 363 555 401 ipsis
585 362 714 392 facinus
744 363 784 392 ad
815 371 873 392 sue
899 362 1150 400 dampnationis

140 417 313 447 cumulum
326 415 520 446 hominibus
530 415 752 454 publicarent,
770 415 952 445 eorundem
963 415 1151 445 occisorum

139 479 279 509 corpora
311 478 412 508 super
437 469 588 508 ejusdem
613 469 753 499 ecclesie
785 468 952 507 pulpitum
978 468 1151 506 imponere

140 523 264 562 illaque
286 522 411 553 ibidem
428 522 619 561 relinquere
637 522 928 560 presumpserunt,
943 521 1101 551 thesauro
1120 521 1151 550 et

139 575 238 606 bonis
258 575 453 614 huJ'usmodi
476 575 515 605 de
533 574 662 614 prefata
678 574 834 604 sacristia
851 573 1026 612 sacrilegis
1047 572 1152 603 mani-

140 628 204 659 bus
227 629 421 668 asportatis.
446 629 518 659 Nos
546 629 677 658 tantum
706 635 881 657 excessum
908 626 1060 656 nolentes
1089 624 1152 655 sub

140 682 415 712 dissimulatione
427 682 584 717 transire,
604 680 790 711 venerabili
809 679 905 709 fratri
922 681 1057 709 nostro.
1076 702 1080 707 .
1102 687 1148 708 ar-

140 735 353 774 chiepiscopo
384 735 584 771 Ravennati,
614 742 673 773 per
701 734 832 763 litteras
856 734 989 762 nostras
1019 731 1152 762 manda·
1186 734 1187 737 ’

141 789 252 818 vimus
268 790 316 825 ut,
336 788 520 819 Bononiam
537 786 763 825 personaliter
780 795 815 816 se
835 785 1008 816 conferens
1025 786 1057 815 et
1075 785 1155 824 legi-

141 842 224 872 timo
245 840 449 872 venerabilis
470 840 586 870 fratris
602 839 709 870 nostri
728 862 734 868 .
751 863 757 868 .
779 839 940 877 episcopi,
960 840 1039 869 tunc
1056 838 1154 868 electi

142 894 378 930 Bononiensis,
395 893 451 932 qui
463 901 564 932 super
577 893 643 922 hiis
657 892 831 922 dicebatur
841 892 882 922 ad
896 892 1153 930 inquisitionem

141 947 320 986 procedere
343 947 523 985 incepisse,
551 946 580 975 si
609 945 686 984 quis
715 945 850 975 habitus
880 944 1001 980 fuerat,
1022 947 1154 975 servato

140 1009 314 1039 processu,
341 1008 441 1039 quem
467 999 531 1029 sibi
555 999 754 1029 auctoritate
779 1000 894 1028 nostra
916 998 1039 1028 faceret
1065 998 1155 1028 exhi-

139 1053 223 1086 beri,
238 1061 339 1092 super
348 1052 538 1091 premissis,
556 1052 673 1082 eadem
690 1051 900 1088 auctoritate,
916 1053 1015 1090 prout
1029 1051 1095 1081 sibi
1108 1052 1152 1081 vi-

141 1107 276 1137 deretur
285 1106 480 1145 expediens,
498 1105 683 1144 inquireret
694 1107 762 1135 tam
775 1105 821 1135 ibi
835 1114 935 1144 qnam
947 1104 1029 1135 alibi
1045 1105 1152 1144 quoad

139 1159 314 1195 Jacobum,
334 1159 546 1198 capellanum
566 1160 731 1195 nostrum,
751 1159 949 1189 canonicum
966 1159 1154 1189 Bononien-

141 1221 224 1249 sem,
246 1213 362 1243 natum
385 1212 499 1242 dilecti
525 1212 598 1248 filii,
622 1211 747 1242 nobilis
768 1212 833 1242 viri
857 1212 1044 1250 Cathalani,
1069 1212 1155 1242 civis

141 1265 380 1302 Bononiensis,
410 1265 469 1304 qui
487 1265 601 1296 delicti
626 1265 821 1305 hujusmodi
851 1266 943 1296 actor
972 1266 1154 1304 precipuus

140 1318 323 1354 ferebatur,
361 1319 507 1349 sollicite
530 1319 720 1354 veritatem,
756 1320 787 1350 et
815 1327 878 1357 que
912 1318 1091 1355 inveniret,
1121 1319 1155 1349 in

144 1372 281 1411 scriptis
304 1372 449 1409 redacta,
467 1380 534 1402 una
559 1380 635 1402 cum
657 1372 807 1411 predicto
824 1380 986 1411 processu
1009 1372 1073 1402 sub
1095 1381 1155 1402 suo

142 1425 256 1465 sigillo
273 1425 418 1456 fideliter
434 1425 630 1462 interclusa,
656 1425 753 1455 nobis
771 1434 829 1464 per
846 1425 978 1456 fidelem
1000 1418 1155 1455 nuntium

143 1479 314 1509 remittere
339 1480 545 1518 procuraret,
571 1478 700 1517 pretixo
719 1478 960 1508 nichilominus
979 1479 1088 1509 eidem
1107 1487 1158 1509 ca-

142 1532 276 1570 pellano
305 1532 449 1562 termino
473 1532 701 1570 peremptorio
721 1532 923 1570 competenti
942 1541 1007 1570 quo
1024 1541 1155 1571 compa·
1189 1549 1190 1557 κ

143 1587 232 1615 reret
249 1585 473 1624 personaliter
491 1594 603 1615 coram
622 1584 730 1620 nobis,
748 1584 896 1615 facturus
913 1586 944 1615 et
960 1587 1156 1624 recepturus

142 1638 230 1677 quod
251 1637 386 1676 justitia
413 1638 581 1668 suaderet.
601 1638 641 1668 Et
665 1638 741 1668 licet
763 1638 877 1668 eedem
896 1638 1005 1668 littere
1024 1638 1090 1677 ipsi
1108 1647 1157 1668 ar-

142 1691 368 1729 chiepiscopo,
388 1692 424 1721 ut
441 1691 575 1727 dicitur,
595 1691 717 1721 suerint
736 1693 941 1729 presentate,
963 1691 1157 1730 hujusmodi

142 1746 255 1775 tamen
274 1745 469 1774 mandatum
487 1746 640 1774 nostrum
657 1744 764 1774 adhuc
783 1753 847 1774 non
867 1744 980 1774 extitit
995 1745 1158 1783 adimple-

140 1799 226 1828 tum.
247 1798 333 1828 Sane
357 1798 480 1836 patrati
504 1798 688 1828 enormitas
713 1797 878 1833 criminis,
896 1798 1023 1828 clamor
1040 1797 1157 1836 populi

145 1851 289 1887 validus,
310 1851 367 1889 qui
391 1850 451 1881 hac
467 1851 507 1881 de
534 1859 648 1887 causa,
675 1852 711 1880 ut
730 1851 864 1886 dicitur,
892 1852 1007 1880 contra
1028 1850 1154 1881 clerum

145 1905 295 1937 insultat,
327 1912 454 1934 necnon
482 1906 513 1934 et
534 1913 634 1943 grave
659 1913 695 1934 ac
721 1903 933 1934 intolerabile
960 1904 1157 1934 scandalum

143 1957 243 1996 quod,
270 1956 444 1987 occasione
461 1957 667 1996 hujusmodi,
687 1957 793 1987 fertur
808 1958 972 1991 exortum,
1003 1959 1157 1987 nostrum
1189 1970 1190 1976 ¹

2161 228 2218 256 379

1210 308 1381 339 citationis
1409 310 1440 338 et
1465 308 1607 338 formam
1632 309 1664 338 et
1693 308 1852 347 quicquid
1882 309 1957 338 inde
1980 309 2136 343 feceritis,
2162 319 2219 348 per

1209 363 1341 392 vestras
1359 361 1491 391 litteras
1513 361 1721 399 presentium
1740 362 1863 391 seriem
1882 362 2103 396 continentes,
2123 363 2219 392 nohis

1209 414 1355 444 fideliter
1371 414 1549 444 intimetis.
1564 414 1688 444 Datum
1701 415 1786 452 apud
1802 414 2090 450 Urbemveterem,
2109 415 2221 445 kalen-

1210 467 1263 497 dis
1283 465 1483 502 decembris,
1500 475 1586 496 anno
1605 467 1716 497 tertio.
1741 478 1754 495 »

1725 633 1849 663 Orvieto,
1871 633 1887 659 4
1903 634 2053 660 decembre
2075 634 2152 661 1203.

1300 634 1396 665 2289

1246 716 1383 751 Magistro
1408 717 1503 744 Heliae
1528 718 1627 747 Peleu,
1650 718 1798 751 capellano
1818 718 1984 752 apostolico,
2009 718 2146 744 canonico
2165 718 2223 743 tiel-

1211 765 1337 797 vacensi,
1363 766 1523 793 cantorium
1549 768 1575 792 ct
1600 766 1800 793 canonicatum
1822 766 1958 793 ecclcsiae
1977 775 1998 792 s.
2019 766 2116 793 Hilarii
2132 766 2226 792 Picta-

1211 814 1318 848 vensis,
1344 818 1478 841 vacantes
1502 823 1551 849 per
1577 818 1700 842 mortem
1732 815 1760 841 in
1780 815 1857 841 curia
1880 815 2013 849 magistri
2043 815 2167 849 lingonis
2191 816 2224 840 de

1213 873 1234 891 s.
1253 864 1405 894 Ainancio,
1431 863 1571 898 capellani
1589 864 1750 898 apostolici,
1773 864 1894 895 confert,
1915 864 1953 890 ita
1973 867 2067 890 tamen
2090 864 2163 898 quod
2184 872 2226 890 ec-

1212 913 1331 940 clesiam
1348 914 1380 939 de
1395 913 1555 943 Javarlhac,
1576 913 1789 939 Lemovicensis
1805 913 1938 943 diocesis,
1953 921 2052 939 curam
2072 913 2224 938 habentem

1211 962 1386 994 animarum,
1403 962 1542 989 dimittat.
1560 962 1639 997 titi-zo.
1659 963 1702 992 20,
1722 962 1769 989 sol.
1786 962 1837 989 249
1854 967 1892 992 v0,
1907 967 1938 988 ΠΟ
1954 962 2042 995 1338.)

1252 1077 1269 1097 «
1289 1067 1436 1107 Jlayistro
1454 1066 1540 1096 Helie
1557 1067 1665 1102 Pelelz',
1684 1066 1842 1107 capellano
1860 1073 1973 1104 nostro,
1993 1067 2138 1096 canonico
2158 1066 2225 1096 Bel-

1212 1121 1342 1151 vacensi.
1367 1120 1467 1151 Clara
1485 1120 1665 1159 probitatis
1681 1122 1737 1150 tue
1757 1138 1806 1149 —.
1825 1121 1950 1151 Datum
1969 1120 2057 1158 apud
2084 1119 2227 1150 [rbem-

1188 1181 1189 1191 ¹
1212 1176 1372 1210 veterem,
1393 1183 1415 1204 11
1432 1182 1538 1204 nonas
1555 1173 1755 1212 decembris,
1777 1182 1862 1203 anno
1880 1174 1990 1204 tertio.
2012 1184 2026 1201 ›>

1733 1333 1854 1364 Orvieio,
1877 1334 1893 1360 4
1910 1333 2062 1360 decembre
2079 1334 2157 1361 1203.

1304 1335 1402 1365 2290

1249 1418 1402 1445 Cantorem
1424 1418 1561 1445 ccclesiae
1587 1427 1608 1444 s.
1631 1418 1781 1445 Frontonis
1798 1417 2041 1453 Petragoricensis
2059 1421 2083 1444 et
2102 1418 2227 1452 priorem

1189 1487 1190 1494 1
1215 1475 1237 1494 s,
1257 1467 1356 1493 Hilarii
1372 1468 1405 1493 de
1421 1467 1536 1499 Metulo,
1550 1467 1726 1494 Pit-tarensis
1743 1467 1877 1498 diocesis,
1892 1467 2053 1501 praedictae
2066 1467 2227 1494 collationis

143 2010 326 2049 implorant
342 2010 503 2045 officium,
524 2012 559 2040 ut
581 2010 762 2040 efficaciter
783 2010 999 2040 intendamus
1018 2011 1058 2040 ad
1077 2010 1158 2040 faci·
1189 2011 1190 2015 ’

143 2072 206 2093 nus
225 2064 350 2102 ipsum,
368 2065 467 2102 prout
482 2063 577 2094 illius
601 2064 720 2094 suadet
736 2064 894 2102 qualitaS,
913 2064 1155 2094 ulciscendum.

141 2117 182 2148 Et
196 2117 281 2153 ideo,
297 2117 382 2147 illud
397 2117 548 2147 nolentes
560 2117 776 2156 aliquatenus
786 2117 1033 2156 pretermittere
1050 2118 1157 2156 impu-

142 2171 264 2207 nitum,
288 2171 485 2201 discretioni
502 2172 614 2201 vestre
631 2171 831 2200 mandamus
849 2170 1010 2209 quatinus
1027 2180 1087 2201 vos
1105 2171 1157 2202 rel

143 2225 227 2255 alter
246 2226 409 2260 vestrum,
427 2233 486 2263 per
502 2232 562 2254 vos
589 2232 648 2254 seu
673 2224 770 2260 alios
792 2225 860 2254 tam
886 2224 1036 2255 Bononie
1055 2233 1156 2263 quam

145 2277 239 2313 alibi,
268 2279 368 2316 prout
385 2277 544 2316 expedire
562 2277 728 2313 videritis,
758 2277 937 2316 inquiratis
956 2278 1155 2308 auctoritate

1214 1515 1362 1543 constituit
1380 1518 1554 1542 executores.
1574 1516 1650 1550 (Rae.
1672 1516 1717 1549 29,
1735 1515 1782 1542 fol.
1797 1516 1859 1547 250,
1877 1519 1909 1541 n0
1931 1515 2022 1543 13391»

1257 1631 1270 1649 (ι
1294 1647 1298 1650 .
1320 1643 1326 1649 .
1347 1620 1465 1650 cantori
1482 1620 1603 1650 ecclesie
1617 1631 1640 1651 S.
1667 1620 1832 1650 Frontonis
1857 1621 2126 1660 Peli-(tyoi'ir‘ensis,
2145 1627 2171 1650 el
2195 1647 2199 1652 .
2220 1645 2226 1652 .

1211 1674 1316 1714 prim-i
1331 1684 1354 1703 s.
1377 1673 1474 1703 Harii
1499 1673 1534 1703 de
1559 1674 1682 1710 Mululo,
1704 1674 1893 1703 pictavensis
1912 1673 2047 1704 diocesis.
2068 1675 2165 1705 Clara
2182 1675 2229 1704 ‹li-

1215 1727 1294 1758 lecti
1317 1727 1379 1757 filii
1406 1744 1454 1755 —.
1481 1728 1605 1757 Datum
1629 1728 1716 1766 apud
1746 1727 2033 1764 Urbemveterem,
2067 1738 2088 1757 11
2122 1737 2228 1758 nonas

1215 1780 1416 1817 decembris,
1436 1790 1522 1811 anno
1540 1781 1651 1811 tertio.
1674 1791 1688 1810 1>

1307 1945 1400 1976 2291
1744 1943 1868 1970 ‹Lm-icto,
1884 1945 1900 1970 :3
1913 1944 2064 1970 decembre
2084 1944 2158 1970 1203.

1253 2028 1345 2055 Priori
1369 2036 1392 2056 s.
1412 2028 1536 2055 Danielis
1552 2029 1585 2055 dc
1608 2028 1746 2060 Venetiis,
1765 2029 1945 2055 Castellanae
1962 2029 2094 2060 diocesis,
2113 2029 2231 2055 mandat

1189 2104 1190 2118 ἶ
1215 2079 1245 2104 ut
1263 2077 1461 2104 Bonifacinum
1483 2077 1630 2105 clericum,
1653 2079 1750 2103 natum
1768 2077 1912 2111 quondam
1933 2077 2044 2104 Viviani
2065 2078 2098 2103 de
2116 2077 2231 2111 Surriga

1215 2127 1383 2160 Feltrensi8‚
1402 2127 1448 2161 qui
1467 2127 1501 2153 ab
1520 2127 1657 2153 ecclesiae
1682 2126 1807 2153 inimicis
1823 2127 1851 2153 in
1869 2127 1949 2153 bouis
1971 2127 2029 2153 suis
2047 2127 2152 2153 damna
2174 2126 2231 2160 plu-

1189 2182 1190 2188 *
1215 2175 1291 2202 rima
1317 2175 1483 2209 reportavit,
1505 2176 1622 2202 obtentu
1648 2175 1824 2202 marchionis
1853 2175 1981 2201 Estensis
2007 2178 2032 2201 et
2058 2175 2100 2206 B„
2126 2183 2233 2201 mares-

142 2332 259 2360 nostra
282 2339 383 2369 super
409 2331 589 2369 premissis
608 2330 752 2361 sollicite
774 2332 959 2367 veritatem,
981 2332 1013 2361 et
1029 2340 1093 2370 que
1109 2331 1157 2361 in-
1189 2353 1190 2361 1

144 2382 318 2419 veneritis,
341 2383 375 2412 in
396 2383 534 2421 scriptis
552 2383 698 2419 redacta,
717 2383 815 2414 nobis
839 2392 897 2422 per
914 2384 1061 2422 aliquem
1078 2384 1157 2414 fide-

142 2435 209 2466 lem
221 2436 387 2471 nuntium,
399 2436 462 2466 sub
472 2436 595 2475 sigillis
608 2437 734 2467 vestris
748 2437 892 2467 fideliter
903 2437 1098 2473 interclusa,
1109 2446 1155 2468 re-
1189 2434 1191 2437 ’

144 2489 278 2520 mittere
290 2489 490 2528 procuretis,
506 2491 575 2519 tam
591 2491 814 2521 memoratum
829 2490 1041 2529 capellanum
1056 2500 1157 2530 quam

1189 2458 1191 2471 t

1189 2475 1191 2491 t

146 2543 247 2573 etiam
267 2542 520 2582 Raymundum,
539 2543 858 2582 archipresbiterum
879 2544 918 2574 de
937 2544 1027 2581 Sala,
1051 2545 1155 2575 Bono·

145 2596 275 2626 niensis
292 2595 450 2630 diocesis,
470 2604 570 2635 quem
587 2596 626 2626 de
647 2596 892 2635 principalibus
913 2597 1056 2636 predicti
1076 2597 1154 2628 faci·
1190 2596 1191 2613 ³

145 2649 238 2679 noris
256 2648 486 2688 patratoribus
510 2649 666 2679 extitisse
685 2649 801 2680 haberi
823 2650 947 2680 dicitur
968 2651 1158 2681 communis

145 2703 178 2732 in
194 2702 348 2742 partibus
360 2702 431 2732 illis
445 2702 597 2738 infamia,
616 2711 657 2733 ex
672 2704 765 2741 parte
782 2705 897 2734 nostra
916 2704 1158 2735 nichilominus
1190 2720 1191 2727 κ

145 2756 370 2795 peremptorIe
385 2755 540 2792 citantes,
555 2757 591 2786 ut
605 2755 694 2786 infra
711 2765 814 2786 unum
826 2765 977 2787 mensem
991 2759 1068 2796 post
1078 2758 1159 2788 cita-

142 2809 271 2840 tionem
280 2810 440 2846 vestram,
457 2810 673 2847 compareant
684 2809 907 2848 personaliter
923 2818 1034 2840 coram
1046 2811 1156 2845 nobis,
1190 2801 1191 2814 ³

144 2863 323 2901 recepturi,
343 2863 372 2893 si
393 2871 495 2902 super
518 2862 578 2893 hoc
597 2862 726 2893 inventi
748 2862 873 2894 fuerint
890 2863 1091 2902 culpabiles,
1110 2873 1159 2894 se-

144 2916 291 2947 cundum
314 2924 453 2946 suorum
479 2915 683 2955 exigentiam
711 2916 920 2946 meritorum.
950 2917 1048 2947 Diem
1078 2926 1156 2948 vero

1215 2223 1286 2251 calci
1312 2224 1472 2258 apostolici,
1501 2224 1527 2250 iu
1554 2224 1675 2251 ecclesia
1703 2224 1871 2251 Tridentina
1895 2223 1923 2250 in
1950 2224 2121 2251 canonicum
2143 2224 2230 2258 recipi

1217 2273 1302 2300 saciat
1329 2273 1409 2308 eique
1439 2274 1472 2300 dc
1499 2274 1662 2308 praebenda
1692 2274 1849 2307 provideat.
1873 2274 1952 2308 ‹Rei-2.
1979 2273 2021 2303 29,
2048 2273 2096 2299 fol.
2120 2274 2171 2299 250
2191 2277 2230 2299 νο,

1215 2327 1246 2349 n⁰
1264 2322 1357 2356 1340.)

1256 2439 1271 2457 <t
1295 2428 1403 2458 Priori
1415 2439 1438 2458 s.
1462 2428 1596 2458 Danielis
1609 2427 1644 2458 de
1665 2428 1808 2462 Venetiis‚
1829 2427 2002 2458 castellane
2019 2427 2154 2457 diocesis.
2174 2427 2232 2458 Di-

1215 2491 1278 2521 gne
1297 2491 1395 2522 agere
1415 2482 1584 2512 credimus
1610 2500 1657 2510 —.
1684 2482 1808 2512 Datum
1831 2481 1918 2520 apud
1942 2480 2231 2517 Urbemveterem,

1216 2536 1314 2566 nonis
1332 2535 1530 2572 decembris,
1551 2544 1638 2565 anno
1658 2535 1767 2565 tertio.
1791 2545 1805 2563 ³)

1740 2692 1864 2724 Orviet0‚
1881 2693 1896 2719 2
1913 2693 2064 2720 decembre
2084 2694 2161 2721 1263.

1307 2695 1405 2726 2292

1251 2775 1505 2810 Archipresbytem
1521 2775 1554 2801 de
1572 2773 1716 2807 Bazoaria,
1733 2774 1902 2802 Mutinensis
1917 2775 2050 2807 diocesis,
2069 2778 2187 2805 mandat
2203 2782 2230 2804 ut

1216 2824 1375 2851 Arduinum
1395 2824 1544 2857 clericum,
1563 2825 1664 2850 natum
1684 2823 1787 2850 nobilis
1805 2824 1857 2851 viri
1880 2825 2025 2852 Barnabae
2046 2826 2079 2852 de
2095 2826 2234 2861 Magroto,

1216 2873 1385 2900 Mutinensis
1395 2872 1529 2906 diocesis,
1540 2871 1650 2898 nullum
1662 2871 1753 2899 adhuc
1764 2872 1992 2900 ecclesiasticum
2009 2875 2178 2902 beneficium
2191 2885 2235 2903 as-

1218 2924 1359 2953 secutum,
1373 2922 1490 2949 obtentu
1506 2921 1641 2948 Bonifatii
1657 2921 1690 2947 de
1702 2922 1835 2952 Canusia,
1851 2922 1951 2949 militis
1966 2923 2089 2959 Reginae
2100 2925 2235 2959 diocesis,
