2519 3262
1058 203 1299 242 TROISIEME
1331 203 1497 240 ANNEE.
2277 218 2330 246 ¹35

247 296 487 326 confirmamus
511 298 543 327 et
560 296 729 335 presentis
753 295 871 334 scripti
898 295 1087 334 patrocinio
1111 303 1259 325 commu-

247 350 373 379 nimus.

287 402 452 432 Tenorem
471 405 582 432 autem
600 402 708 440 ipsius
725 400 942 431 instrumenti
955 400 994 430 de
1010 399 1112 430 verbo
1131 400 1172 430 ad
1187 408 1259 430 ver—

246 455 325 485 bum
344 455 561 494 presentibus
585 455 728 485 fecimus
752 453 919 487 annotari,
940 453 996 492 qui
1015 453 1094 483 talis
1114 454 1164 483 est
1182 464 1187 482 :

287 519 302 538 «
322 508 509 548 Stephanus,
531 508 722 537 miseralione
743 507 849 537 divina
874 506 1030 546 episcopus
1049 506 1256 542 Pcncstrinus‚

247 562 396 591 universis
425 566 578 600 presentes
597 560 713 590 litteras
744 560 924 600 inspecturis
950 558 1087 590 salutem.
1118 559 1259 590 Noverit

246 615 452 645 universitas
483 615 595 644 vestra
613 631 661 642 ——.
684 613 723 643 In
748 613 844 651 cujus
866 613 915 643 rei
932 612 1179 646 testimonium‚
1199 612 1259 642 has

246 668 378 698 litteras
403 667 512 697 eidem
543 666 717 705 capellano
750 666 980 696 concessimus
1013 665 1120 695 nostri
1153 665 1259 704 sigilli

245 720 432 750 munimine
451 719 639 750 roboratas.
657 720 782 749 Datum
808 719 896 758 apud
918 718 1208 753 L'irbemveterem²
1226 728 1258 748 vr

246 773 408 803 kalendas
425 772 631 808 novembris9
649 781 735 802 anno
752 772 889 802 Domini
906 771 1023 802 M0CC⁰
1046 772 1259 810 sexagesimo

244 827 353 859 tertio,
368 826 584 864 pontificatus
602 825 731 870 domini
751 824 879 856 Urbani
895 833 979 863 pape
996 825 1074 858 IIII,
1091 833 1177 854 anno
1193 826 1259 855 ter-

243 880 303 915 tio,
324 878 540 917 presentibus
563 878 675 914 Petro,
708 878 865 917 episcopo
888 878 1067 916 Aquinati:
1097 877 1259 916 magistro

244 932 354 968 Petro,
367 932 601 962 archidiacono
615 931 858 970 supr11niensi3
878 931 1040 970 magistro
1051 931 1259 961 Bernardino

244 985 392 1020 notario:
411 984 611 1015 Guidobono
624 986 655 1014 et
668 984 781 1018 Petro,
800 983 1028 1014 familiaribus
1042 984 1180 1020 nostris,
1194 985 1259 1014 tes-

242 1038 335 1068 tibus
359 1038 400 1068 ad
428 1038 488 1068 hoc
518 1037 646 1068 vocatis
666 1039 698 1068 et
730 1038 867 1076 rogatis.
887 1038 929 1068 Et
947 1046 1007 1077 ego
1030 1037 1259 1068 Thomasinus

244 1092 283 1122 de
310 1091 426 1125 Podio,
450 1091 649 1121 auctoritate
670 1091 854 1129 apostolice
880 1091 972 1121 sedis
994 1091 1099 1130 judex
1118 1091 1259 1121 01110111-

245 1144 328 1181 rius,
361 1144 534 1175 collationi
561 1145 594 1174 et
619 1143 841 1182 assignationi
873 1143 1012 1174 interfui
1040 1145 1070 1174 et
1100 1144 1258 1174 mandato

244 1200 276 1228 et
293 1198 491 1228 auctoritate
517 1197 702 1236 supradicti
720 1197 847 1226 domini
877 1197 1061 1227 cardinalis
1086 1197 1207 1236 scripsi
1227 1198 1259 1228 et

245 1250 416 1290 publicavi
438 1253 468 1281 et
483 1250 579 1290 signo
596 1258 669 1280 meo
689 1250 831 1288 signavi.
855 1260 870 1279 »

283 1303 378 1334 Nulli
400 1313 477 1343 ergo
497 1305 610 1334 nostre
634 1303 902 1334 confirmationis
932 1305 994 1333 etc.
1024 1304 1150 1334 Datum
1171 1304 1259 1342 apud

244 1356 533 1391 Urbemveterem,
553 1356 651 1386 nonis
664 1355 869 1392 novembris,
892 1365 978 1386 anno
995 1356 1107 1386 tertio.
1135 1366 1149 1385 »

757 1538 879 1569 Orvieto‚
899 1540 915 1566 6
934 1539 1087 1565 novembre
1109 1540 1186 1567 1203.

338 1540 434 1571 1173

281 1622 453 1656 Episcopum
471 1624 496 1648 et
515 1621 750 1648 archidiaconum
767 1621 1004 1656 Nigripontenses
1021 1623 1184 1657 praedictae
1202 1625 1259 1650 col-

245 1673 361 1700 lationis
379 1675 543 1699 executores
560 1672 720 1699 constituit.
738 1672 815 1706 (Rau.
835 1673 880 1704 29,
898 1672 944 1699 sol.
965 1673 1008 1706 85,
1026 1677 1057 1699 n⁰
1073 1674 1149 1704 222.)

287 1787 302 1806 <t
324 1801 328 1806 .
347 1802 352 1807 .
376 1777 526 1816 episcopo,
543 1781 569 1805 et
586 1775 694 1806 dilecto
710 1775 776 1813 filio
798 1776 1014 1806 archidiacono
1032 1775 1258 1816 Niqriponten-

243 1829 334 1861 sibus.
360 1830 431 1865 Que
452 1830 491 1860 de
518 1829 609 1860 sedis
633 1846 681 1858 —.
703 1830 828 1859 Datum
848 1830 937 1868 apud
966 1829 1255 1867 Urbemveterem‚

241 1891 301 1912 vni
322 1883 399 1912 idus
416 1882 622 1917 novembris,
645 1891 730 1913 anno
748 1883 861 1913 tertio.
882 1894 895 1908 »

335 2072 430 2103 1174
780 2070 905 2101 Orvieto,
923 2071 956 2098 29
974 2071 1089 2098 octobre
1105 2072 1182 2099 1263.

278 2154 437 2182 Gottefrido
455 2155 657 2181 canonicatum
680 2156 708 2182 et
722 2155 916 2190 praebendam
939 2156 1148 2183 sacerdotalem
1166 2157 1193 2183 in
1211 2165 1256 2184 00-

242 2203 329 2230 clesia
345 2203 531 2230 Ambianensi
549 2203 672 2231 confert.
692 2204 771 2239 (Rae.
792 2205 837 2236 29,
854 2204 903 2231 l'ol.
918 2204 964 2239 86,
980 2210 1009 2231 n⁰
1025 2206 1102 2237 223.)

283 2320 297 2339 1(
319 2309 491 2349 Gollesrido
509 2310 689 2350 presbitero,
706 2311 817 2340 rectori
841 2309 963 2341 ecclesie
980 2311 1015 2341 de
1046 2311 1208 2342 Villaribus
1228 2313 1259 2342 in

243 2363 406 2402 Boscc19i0‚
431 2362 644 2393 Ambianensis
670 2363 808 2394 diocesis.
836 2364 939 2401 Olim,
969 2365 1056 2396 sicut
1080 2366 1256 2403 asseritur,

244 2425 311 2446 una
336 2416 466 2455 integra
492 2416 662 2455 prebenda
685 2417 719 2446 in
741 2417 963 2448 Ambianensi
986 2419 1128 2449 ecclesia
1149 2419 1260 2449 divisa

242 2468 307 2499 fuit
334 2469 368 2498 in
394 2469 489 2505 (luas,
514 2478 579 2508 que
607 2469 746 2500 dimidie
770 2470 938 2508 prebende
969 2471 1041 2502 sive
1070 2472 1258 2511 capellanie

244 2522 297 2552 vel
316 2521 484 2560 prebende
515 2522 743 2553 sacerdotales
763 2524 955 2562 promiscue
975 2525 1205 2563 nominantur,
1226 2527 1259 2557 et

245 2583 389 2614 quarum
406 2576 485 2605 sunt
502 2575 654 2605 redditus
670 2576 751 2606 adeo
770 2578 989 2616 augmentati,
1010 2579 1100 2617 quod
1118 2579 1157 2609 de
1172 2579 1258 2618 ipsis

243 2628 309 2658 duo
338 2630 572 2659 sustentantur
598 2629 767 2663 canonici;
796 2630 837 2659 ad
860 2639 917 2660 eas
941 2632 1054 2662 tamen
1071 2640 1113 2662 ex
1132 2633 1258 2663 statuto

244 2681 355 2720 ipsius
375 2681 516 2711 ecclesie
536 2681 728 2719 juramento
750 2683 886 2719 vallato,
905 2683 1010 2722 recipi
1028 2684 1061 2714 in
1079 2685 1258 2716 canonicos

245 2742 305 2765 seu
323 2734 458 2764 institui
479 2734 532 2764 vel
550 2735 721 2765 installari
739 2744 804 2765 non
828 2735 961 2773 debent,
979 2739 1016 2767 ut
1038 2737 1172 2774 dicitur,
1191 2739 1258 2769 nisi

245 2786 280 2816 in
299 2787 480 2817 sacerdotii
495 2787 612 2817 ordine
624 2787 810 2824 constituti,
825 2788 872 2818 ita
888 2788 991 2819 etiam
1007 2790 1096 2828 quod
1114 2791 1149 2821 in
1170 2791 1259 2822 dicta

245 2840 389 2871 ecclesia
405 2842 569 2879 perpetuo
593 2849 652 2870 seu
672 2841 830 2871 continue
849 2841 1030 2876 resideant,
1050 2845 1083 2873 et
1098 2843 1166 2882 ipsi
1192 2845 1258 2876 (1110

243 2893 376 2923 tantum
393 2893 427 2923 in
446 2893 744 2924 distributionibus
764 2894 943 2924 cotidianis
967 2895 1133 2934 recipiant
1157 2906 1258 2936 quan-

1320 295 1391 323 tum
1419 302 1507 323 unus
1538 294 1631 324 solus
1660 296 1840 325 canonicus
1870 297 2018 334 recipere
2048 299 2231 328 consuevit.
2258 300 2330 329 l'na

1320 355 1399 376 vero
1426 355 1467 376 ex
1486 347 1535 377 eis
1561 356 1667 386 nuper
1692 350 1830 379 vacante
1850 358 1908 387 per
1935 351 2077 379 mortem
2095 351 2247 389 magistri
2269 352 2332 382 Od-

1320 399 1430 433 donis,
1450 400 1619 438 quondam
1647 401 1757 439 ipsius
1789 401 1930 432 ecclesie
1965 403 2127 438 canonici,
2153 404 2333 442 episwpus

1320 452 1562 482 Ambianensis
1587 454 1627 483 ad
1652 463 1751 492 quem
1778 454 1810 484 in
1837 455 1981 485 ecclesia
2000 456 2073 494 ipsa
2090 458 2282 486 earunnlem
2302 459 2330 487 et

1321 505 1465 535 aliarum
1496 508 1647 544 spectare
1681 507 1803 537 dicitur
1840 508 1975 538 collatio
2008 508 2266 547 prebendarum.
2293 510 2332 540 ‹le

1321 558 1422 592 facto,
1441 567 1515 588 cum
1534 559 1573 588 de
1587 559 1662 597 jure
1679 559 1880 597 nequiverit,
1897 569 1972 590 cum
1988 563 2088 595 esset,
2105 563 2140 591 ut
2155 562 2331 599 asseritur,

1322 611 1519 641 auctoritate
1542 612 1727 650 apostolica
1745 612 1880 642 vinculo
1903 614 2264 643 excommunicationis
2284 624 2333 644 :is-

1320 664 1452 699 trictus,
1477 665 1639 703 magistro
1659 665 1856 701 Guillelmo,
1877 666 2035 696 canonico
2054 667 2093 696 (10
2111 667 2258 703 Meli-‘’to,
2277 669 2333 706 qui

1321 725 1387 746 non
1404 718 1475 747 erat
1490 717 1523 747 in
1543 718 1722 748 sacerdotii
1738 718 1854 748 ordiiie
1870 719 2086 756 constitutus,
2106 728 2166 758 pro
2182 730 2242 750 sua
2261 730 2335 751 con-

1321 770 1399 800 tulit
1418 770 1602 805 voluntate,
1628 771 1807 810 ipsumque
1829 772 2028 810 magistrum
2048 773 2181 803 dilectis
2198 774 2278 803 tiliis
2300 799 2305 803 .
2328 799 2332 803 .

1322 822 1459 859 decano,
1482 827 1512 853 et
1537 824 1685 862 capitulo
1714 824 1821 862 ipsius
1850 825 1990 855 ecclesie
2021 827 2240 864 presentavit.
2271 826 2334 856 Sed

1322 875 1402 906 dicti
1422 877 1569 907 decanus·
1588 879 1620 907 et
1641 877 1827 916 capitulum
1847 878 2001 908 eumdem
2024 879 2223 917 magistrum
2241 879 2333 909 (11111-

1321 929 1462 959 10111111111
1487 938 1547 968 pro
1567 938 1604 960 00
1627 931 1716 969 quod
1737 939 1801 960 non
1820 933 1889 961 erat
1916 931 2104 970 presbyter,
2128 934 2227 970 prout
2250 941 2334 962 cuius

1320 981 1474 1012 beneficii
1511 983 1704 1022 requirebat
1743 983 1955 1022 hujusmodi,
1990 984 2167 1014 admittere
2206 994 2337 1015 recusa-

1321 1038 1410 1071 runt,
1442 1036 1595 1067 nolentes
1630 1037 1814 1076 int'ringere
1854 1039 2019 1067 statutum
2057 1038 2258 1075 predictum,
2294 1039 2334 1068 ad

1321 1089 1416 1127 cujus
1434 1089 1705 1120 observationem
1721 1090 1914 1128 juramento
1933 1091 2075 1129 prestito
2093 1093 2170 1121 sunt
2190 1092 2331 1121 astricti.

1320 1142 1391 1172 Nos
1407 1142 1521 1181 igitur,
1533 1143 1685 1173 volentes
1702 1143 1763 1173 tibi
1782 1143 1821 1173 de
1841 1143 1993 1182 predicto
2010 1143 2173 1174 beneficio
2190 1145 2334 1183 gratiam

1321 1195 1430 1226 facere
1446 1196 1640 1234 specialem,
1656 1196 1780 1235 ipsum,
1793 1197 1822 1226 si
1835 1205 1875 1226 ex
1892 1197 2072 1235 premissis
2085 1197 2239 1227 videlicet
2256 1198 2336 1236 quia

1320 1248 1471 1287 prefatus
1482 1249 1661 1288 episcopus
1670 1251 1822 1288 tempore
1835 1249 2027 1279 collationis
2043 1250 2192 1288 predicte
2203 1259 2334 1281 excom—

1320 1302 1513 1332 municatus
1529 1311 1588 1332 seu
1603 1302 1712 1332 dictus
1730 1302 1936 1333 Guillelmus
1951 1303 2108 1333 sacerdos
2123 1312 2189 1333 non
2206 1306 2287 1339 erat,
2303 1306 2334 1334 01

1321 1356 1409 1394 quod
1423 1355 1463 1385 de
1478 1356 1630 1394 predicto
1647 1357 1773 1386 statuto
1791 1356 2012 1395 premittitur,
2026 1357 2167 1386 veritate
2183 1357 2331 1393 fulcitur,

1321 1410 1377 1438 aut
1395 1417 1436 1438 ex
1455 1417 1666 1447 quacumque
1689 1409 1756 1439 alia
1783 1418 1884 1439 causa
1906 1409 2056 1448 legitime
2080 1409 2119 1440 de
2139 1410 2212 1448 jure
2240 1412 2333 1440 vacat

1321 1461 1362 1491 ad
1382 1470 1535 1500 presens,
1566 1470 1694 1492 necnon
1718 1462 1964 1498 canonicatum,
1985 1463 2042 1501 qui
2073 1472 2147 1492 cum
2169 1462 2333 1493 beneficio

1320 1515 1515 1553 hujusmodi
1542 1515 1665 1545 dicitur
1685 1515 1872 1551 vacavisse,
1894 1515 2079 1553 apostolica
2100 1515 2163 1545 tibi
2191 1516 2333 1546 auctori-

1321 1568 1389 1598 tate
1399 1567 1616 1603 conferimus,
1632 1567 1761 1606 tibique
1777 1568 1815 1597 de
1830 1567 1889 1598 illo
1904 1567 2331 1607 liberaliterprovidemus,

1321 1621 1543 1652 investientes
1561 1623 1592 1651 te
1616 1629 1675 1659 per
1693 1623 1847 1651 nostrum
1867 1621 2007 1651 anulum
2025 1622 2277 1660 presentialiter
2293 1623 2333 1652 de

1321 1674 1461 1710 eisdem,
1481 1683 1517 1704 ac
1544 1674 1762 1704 decernentes
1783 1674 1917 1704 irritum
1944 1676 1975 1704 et
2002 1674 2100 1704 inane
2126 1675 2155 1704 si
2178 1683 2276 1704 secus
2293 1675 2332 1705 de

1320 1727 1391 1757 illis
1416 1729 1493 1766 post
1524 1727 1753 1762 collationem,
1786 1727 2016 1766 provisionem
2040 1731 2071 1758 et
2094 1728 2332 1758 investituram

1319 1780 1515 1819 huJ'usmodi
1534 1781 1720 1819 apostolica
1736 1781 1789 1810 vel
1816 1781 1936 1819 quavis
1955 1781 2021 1810 alia
2040 1781 2239 1811 auctoritate
2258 1790 2333 1811 con-

1319 1833 1433 1872 tigerit
1450 1833 1654 1872 attemptari.
1673 1833 1749 1863 Non
1764 1833 1918 1863 obstante
1934 1833 1963 1863 si
1974 1851 2023 1863 —.
2039 1833 2207 1864 Volumus
2220 1836 2332 1864 autem

1320 1888 1356 1916 ut
1372 1886 1407 1916 in
1430 1886 1580 1924 predicta
1599 1885 1822 1917 Ambianensi
1840 1886 1994 1922 ecclesia,
2016 1888 2196 1925 postquam
2217 1886 2332 1925 hujus-

1319 1939 1411 1970 modi
1431 1939 1633 1970 beneficium
1651 1939 1811 1969 habueris
1824 1939 1972 1977 pacifice,
1994 1939 2213 1970 residentiam
2228 1939 2333 1970 facias

1319 1993 1548 2032 pei‘SO11ale1113
1562 1992 1713 2031 alioquin
1725 1992 1920 2031 hujiismodi
1935 1993 2042 2031 gratia
2056 1992 2185 2023 nullius
2197 1993 2333 2031 penitus

1321 2046 1364 2076 sit
1383 2046 1558 2076 momenti.
1585 2045 1681 2076 Nulli
1704 2054 1793 2085 ergo,
1814 2047 1875 2076 etc.
1899 2046 2023 2076 Datum
2045 2046 2133 2085 apud
2150 2045 2332 2076 Urbemve-

1320 2101 1437 2136 terem,
1456 2109 1504 2129 1111
1523 2099 1687 2129 kalendas
1706 2099 1913 2135 novembriS,
1935 2108 2021 2129 anno
2039 2099 2149 2130 tertio.
2169 2111 2183 2126 »

1848 2296 1973 2327 0111010,
1993 2296 2026 2323 213
2043 2297 2159 2323 octobre
2182 2297 2258 2323 1203.

1412 2298 1507 2329 1175

1356 2381 1503 2408 Fratribus
1523 2381 1632 2408 ordinis
1649 2381 1803 2412 tainorum,
1823 2381 2039 2416 inquisitoribus
2058 2381 2219 2408 baereticae
2236 2381 2334 2415 pravi-

1320 2430 1387 2457 tatis
1402 2431 1430 2457 in
1450 2431 1616 2457 Provinciae
1634 2433 1661 2457 et
1676 2430 1847 2457 Forcalcarii
1863 2430 2060 2461 comitatibus,
2078 2431 2195 2457 mandat
2213 2433 2238 2456 ut
2255 2430 2333 2457 Guil-

1320 2479 1406 2506 lelmo
1425 2480 1459 2506 de
1482 2479 1627 2514 Inquiriis,
1648 2479 1701 2506 civi
1722 2479 1896 2512 Arelatensi,
1915 2480 2058 2514 quondam
2075 2479 2231 2512 haeretico,
2251 2480 2334 2505 bene-

1319 2528 1416 2555 ficium
1433 2528 1625 2555 absolutionis
1644 2528 1824 2562 impendant,
1842 2527 1865 2554 si
1883 2529 1917 2555 ad
1934 2528 1999 2554 fidei
2017 2527 2175 2555 catholicae
2192 2529 2333 2555 unitatem

1319 2580 1489 2605 revertatur.
1513 2578 1591 2611 (Rae.
1607 2578 1651 2608 29,
1674 2576 1724 2604 fol.
1741 2578 1785 2608 86,
1803 2582 1833 2603 n⁰
1847 2577 1919 2609 2243
1935 2577 2093 2610 PorrnAsr,
2114 2576 2226 2605 18:23.»

1360 2695 1376 2716 ((
1395 2685 1558 2715 Fratribus
1571 2683 1688 2713 ordinis
1703 2683 1854 2713 illinorum
1875 2684 2103 2724 inquisitoribus
2113 2684 2242 2714 heretice
2259 2693 2333 2723 pra-

1320 2739 1423 2768 vitatis
1449 2739 1480 2768 in
1504 2737 1668 2767 Provincie
1685 2742 1711 2767 et
1732 2736 1927 2767 Forcalcczrii
1939 2737 2129 2767 comitalibus
2149 2738 2332 2767 auctoritate

1319 2791 1490 2832 apostolica
1514 2791 1680 2831 deputatis.
1701 2791 1855 2821 Dilectus
1875 2791 1967 2821 filius
1989 2791 2195 2821 (luillelmus
2216 2791 2255 2820 de
2279 2790 2334 2820 In·

1320 2845 1455 2885 quiriis,
1467 2845 1552 2875 civis
1560 2844 1784 2880 Arelatensis,
1796 2844 1830 2874 in
1839 2846 1955 2874 nostra
1970 2844 2140 2883 presentia
2155 2842 2333 2882 proposuit

1320 2898 1538 2935 constitutus,
1559 2897 1648 2937 quod
1665 2897 1749 2936 ipse,
1769 2900 1849 2928 tunc
1869 2897 2061 2937 quindecim
2081 2905 2187 2927 annos
2205 2895 2332 2926 habens
