2519 3262
985 218 1225 256 THOISHL'ME
1254 217 1415 255 Affinis.
2181 231 2238 257 3:07

247 311 343 341 2373
649 309 775 339 0111010,
800 309 829 336 ts
849 309 999 336 decemuiro
1021 309 1097 335 1203.

190 393 328 428 Magistro
343 394 378 420 de
388 393 510 425 Novilla,
525 393 662 420 canonico
678 392 877 419 Ambianensi.
893 393 1011 419 mandat
1026 394 1053 417 ut
1067 392 1170 418 Maino-

154 442 229 468 rium
242 443 274 468 de
292 444 411 474 Creusa,
428 442 564 469 clericum
581 442 816 472 Ambianeusem7
835 442 863 467 in
880 441 1000 468 ccclesia
1016 441 1048 467 dc
1064 440 1169 471 Limor,

154 491 359 517 Ambiauensis
377 491 510 521 diocesis,
533 491 675 517 instituat.
694 491 773 525 (nac.
793 490 902 522 215101.
922 491 984 521 271,
1005 495 1034 516 n‘·
1052 490 1143 521 1422.)

196 607 211 626 «
224 597 373 636 Mayiscro
389 619 395 625 .
412 622 417 627 .
434 596 469 626 de
482 596 617 633 Novilla,
634 596 780 626 canonico
793 595 1000 624 Ambianensi.
1017 594 1170 624 Dilectus

155 650 249 680 filius
272 650 434 689 magister
452 649 722 685 BartholomeuS,
750 648 1006 678 archidiaconus
1033 647 1169 677 Ambia-

155 704 285 739 nensis,
302 703 492 733 litterarum
512 705 703 733 nostrarum
721 701 1004 731 contradictarum
1024 701 1169 734 auditor,

156 755 255 786 nobis
273 756 447 786 humiliter
464 755 667 794 supplicavit
685 756 731 790 ut,
750 763 825 784 cum
844 754 915 792 ipse
934 754 974 783 ad
991 753 1168 783 ecclesiam

155 809 196 840 de
216 810 343 844 Limor,
370 809 612 839 Ambianensis
636 807 793 842 diocesis,
820 807 916 846 cujus
935 809 1114 845 patronum
1134 816 1169 836 se

155 871 231 893 esse
251 863 419 901 proponit,
439 871 526 891 nunc
546 863 733 895 vacantem,
754 863 788 890 ut
810 861 944 893 asserit,
965 860 1168 890 Mainerium

154 915 195 946 de
213 916 350 951 Creusa,
369 915 528 945 clericum
544 914 784 944 Ambianensis
799 913 955 949 diocesis,
972 914 1168 951 presentare

155 969 312 1007 disponat
327 970 358 998 et
374 968 446 1007 ipse
464 967 732 1001 archidiaconus,
753 968 833 1005 quia
851 966 1025 1005 obsequiis
1042 967 1168 996 nostris

156 1022 295 1058 insistit,
315 1030 380 1051 non
398 1021 506 1060 possit
526 1020 670 1050 eundem
688 1020 848 1050 clericum
867 1019 1054 1050 venerabili
1073 1020 1167 1049 frati-i

154 1077 270 1105 nostro
289 1074 511 1105 Ambianensi
538 1074 709 1112 episcopo,
731 1073 795 1103 loci
822 1074 1011 1108 diocesano,
1032 1073 1167 1103 comode

153 1129 362 1167 presentare,
382 1128 529 1158 maxime
545 1136 620 1158 cum
637 1127 725 1157 idem
740 1126 1166 1165 episcopusdifficultatem

154 1189 233 1220 sepe
251 1181 283 1210 in
299 1181 493 1220 hujusmodi
509 1180 822 1220 presentationibus
836 1181 978 1219 ingerat,
990 1180 1167 1219 providere

154 1243 256 1273 super
272 1234 333 1265 hoc
356 1235 386 1265 ei
406 1235 672 1265 misericorditer
689 1242 897 1264 curaremus.
918 1233 1082 1269 Quocirca
1100 1233 1165 1263 dis-

152 1288 293 1319 cretioni
322 1290 378 1318 tue
406 1289 607 1318 mandamus
632 1289 810 1327 quatenus,
836 1288 866 1317 si
890 1287 953 1317 tibi
977 1287 1169 1317 constiterit

153 1342 244 1381 quod
268 1342 358 1372 idem
384 1341 640 1372 archidiaconus
667 1341 710 1372 sit
733 1341 767 1371 in
792 1341 1010 1380 possessione
1034 1349 1168 1379 presen-

153 1395 246 1425 tandi
275 1395 415 1425 clericos
447 1395 488 1425 ad
516 1395 692 1425 ecclesiam
724 1394 966 1433 supradictam,
998 1394 1166 1432 prefatum

154 1448 326 1484 clericum,
354 1449 393 1478 ad
426 1448 714 1487 presentationem
751 1447 904 1485 ejusdem
928 1447 1166 1480 archidiaconi,

154 1502 353 1532 auctoritate
373 1503 499 1537 nostra,
516 1501 577 1531 hac
597 1502 680 1537 vice,
698 1509 756 1539 per
773 1503 803 1531 te
821 1500 873 1531 vel
890 1501 995 1530 alium
1008 1500 1168 1530 instituas

154 1555 189 1584 in
214 1555 357 1585 ecclesia
380 1556 577 1591 memorata,
601 1554 765 1584 inducens
787 1554 899 1592 ipsum
926 1553 1168 1583 nichilominus

153 1609 188 1638 in
206 1608 316 1647 ipsius
332 1608 540 1647 corporalem
559 1608 813 1646 possessionem
836 1607 888 1637 vel
907 1607 1019 1637 induci
1042 1607 1168 1637 faciens

153 1663 186 1692 et
204 1662 388 1692 defendens
409 1662 596 1697 inductum,
618 1661 664 1691 ita
681 1663 792 1691 tamen
812 1661 900 1699 quod
918 1660 1006 1690 idem
1025 1660 1168 1690 clericus

153 1715 195 1745 ad
220 1715 356 1745 ordines
377 1723 411 1745 se
437 1715 537 1745 faciat
563 1715 701 1745 statutis
724 1714 935 1752 temporibus
963 1714 1166 1752 promoveri,

153 1770 254 1808 prout
271 1769 381 1807 ipsius
401 1768 542 1798 ecclesie
561 1777 646 1798 onus
664 1767 770 1807 exigit
791 1769 822 1798 et
842 1767 1068 1805 personaliter
1086 1767 1165 1796 resi-

153 1823 230 1852 deat
251 1822 286 1852 in
313 1822 442 1852 eadem.
462 1822 630 1852 Nolumus
652 1823 763 1851 autem
783 1821 872 1860 quod
895 1829 954 1858 per
972 1820 1167 1859 hujusmodi

154 1875 405 1906 institutionem
434 1874 564 1913 aliquid
593 1875 627 1904 in
646 1876 819 1913 posterum
843 1874 931 1904 dicto
957 1874 1116 1912 episcopo
1137 1875 1168 1903 et

153 1928 376 1960 Ambianensi
401 1928 542 1959 ecclesie
563 1928 789 1967 prejudicium
811 1929 1000 1966 generetur.
1030 1928 1168 1957 contra-

153 1982 300 2012 dictores
318 1999 366 2012 —.
385 1982 511 2012 Datum
529 1981 618 2020 apud
634 1980 927 2018 Urbemveterem,
942 1990 985 2010 xv
1006 1981 1168 2010 kalendas

151 2034 310 2074 januarii,
329 2043 416 2065 anno
436 2034 548 2065 tertio.
569 2044 585 2064 »

664 2186 788 2219 Orvieto,
808 2188 838 2214 12
850 2188 1002 2214 decembre
1019 2188 1095 2215 1203.

244 2189 342 2220 2374

189 2273 301 2299 Decauo
318 2271 456 2299 eeclesiae
473 2271 653 2303 Xanctensis,
665 2272 843 2299 Coloniensis
853 2272 986 2299 diocesis.
1003 2273 1121 2299 mandat
1139 2275 1166 2299 ut

154 2329 255 2348 omnes
276 2321 386 2348 litteras
404 2320 529 2348 directas
549 2329 634 2355 super
656 2321 816 2355 provisione
835 2321 861 2347 in
881 2321 1001 2347 ecclesia
1023 2320 1168 2353 ltossensi,

155 2369 335 2398 coloniensis
360 2370 494 2401 diocesis,
513 2370 566 2396 sibi
589 2369 697 2397 faciens
720 2369 858 2400 exhiberi,
877 2371 1013 2397 decernat
1029 2370 1092 2404 quis
1116 2370 1171 2404 pri-

155 2427 246 2450 mam,
262 2418 325 2453 quis
343 2419 510 2449 secundam,
528 2419 590 2453 quis
611 2418 713 2446 deinde
732 2420 927 2453 praebendam
944 2419 1053 2454 dejure
1068 2419 1169 2446 debeat

153 2468 294 2495 obtinere.
317 2468 396 2500 (Rau.
415 2468 459 2498 29,
478 2467 527 2494 fol.
543 2467 594 2495 271
612 2473 652 2500 νῦ,
674 2474 704 2494 n⁰
724 2469 814 2503 1423.)

196 2584 214 2605 «
236 2573 357 2603 Decano
375 2572 495 2602 ecclesie
510 2572 699 2608 Xeno-tensis,
720 2572 913 2603 Coloniensis
929 2573 1064 2603 diocesis.
1082 2574 1171 2604 Peti-

153 2627 202 2658 tio
231 2627 431 2657 dilectorum
455 2626 602 2656 filiorum
626 2644 674 2656 —.
699 2627 824 2656 Datum
845 2627 933 2665 apud
950 2627 1170 2658 Urbemvete-

155 2689 241 2716 rem,
259 2690 280 2710 11
300 2680 377 2710 idus
393 2679 594 2712 decembris.
612 2688 699 2710 anno
716 2680 827 2710 tertio.
849 2691 862 2706 »

246 2840 344 2871 2375
654 2836 779 2867 Orvicto,
800 2836 832 2864 18
847 2837 1000 2864 decembre
1017 2837 1096 2865 1263.

190 2923 313 2951 Johanni
340 2924 373 2950 de
398 2921 626 2952 Troamblecort,
657 2921 796 2948 canonico
824 2921 961 2953 Tullensi,
980 2921 1110 2956 indulget
1139 2923 1169 2948 ut

1230 310 1343 341 tempus
1363 315 1418 340 quo
1434 307 1508 340 apud
1530 308 1626 332 sudem
1643 307 1831 340 apostolicum
1851 308 2021 334 r==1nansv1=it
2044 309 2078 334 acl
2094 310 2238 341 negotium

1229 355 1480 382 subthesaurariac
1491 355 1632 380 'l'ullensis
1646 355 1782 381 eeclesiae
1792 357 2031 389 prsjquiiciiduin‚
2045 356 2072 382 111
2086 358 2239 383 residentia

1228 413 1314 438 quum
1332 404 1458 430 'l'ullensi
1475 404 1614 430 ecclesiae
1632 405 1725 430 debet.
1748 407 1952 438 computentur
1971 406 2137 440 fructusque
2162 415 2239 439 prav-

1230 453 1337 479 bendae
1353 453 1480 485 integros
1492 452 1637 486 percipere
1654 453 1755 479 valeat.
1772 454 1851 486 (ltro.
1867 455 1909 480 259.
1930 454 2039 481 [211.le
2056 460 2091 485 v0,
2106 461 2135 480 ΠΟ
2151 456 2239 481 lizi.)

1270 567 1285 585 t(
1304 557 1438 587 ,Iohanni
1456 558 1490 586 de
1512 557 1747 593 Troamblecort,
1767 559 1910 586 ctiiwnica
1933 557 2078 587 Tullensi.
2097 560 2179 589 (Iulii
2201 560 2238 589 ad

1230 611 1503 649 prosequendum
1519 629 1566 638 —.
1584 611 1707 640 Datum
1723 611 1812 648 apud
1826 611 2114 648 L'rbeniveterem,
2131 621 2171 641 xv
2187 613 2238 642 ka<

1230 663 1348 693 lendas
1363 663 1522 701 januarii,
1543 672 1629 693 anno
1646 663 1758 693 tertio.
1777 674 1790 691 11

1730 842 1853 870 Orrictov
1870 844 1904 869 2⁴»
1919 844 2070 869 decembre
2092 845 2167 870 121355.

1319 843 1417 874 237ss

1264 925 1402 960 Episcopo
1433 925 1634 952 Cainvraeensi
1662 927 1779 952 mandat
1811 929 1837 953 ut
1867 927 2017 953 ilenricum
2051 928 2084 953 de
2114 928 2237 961 Opwich.

1228 982 1383 1008 pauperem
1408 975 1613 1001 subdiaconum
1641 975 1857 1001 Cameracensis
1881 975 2016 1007 diocesis,
2039 979 2121 1002 antea
2138 985 2153 1002 a
2180 986 2237 1002 nia-

1229 1023 1319 1058 gistro
1333 1024 1429 1051 Petro,
1447 1023 1648 1050 archidiacono
1666 1024 1805 1050 Brulicnsi
1823 1024 1850 1050 in
1870 1025 1991 1051 ccclesia
2009 1026 2181 1059 ¹tgennensL
2211 1027 2237 1052 in

1229 1073 1391 1099 litteratura
1406 1072 1583 1099 sufficienter
1604 1073 1737 1099 idoneum
1756 1076 1915 1107 r‹·pcrtiiin,
1936 1074 2028 1099 denuo
2046 1074 2192 1100 examinet
2211 1077 2239 1100 vt

1227 1122 1261 1148 de
1278 1121 1373 1155 aliquo
1388 1122 1535 1152 beneficio,
1549 1130 1613 1148 cum
1633 1130 1700 1148 cura
1715 1122 1758 1147 vel
1771 1122 1831 1147 sine
1849 1130 1927 1153 eura,
1945 1123 1979 1148 ad
1994 1123 2176 1149 collationem
2197 1123 2237 1149 101

1228 1171 1493 1205 praesentationi-111
1519 1170 1619 1197 decani
1637 1174 1663 1197 et
1679 1171 1795 1205 capituli
1819 1171 1956 1197 ecclcsiae
1973 1172 1998 1198 b.
2017 1172 2120 1198 Mariae
2137 1172 2238 1197 'serire-

1228 1220 1397 1247 mundensis
1410 1223 1566 1254 spectante„
1585 1220 1741 1254 provideat.
1758 1220 1835 1254 (Rau.
1850 1221 1893 1251 ΕΩ,
1911 1220 1957 1246 t'ol.
1971 1221 2031 1251 271,
2050 1225 2088 1251 νῦ,
2103 1226 2133 1246 110
2148 1221 2238 1255 112ῐι.)

1269 1338 1283 1356 a
1304 1327 1457 1367 Episcopo
1478 1327 1699 1358 Camena-ensi.
1719 1328 1932 1358 Constitutus
1949 1329 1982 1358 in
1999 1330 2170 1367 presentia
2189 1347 2238 1360 —.

1227 1382 1350 1411 Datum
1377 1381 1466 1419 apud
1492 1381 1783 1415 Urbemveterem‚
1809 1391 1869 1411 xm
1896 1382 2058 1412 kalendas
2078 1382 2238 1421 januarii,

1229 1443 1315 1464 anno
1332 1435 1445 1465 tertio.
1464 1444 1481 1463 »

1720 1610 1843 1642 Orvieio,
1866 1612 1895 1637 123
1914 1610 2065 1637 decembre
2090 1611 2165 1637 tzeffl.

1316 1613 1414 1643 2377

1264 1696 1375 1722 Deeano
1397 1695 1537 1722 ecclcsiae
1558 1704 1580 1722 s.
1605 1695 1804 1730 Symphoriani
1825 1695 2108 1722 1z1=1m=usismaudat
2126 1699 2153 1721 ut
2180 1704 2238 1721 ina-

1227 1746 1352 1780 gistrum
1376 1744 1535 1771 Johannem
1554 1746 1589 1771 de
1609 1745 1694 1774 Bona,
1724 1744 1860 1771 clericum
1881 1747 1909 1771 et
1937 1743 2089 1771 officialem
2114 1744 2238 1778 episcopi

1227 1794 1392 1825 Meldcnsis,
1412 1794 1439 1820 in
1458 1793 1579 1820 ecclesia
1604 1793 1738 1820 Meldensi
1762 1794 1796 1819 dc
1818 1801 1889 1820 novo
1907 1793 1934 1819 in
1954 1793 2124 1819 canonicum
2152 1793 2238 1827 recipi

1228 1842 1325 1870 faeiat.
1346 1844 1424 1878 (ltus.
1441 1844 1485 1876 Est,
1505 1843 1553 1869 sol.
1571 1844 1633 1875 272,
1648 1848 1677 1868 [1ο
1698 1843 1788 1876 1426.)

1268 1966 1282 1980 (t
1309 1952 1431 1982 Decaiio
1448 1950 1569 1980 ecclesie
1586 1961 1610 1980 s.
1630 1949 1857 1990 Sympleoritmi
1876 1950 2039 1980 li'cmensis.
2058 1949 2237 1980 Venerabi-

1226 2007 1271 2037 lis
1296 2006 1398 2036 frater
1429 2006 1543 2035 noster
1565 2030 1570 2034 .
1593 2029 1597 2034 .
1625 2003 1806 2042 episcopus
1832 2003 2027 2038 Meldensis,
2058 2012 2117 2033 sua
2144 2003 2240 2033 nobis

1227 2060 1391 2099 petitione
1416 2057 1617 2088 monstravit
1637 2057 1727 2096 quod
1751 2065 1811 2086 nos
1835 2057 1916 2086 011111
1936 2056 2002 2086 sibi
2023 2056 2167 2087 faciendi
2193 2065 2239 2087 re·

1228 2114 1294 2153 cipi
1325 2113 1485 2143 dilectum
1508 2111 1616 2141 tilium
1641 2110 1841 2149 magistrum
1866 2110 2053 2140 .Johanne1n
2078 2110 2117 2140 de
2138 2111 2240 2146 Bena,

1227 2167 1387 2198 clericum
1407 2167 1438 2196 et
1462 2164 1643 2194 officialem
1670 2172 1781 2199 suum,
1804 2163 1838 2192 in
1855 2163 1997 2193 ecclesia
2021 2162 2185 2193 Meldensi
2208 2163 2242 2192 in

1228 2229 1294 2259 qua
1312 2219 1558 2258 prebendarum
1577 2216 1711 2247 collatio
1731 2217 1771 2246 ad
1788 2217 1943 2246 eumdem
1961 2216 2156 2254 episcopum
2170 2225 2240 2254 per-

1227 2274 1322 2308 tinet,
1343 2281 1379 2302 ac
1398 2271 1597 2311 providendi
1615 2269 1680 2300 sibi
1698 2270 1738 2299 de
1760 2269 1939 2308 prebenda,
1960 2269 1988 2298 si
2006 2278 2070 2308 qua
2087 2270 2164 2298 tunc
2188 2278 2239 2298 va-

1228 2327 1323 2357 cabat
1342 2325 1467 2356 ibidem
1486 2324 1537 2354 vel
1551 2332 1651 2362 quam
1673 2323 1820 2361 primum
1841 2322 1882 2352 ad
1899 2322 1932 2352 id
1948 2331 1982 2351 se
1996 2322 2128 2352 offerret
2147 2331 2242 2360 opor-

1226 2380 1367 2415 tunitas,
1391 2387 1519 2408 necnon
1546 2376 1810 2407 contradictores
1833 2384 1869 2405 ac
1892 2374 2036 2405 rebelles
2057 2383 2157 2413 super
2179 2375 2240 2405 hoc

1228 2443 1287 2473 per
1306 2441 1483 2463 censuram
1500 2430 1776 2464 ecclesiasticam,
1795 2428 2021 2467 appellatione
2037 2429 2239 2467 postposita,

1228 2486 1464 2526 compescendi
1483 2484 1677 2514 facultatem
1697 2491 1756 2521 per
1772 2483 1905 2511 nostras
1923 2481 2054 2512 litteras
2072 2481 2133 2511 sub
2152 2483 2240 2512 certa

1229 2541 1337 2571 forma
1377 2539 1538 2569 duximus
1573 2535 1832 2568 concedendam,
1868 2543 2009 2573 quarum
2042 2534 2241 2564 auctoritate

1229 2594 1437 2624 memoratus
1465 2590 1620 2622 officialis
1643 2590 1676 2619 in
1702 2589 1832 2628 prefata
1850 2588 1994 2618 ecclesia
2011 2588 2170 2618 canonice
2195 2596 2242 2618 re-

1228 2650 1344 2688 ceptus
1364 2648 1428 2678 suit
1447 2647 1479 2676 in
1506 2645 1703 2676 canonicum
1727 2645 1758 2674 et
1784 2644 1818 2674 in
1842 2643 1992 2674 fratrem.
2012 2643 2076 2674 Sed
2094 2643 2173 2682 quia
2194 2652 2242 2673 re-

1228 2702 1401 2740 ceptiones
1429 2699 1667 2731 canonicorum
1696 2697 1885 2737 prebendas
1910 2697 2160 2736 expectantium
2188 2705 2241 2726 va-

1228 2757 1376 2793 caturas,
1410 2754 1516 2784 factas
1543 2753 1576 2782 in
1609 2751 1763 2782 ecclesiis
1790 2759 1850 2790 per
1883 2751 2013 2781 litteras
2042 2750 2238 2780 facultatum

1228 2817 1408 2840 concessas
1437 2817 1455 2838 a
1483 2806 1581 2837 nobis
1610 2805 1749 2844 prelatis
1777 2806 1809 2835 et
1835 2804 1994 2843 capitulis
2018 2804 2240 2834 ecclesiarum

1227 2862 1421 2898 Remensis,
1444 2859 1650 2891 Senonensis
1672 2861 1704 2889 et
1724 2858 1950 2889 Bituricensis
1975 2857 2238 2896 provinciarum,

1228 2916 1444 2956 postmodum
1469 2914 1680 2945 cassavimus
1705 2912 1806 2943 certis
1829 2921 1868 2943 ex
1891 2911 2016 2945 causis,
2045 2909 2239 2950 hujusmodi
