2519 3262
188 180 246 210 150

186 263 324 293 titutum
351 262 384 291 et
416 258 668 293 nichilominus,
695 263 770 286 cum
796 254 837 285 ad
864 253 988 284 dictam
1017 251 1196 283 ecclesiam

187 315 327 348 venerit,
345 322 404 352 per
419 321 454 343 se
473 312 596 351 ipsum.
612 308 884 341 Contradictores
900 308 962 336 etc.
986 313 1093 343 usque
1109 313 1195 334 com«

186 367 364 407 pescendO.
391 366 517 396 Datum
539 363 628 402 apud
652 361 939 395 Urbemveterem,
960 367 1007 388 xit
1033 357 1195 387 kalendas

187 420 361 456 februarii,
381 427 466 450 3000
482 418 594 448 tertio.
615 427 629 445 n

732 574 856 606 Orvieto,
873 573 907 601 23
920 572 1032 608 jauvier
1046 572 1125 599 1204.

277 582 373 613 1223

222 664 360 699 Episcopo
378 661 517 690 liaudensi
539 662 545 680 ¹
566 660 692 695 indulget
711 662 738 686 ut
756 659 784 685 in
799 658 858 693 ejus
877 657 998 684 ccclesia
1013 664 1101 683 unum
1121 663 1198 689 pres-

187 714 318 747 bytorum
351 715 378 738 et
410 718 498 737 unum
530 710 683 736 diaconum
716 708 744 734 in
781 707 934 734 canonicos
972 705 1060 739 recipi
1100 704 1197 731 faciat.

189 762 267 791 (ltssc.
285 762 328 789 229.
347 759 395 786 sol.
414 759 458 792 96,
477 764 508 784 110
523 758 599 791 271.)

227 873 243 893 «
264 863 421 903 Episcopo
442 861 605 891 Laudensi.
622 860 673 891 Ad
693 859 900 890 audientiam
916 859 1080 894 nostram,
1101 860 1132 888 te
1153 859 1199 888 si-

188 916 377 955 gnificante,
405 914 558 954 pervenit
586 913 675 953 quod
704 912 895 942 Laudensis
922 912 1064 942 ecclesia
1083 911 1117 941 in
1134 920 1199 951 qua

187 969 425 999 canonicorum
444 967 563 998 electio
586 967 627 996 ad
650 965 837 1004 capitulum
857 965 967 1003 ipsius
986 965 1139 1001 ecclesie,
1158 965 1199 994 ad

186 1023 218 1051 te
239 1030 317 1052 vero
344 1020 513 1051 institutio
539 1021 667 1058 spectat
689 1019 856 1057 ipsorum,
875 1018 909 1048 in
937 1017 1149 1056 presbyteris
1168 1019 1200 1048 et

187 1075 338 1104 diaconis
366 1073 533 1104 defectum
556 1081 623 1102 non
643 1072 814 1102 modicum
844 1071 995 1101 noscitur
1016 1071 1196 1101 sustinere.

186 1128 257 1158 Nos
281 1127 405 1165 itaque,
431 1126 584 1156 volentes
604 1133 705 1164 super
727 1124 787 1155 hoc
808 1124 917 1155 eidem
935 1124 1076 1154 ecclesie
1090 1123 1198 1162 provi-

187 1180 265 1210 dere
283 1188 320 1209 30
338 1179 401 1209 tibi
422 1179 564 1218 gratiam
584 1178 692 1208 facere
709 1177 904 1216 specialem,
929 1176 1074 1207 faciendi
1090 1185 1150 1215 per
1167 1178 1199 1207 te

188 1233 241 1263 vel
261 1241 319 1271 per
343 1232 447 1262 alium
467 1231 500 1261 in
524 1231 641 1261 eadem
659 1239 763 1261 unum
787 1229 1025 1269 presbyterum
1046 1231 1078 1260 et
1094 1238 1200 1259 unum

187 1286 365 1316 diaconum
384 1285 534 1324 ydoneos
552 1284 586 1313 in
606 1284 784 1314 canonicos
802 1283 907 1322 recipi
927 1285 958 1313 et
976 1283 1010 1312 in
1028 1283 1149 1313 fratres
1169 1284 1199 1313 et

188 1337 388 1377 providendi
414 1346 530 1367 eorum
549 1337 694 1376 singulis
721 1337 760 1366 de
787 1336 933 1375 singulis
950 1335 1143 1374 prebendis,
1171 1335 1199 1364 si

189 1392 307 1421 vacant
326 1390 453 1420 ibidem
470 1390 511 1420 ad
527 1398 668 1428 presens
692 1389 744 1419 vel
761 1389 1013 1428 quamprimum
1036 1389 1076 1418 ad
1094 1388 1127 1418 id
1143 1388 1200 1419 ob-

190 1443 305 1473 tulerit
317 1451 352 1473 se
366 1442 521 1478 facultas,
536 1451 665 1472 necnon
675 1441 940 1472 contradictores
952 1450 1011 1480 per
1021 1450 1200 1472 censuram

189 1495 466 1529 ecclesiasticam,
483 1495 710 1534 appellatione
729 1494 930 1533 postposita,
951 1494 1199 1533 compescendi,

189 1557 251 1578 non
279 1548 433 1578 obstante
457 1549 546 1578 certo
574 1548 684 1586 ipsius
706 1547 847 1578 ecclesie
874 1548 1112 1577 canonicorum
1139 1556 1199 1577 nu-

189 1610 293 1636 mero,
317 1601 520 1640 juramento,
539 1600 791 1631 confirmatione
810 1600 901 1631 sedis
919 1601 1102 1639 apostolice
1129 1601 1201 1631 sive

189 1663 399 1693 quacumque
416 1654 575 1684 firmitate
591 1654 726 1690 vallato,
747 1653 888 1684 liberam
906 1653 967 1684 tibi
985 1654 1200 1685 concedimus

190 1708 388 1738 auctoritate
418 1707 628 1746 presentium
660 1707 866 1738 facultatem.
887 1707 1055 1737 Volumus
1087 1709 1201 1738 autem

189 1761 276 1799 quod
298 1761 375 1800 ipsi,
403 1769 479 1791 cum
504 1760 693 1799 prebendas
714 1760 747 1790 in
769 1760 885 1790 eadem
907 1760 1049 1790 ecclesia
1075 1760 1201 1791 fuerint

190 1814 348 1850 assecuti,
364 1814 583 1844 residentiam
601 1814 634 1843 in
652 1822 690 1843 ea
702 1813 825 1844 faciant
837 1813 1062 1852 personalem.
1074 1814 1200 1844 Datum

191 1866 277 1904 apud
299 1866 588 1902 Urbemveterem,
606 1875 628 1896 x
653 1866 815 1897 kalendas
836 1866 1009 1901 februarii,
1029 1875 1116 1897 anno
1134 1868 1201 1897 ter-

191 1919 248 1949 tio.
271 1929 284 1946 n

286 2088 377 2118 1224
796 2085 920 2112 Orvieto.
938 2087 952 2111 Τ
973 2085 1030 2112 mai
1054 2086 1130 2113 1202.

227 2170 407 2204 Dispensatio
419 2177 504 2204 super
523 2169 709 2196 matrimonio
726 2169 824 2196 illicite
842 2172 989 2196 contracto
1003 2170 1154 2197 ‹zuillelmo
1168 2171 1201 2197 de

192 2219 355 2246 tlurtiniaco
383 2222 409 2245 ct
435 2219 539 2251 Agncti
565 2218 598 2244 110
626 2218 827 2252 Petrapertusa
854 2218 1029 2245 conceditur.
1059 2219 1138 2252 (11110.
1156 2220 1200 2249 29,

192 2268 239 2294 t'ol.
259 2270 305 2301 vu,
327 2268 443 2302 mssa.)

232 2388 246 2405 11
265 2376 369 2406 Nobili
386 2377 452 2406 viro
471 2375 631 2406 Guillelmu
646 2377 681 2407 de
696 2377 887 2413 Curtiniaco,
907 2377 1089 2407 Senonensis
1105 2377 1202 2408 dioce-

192 2430 243 2460 sis.
260 2429 381 2460 Oblata
397 2429 493 2460 nobis
513 2438 553 2460 ex
576 2432 669 2468 parte
691 2432 749 2460 tua
768 2430 885 2469 petitio
907 2430 1099 2461 continebat
1114 2432 1203 2470 quod

193 2484 228 2512 tu
247 2482 327 2512 olim
350 2491 426 2513 cum
451 2482 558 2513 nobili
578 2483 720 2513 muliere
747 2484 875 2522 Agnete
898 2483 937 2514 de
963 2484 1202 2522 Petrapertusa

194 2543 252 2573 per
271 2535 371 2565 verba
388 2535 428 2566 de
446 2535 594 2574 presenti
620 2536 875 2566 matrimonium
901 2536 935 2566 in
952 2536 1036 2567 facie
1061 2537 1203 2568 ecclesie

193 2588 404 2618 contraxisti.
427 2588 554 2618 Verum
570 2588 659 2626 quia,
679 2590 765 2619 sicut
781 2589 919 2623 asseris,
937 2589 1062 2620 nobilis
1082 2590 1157 2629 ipsa
1170 2593 1202 2621 te

194 2642 313 2678 quarto
331 2641 436 2679 gradu
455 2641 758 2680 consanguinitatis
774 2642 949 2681 contingit,
977 2642 1074 2672 nobis
1092 2643 1203 2673 humi-

194 2691 271 2722 liter
296 2692 496 2730 supplicasti
521 2694 568 2729 ut,
594 2702 669 2723 cum
683 2693 815 2732 jamdiu
838 2694 889 2724 illi
909 2694 1154 2726 cohabitaveris
1172 2698 1202 2727 et

227 2799 248 2821 1.
266 2797 306 2822 On
324 2797 455 2828 pourrait
470 2798 550 2822 aussi
564 2798 616 2823 1110
638 2799 803 2824 Laudunensi
826 2803 851 2824 et
871 2800 943 2825 dans
959 2807 989 2825 00
1006 2807 1064 2828 cas.
1080 2801 1098 2825 il
1114 2803 1202 2827 serait

215 2841 326 2866 ucstion
341 2841 375 2866 110
394 2842 471 2866 Laon
488 2849 524 2867 au
543 2842 600 2867 lieu
615 2843 647 2867 de
662 2843 741 2867 Lodi.

936 167 1182 200 REGISTRES
1209 165 1423 197 D'URBAIN
1451 165 1508 195 IV.

1254 248 1384 287 prolem
1401 247 1593 285 susceperis
1610 255 1651 277 ex
1668 246 1796 280 eadem,
1815 246 1993 285 providere
2017 255 2119 285 super
2132 246 2193 278 hoc
2208 256 2266 278 vo-

1253 301 1307 331 bis
1333 310 1392 340 per
1409 300 1594 339 apostolice
1612 299 1879 338 dispensationis
1894 300 2039 338 gratiam
2057 308 2266 330 curaremus.

1254 355 1324 385 Nos
1350 354 1462 392 igitur,
1493 353 1561 383 tuis
1584 351 1890 391 supplicationibus
1906 352 2072 386 inclinati,
2092 352 2267 383 vobiscum

1254 410 1300 444 ut,
1322 406 1564 445 impedimento
1584 405 1779 444 hujusmodi
1796 413 1862 435 non
1881 404 2048 440 obstante,
2068 405 2103 434 in
2128 405 2176 435 sic
2195 413 2268 436 cou-

1254 461 1359 490 tracto
1378 458 1594 488 matrimonio
1606 457 1698 487 licite
1716 466 1890 488 remanere
1906 457 2050 496 possitis
2069 457 2269 488 auctoritate

1254 512 1464 551 presentium
1482 511 1732 550 dispensamus,
1760 511 1889 549 prolem
1915 510 1993 540 inde
2019 512 2212 549 susceptam
2239 512 2270 541 et

1255 564 1506 603 suscipiendam
1527 564 1714 602 legitimam
1735 563 1963 594 decernentes.
1983 563 2079 594 Nulli
2098 572 2177 602 ergo
2194 572 2270 594 nos-

1255 620 1305 649 tre
1328 617 1594 656 dispensationis
1616 619 1646 647 et
1663 617 1918 647 constitutionis
1943 618 2004 647 etc.
2032 617 2158 647 Datum
2178 617 2269 655 apud

1256 670 1545 706 L'rbemveterem,
1565 670 1664 700 nonis
1681 670 1774 706 maii,
1793 678 1879 700 anno
1893 670 2006 700 tertio.
2025 679 2043 699 »

1349 865 1445 896 1225

1749 862 1876 895 orviem,
1890 863 1925 890 23
1941 863 2100 890 novembre
2122 863 2200 890 1:203.

1292 949 1394 975 Abbati
1409 947 1555 974 Lesatensi
1573 948 1691 974 mandat
1713 950 1743 974 111
1761 947 1934 982 magistrum
1953 948 2083 981 Petrum,
2097 947 2274 974 archidiaco-

1257 1005 1325 1024 num
1343 997 1523 1024 Brulicnsem
1544 996 1572 1023 in
1599 996 1720 1023 ecclesia
1738 996 1914 1031 Agennensi,
1938 997 2047 1023 socium
2072 995 2206 1031 magistri
2225 996 2274 1024 Mi·

1256 1045 1374 1077 chaelis,
1395 1048 1502 1072 sancta?
1530 1046 1667 1072 Romana²
1694 1045 1823 1072 ccclesia}
1847 1044 2087 1078 vicecancellarii,
2110 1045 2138 1072 in
2160 1053 2272 1080 posses-

1257 1095 1368 1122 sionem
1395 1094 1538 1129 prioratus
1559 1095 1592 1121 de
1617 1094 1765 1126 Villareio,
1793 1094 1975 1129 Agennensis
1999 1094 2134 1126 diocesis,
2162 1094 2271 1122 mittat.

1258 1144 1336 1177 (Rea.
1353 1144 1399 1177 29,
1417 1143 1465 1170 fol.
1481 1145 1526 1175 96,
1550 1148 1579 1169 n⁶
1597 1144 1672 1176 273.)

1300 1263 1314 1282 (1
1332 1252 1444 1283 Abbati
1461 1253 1627 1288 Lesatensz',
1647 1252 1862 1283 Cluniacensis
1879 1252 2007 1288 ordinis,
2026 1251 2196 1283 Tholosane
2210 1252 2273 1282 dio-

1259 1307 1343 1336 cesis.
1365 1306 1429 1336 Illo
1457 1308 1545 1337 recte
1575 1306 1717 1336 rationis
1743 1307 1898 1337 examine
1920 1315 1986 1345 quo
2019 1306 2116 1337 sedes
2139 1308 2274 1345 aposto-

1258 1359 1324 1390 lica
1340 1359 1462 1390 merita
1475 1359 1688 1398 singulorum
1706 1359 1866 1398 appendit
1885 1359 1966 1398 (sici,
1981 1367 2039 1390 005
2050 1359 2194 1398 premiis
2205 1367 2272 1390 am-

1258 1412 1380 1450 plioris
1407 1411 1644 1442 retributionis
1666 1411 1826 1442 attollens
1848 1412 1906 1451 qui
1928 1412 2061 1442 meritis
2082 1411 2273 1450 potioribus

1259 1463 1473 1501 adJuvantur,
1502 1463 1707 1493 conveniens
1726 1463 1920 1501 judicamus
1947 1465 1978 1493 et
2002 1463 2153 1494 debitum
2171 1466 2207 1495 ut
2226 1465 2272 1495 di-

1257 1516 1366 1546 lectus
1383 1516 1476 1546 filius
1489 1516 1652 1555 magister
1664 1516 1797 1553 Petrus,
1813 1516 2070 1547 archidiaconus
2082 1517 2275 1548 Bruliensis

1259 1570 1294 1599 in
1321 1569 1465 1599 ecclesia
1493 1569 1701 1608 Agermensi,
1736 1569 1850 1599 socius
1882 1569 1997 1600 dilecti
2025 1570 2087 1600 filii
2118 1571 2274 1610 magistri

1258 1622 1446 1658 Michaelis,
1468 1624 1680 1652 sacrosancte
1699 1622 1852 1653 Romane
1871 1622 2012 1653 ecclesie
2038 1623 2277 1654 vicecancella-

1258 1676 1313 1711 rii,
1334 1676 1530 1714 experiatur
1546 1676 1686 1706 eandem
1705 1675 1818 1706 sedem
1836 1675 1871 1705 in
1893 1676 1966 1706 suis
1984 1676 2273 1715 oportunitatibus

1259 1729 1480 1759 favorabilem
1495 1730 1525 1759 et
1540 1729 1574 1758 in
1590 1729 1776 1768 gratiarum
1787 1728 2160 1760 afssuentialiheralem.
2173 1730 2271 1765 Sane,

1260 1783 1467 1813 monasterio
1480 1782 1726 1819 Aureliacensi,
1741 1782 1781 1812 ad
1793 1782 1982 1813 Romanam
1995 1783 2275 1814 ecclesiamnullo

1259 1836 1371 1866 medio
1390 1835 1590 1874 pertinente,
1609 1835 1739 1865 ordinis
1752 1836 1859 1866 sancti
1876 1836 2061 1873 Benedicti,
2081 1837 2274 1868 Claromon-

1258 1889 1366 1919 tensis
1386 1889 1543 1924 diocesis,
1561 1888 1693 1918 abbatis
1713 1889 1877 1927 regimine
1894 1889 2069 1926 destituto,
2089 1892 2275 1920 conventus

1259 1940 1412 1978 ejusdem
1439 1941 1638 1970 monasterii
1664 1941 1972 1979 compromiserunt
1990 1941 2025 1971 in
2049 1941 2215 1980 quosdam
2233 1950 2275 1972 ex

1259 1992 1309 2022 eis
1328 1993 1386 2031 qui
1406 1993 1585 2031 quemdam
1606 1994 1716 2032 ipsius
1735 1994 1934 2024 monasterii
1952 1994 2153 2024 monachum
2169 1994 2203 2024 in
2220 1993 2275 2025 ab·

1258 2045 1371 2075 batem
1391 2046 1500 2084 ipsius
1524 2047 1722 2077 monasterii
1741 2047 1926 2086 elegerunt.
1948 2047 1989 2077 Et
2005 2047 2083 2077 licet
2100 2047 2141 2077 ab
2159 2047 2276 2087 hujus-

1259 2098 1350 2128 modi
1370 2098 1532 2129 electione
1549 2099 1590 2129 ad
1609 2100 1724 2130 sedem
1741 2100 1883 2130 eandem
1898 2099 1999 2130 fuerit
2017 2100 2225 2139 appellatum
2242 2102 2274 2131 et

1260 2151 1476 2189 postmodum
1500 2152 1570 2187 ille,
1597 2161 1656 2182 sue
1674 2152 1850 2183 electionis
1875 2161 1940 2183 non
1957 2155 2131 2192 expectata
2147 2153 2275 2184 discus·

1260 2204 1369 2239 sione,
1396 2204 1464 2243 juri
1481 2205 1509 2234 si
1528 2205 1617 2244 quod
1640 2205 1706 2235 sibi
1729 2214 1770 2236 ex
1790 2206 1953 2236 electione
1970 2206 2165 2245 hujusmodi
2181 2207 2276 2238 vide-

1260 2257 1358 2287 batur
1375 2260 1576 2296 competere,
1597 2258 1630 2288 in
1647 2258 1805 2289 manibus
1823 2259 1952 2289 nostris
1964 2260 2117 2296 cesserit,
2131 2259 2275 2291 nichilo-

1260 2310 1374 2340 minus
1389 2313 1501 2341 tamen
1513 2311 1584 2349 ipse
1602 2311 1749 2346 interim,
1769 2312 1938 2351 pendente
1953 2312 2148 2352 hujusmodi
2159 2313 2274 2352 appel-

1261 2363 1399 2393 lationis
1418 2363 1572 2401 articulo,
1587 2365 1683 2403 quasi
1702 2365 1787 2396 foret
1803 2365 1932 2396 electus
1950 2365 1985 2396 in
1996 2366 2174 2396 concordia
2185 2368 2273 2397 etex

1260 2415 1320 2446 hoc
1334 2416 1520 2455 legitimam
1538 2426 1574 2447 ac
1586 2418 1760 2456 pacificam
1777 2418 2111 2450 administrationem
2123 2419 2272 2457 haberet,

1260 2469 1300 2500 de
1316 2469 1467 2500 vilareio
1486 2471 1699 2509 Agennensis
1711 2471 1834 2510 primo,
1853 2474 1884 2502 et
1902 2471 2144 2503 nichilominus
2156 2475 2274 2512 postea

1262 2522 1301 2553 de
1326 2522 1490 2559 Dausato,
1514 2523 1806 2555 Claromontensis
1832 2525 2006 2556 diocesum
2023 2526 2207 2564 prioratus,
2232 2525 2274 2557 ad

1261 2576 1506 2606 monasterium
1531 2576 1643 2615 ipsum
1669 2579 1862 2616 spectantes
1887 2580 1920 2609 et
1941 2580 2122 2609 consuetos
2141 2579 2275 2610 clericis

1261 2628 1475 2659 secularibus
1501 2630 1683 2669 assignari,
1713 2631 1876 2670 magistro
1904 2631 2091 2662 Guillelmo
2115 2631 2273 2668 Rolandi,

1261 2681 1384 2712 clerico
1419 2682 1571 2720 eJusdem
1599 2683 1891 2714 Clau-omontensis
1922 2684 2080 2721 diocesis,
2115 2685 2155 2715 de
2189 2685 2275 2717 sacto

1261 2734 1414 2765 conferre
1436 2737 1655 2775 presumpsit.
1673 2738 1758 2768 Cum
1785 2737 1888 2775 igitur
1919 2737 2056 2768 collatio
2080 2737 2275 2777 hujusmodi

1261 2787 1432 2826 prioratus
1449 2788 1489 2818 de
1507 2789 1657 2820 vilareio
1674 2789 1722 2820 sic
1740 2792 1938 2829 presumpta
1953 2799 2013 2829 per
2027 2790 2172 2821 eundem
2189 2791 2271 2822 elec-

1261 2842 1344 2878 tum,
1355 2843 1431 2880 post
1445 2842 1707 2880 appellationem
1722 2844 1837 2873 contra
1849 2843 1962 2882 ipsum
1973 2843 2014 2873 ad
2024 2851 2085 2874 nos
2097 2844 2271 2881 emissam,
