<?xml version="1.0" encoding="UTF-8"?>
<!DOCTYPE html PUBLIC "-//W3C//DTD XHTML 1.0 Transitional//EN"
    "http://www.w3.org/TR/xhtml1/DTD/xhtml1-transitional.dtd">
<html xmlns="http://www.w3.org/1999/xhtml" xml:lang="en" lang="en">
 <head>
  <title>
</title>
<meta http-equiv="Content-Type" content="text/html;charset=utf-8" />
  <meta name='ocr-system' content='tesseract 3.04.00' />
  <meta name='ocr-capabilities' content='ocr_page ocr_carea ocr_par ocr_line ocrx_word'/>
</head>
<body>
  <div class='ocr_page' id='page_1' title='image "./lesregistresdurb34cath/lesregistresdurb34cath_0477.png"; bbox 0 0 2519 3262; ppageno 0'>
   <div class='ocr_carea' id='block_1_1' title="bbox 1031 259 1460 300">
    <p class='ocr_par' dir='ltr' id='par_1_1' title="bbox 1031 259 1460 300">
     <span class='ocr_line' id='line_1_1' title="bbox 1031 259 1460 300; baseline 0.002 -3"><span class='ocrx_word' id='word_1_1' title='bbox 1031 267 1056 297; x_wconf 85' lang='lat' dir='ltr'>T</span> <span class='ocrx_word' id='word_1_2' title='bbox 1060 259 1267 298; x_wconf 74' lang='lat' dir='ltr'>ROISIEME</span> <span class='ocrx_word' id='word_1_3' title='bbox 1297 262 1460 300; x_wconf 78' lang='lat' dir='ltr'>ANNEE.</span> 
     </span>
    </p>
   </div>
   <div class='ocr_carea' id='block_1_2' title="bbox 290 350 1138 383">
    <p class='ocr_par' dir='ltr' id='par_1_2' title="bbox 290 350 1138 383">
     <span class='ocr_line' id='line_1_2' title="bbox 290 350 1138 383; baseline 0.008 -12"><span class='ocrx_word' id='word_1_4' title='bbox 290 350 388 381; x_wconf 75' lang='lat' dir='ltr'>257ss</span> <span class='ocrx_word' id='word_1_5' title='bbox 782 350 906 383; x_wconf 73' lang='lat' dir='ltr'>Orvieto,</span> <span class='ocrx_word' id='word_1_6' title='bbox 927 350 957 376; x_wconf 88' lang='lat'>13</span> <span class='ocrx_word' id='word_1_7' title='bbox 975 350 1045 376; x_wconf 80' lang='lat' dir='ltr'>avril</span> <span class='ocrx_word' id='word_1_8' title='bbox 1062 351 1138 378; x_wconf 78' lang='grc'><strong>1261.</strong></span> 
     </span>
    </p>
   </div>
   <div class='ocr_carea' id='block_1_3' title="bbox 239 434 1211 470">
    <p class='ocr_par' dir='ltr' id='par_1_3' title="bbox 239 434 1211 470">
     <span class='ocr_line' id='line_1_3' title="bbox 239 434 1211 470; baseline 0 -8"><span class='ocrx_word' id='word_1_9' title='bbox 239 434 378 470; x_wconf 82' lang='lat' dir='ltr'>Episcopo</span> <span class='ocrx_word' id='word_1_10' title='bbox 404 434 582 470; x_wconf 70' lang='lat' dir='ltr'>Egitaniensi</span> <span class='ocrx_word' id='word_1_11' title='bbox 606 437 721 462; x_wconf 78' lang='lat' dir='ltr'>mandat</span> <span class='ocrx_word' id='word_1_12' title='bbox 746 438 774 462; x_wconf 87' lang='grc'>111</span> <span class='ocrx_word' id='word_1_13' title='bbox 798 436 834 462; x_wconf 82' lang='lat' dir='ltr'>ad</span> <span class='ocrx_word' id='word_1_14' title='bbox 856 436 1049 470; x_wconf 65' lang='lat' dir='ltr'>provisionem</span> <span class='ocrx_word' id='word_1_15' title='bbox 1072 435 1211 462; x_wconf 80' lang='lat' dir='ltr'>Doininici</span> 
     </span>
    </p>
   </div>
   <div class='ocr_carea' id='block_1_4' title="bbox 202 483 1210 568">
    <p class='ocr_par' dir='ltr' id='par_1_4' title="bbox 202 483 1210 568">
     <span class='ocr_line' id='line_1_4' title="bbox 204 483 1210 520; baseline -0.001 -10"><span class='ocrx_word' id='word_1_16' title='bbox 204 483 311 518; x_wconf 81' lang='lat' dir='ltr'>Pelagii</span> <span class='ocrx_word' id='word_1_17' title='bbox 341 485 486 518; x_wconf 78' lang='lat' dir='ltr'>procedat,</span> <span class='ocrx_word' id='word_1_18' title='bbox 522 484 602 520; x_wconf 75' lang='lat' dir='ltr'>juxta</span> <span class='ocrx_word' id='word_1_19' title='bbox 642 485 769 519; x_wconf 80' lang='lat' dir='ltr'>priorum</span> <span class='ocrx_word' id='word_1_20' title='bbox 799 484 1007 511; x_wconf 81' lang='lat' dir='ltr'>continentiam</span> <span class='ocrx_word' id='word_1_21' title='bbox 1037 484 1210 511; x_wconf 81' lang='lat' dir='ltr'>litterarum.</span> 
     </span>
     <span class='ocr_line' id='line_1_5' title="bbox 202 533 690 568; baseline 0.002 -9"><span class='ocrx_word' id='word_1_22' title='bbox 202 533 279 566; x_wconf 74' lang='lat' dir='ltr'>(Bm.</span> <span class='ocrx_word' id='word_1_23' title='bbox 300 533 344 563; x_wconf 82' lang='grc'><strong>29,</strong></span> <span class='ocrx_word' id='word_1_24' title='bbox 361 533 408 560; x_wconf 87' lang='lat' dir='ltr'>fol.</span> <span class='ocrx_word' id='word_1_25' title='bbox 427 534 477 561; x_wconf 88' lang='lat'>311</span> <span class='ocrx_word' id='word_1_26' title='bbox 496 539 535 568; x_wconf 64' lang='grc' dir='ltr'>νο,</span> <span class='ocrx_word' id='word_1_27' title='bbox 554 540 584 560; x_wconf 75' lang='grc'>110</span> <span class='ocrx_word' id='word_1_28' title='bbox 600 534 690 567; x_wconf 78' lang='grc'><strong>1628.)</strong></span> 
     </span>
    </p>
   </div>
   <div class='ocr_carea' id='block_1_5' title="bbox 244 638 1211 679">
    <p class='ocr_par' dir='ltr' id='par_1_5' title="bbox 244 638 1211 679">
     <span class='ocr_line' id='line_1_6' title="bbox 244 638 1211 679; baseline 0 -12"><span class='ocrx_word' id='word_1_29' title='bbox 244 648 258 668; x_wconf 86' lang='grc'>((</span> <span class='ocrx_word' id='word_1_30' title='bbox 275 638 473 678; x_wconf 73' lang='lat' dir='ltr'>Eqicaniensi</span> <span class='ocrx_word' id='word_1_31' title='bbox 489 639 667 679; x_wconf 42' lang='lat' dir='ltr'>[episcopoj</span> <span class='ocrx_word' id='word_1_32' title='bbox 684 639 751 669; x_wconf 78' lang='lat' dir='ltr'>Sua</span> <span class='ocrx_word' id='word_1_33' title='bbox 766 639 864 669; x_wconf 90' lang='lat' dir='ltr'>nobis</span> <span class='ocrx_word' id='word_1_34' title='bbox 881 639 1024 669; x_wconf 87' lang='lat' dir='ltr'>dilectus</span> <span class='ocrx_word' id='word_1_35' title='bbox 1042 638 1134 668; x_wconf 77' lang='lat' dir='ltr'>iilius</span> <span class='ocrx_word' id='word_1_36' title='bbox 1147 638 1211 668; x_wconf 92' lang='lat' dir='ltr'>Do·</span> 
     </span>
    </p>
   </div>
   <div class='ocr_carea' id='block_1_6' title="bbox 1240 439 1243 685">
    <p class='ocr_par' dir='ltr' id='par_1_6' title="bbox 1240 439 1243 685">
     <span class='ocr_line' id='line_1_7' title="bbox 1240 439 1243 506; baseline 0 0"><span class='ocrx_word' id='word_1_37' title='bbox 1240 439 1243 506; x_wconf 72' lang='grc'>1</span> 
     </span>
     <span class='ocr_line' id='line_1_8' title="bbox 1240 507 1242 575; baseline 0 0"><span class='ocrx_word' id='word_1_38' title='bbox 1240 507 1242 575; x_wconf 72' lang='grc'>1</span> 
     </span>
     <span class='ocr_line' id='line_1_9' title="bbox 1240 625 1241 685; baseline 0 0"><span class='ocrx_word' id='word_1_39' title='bbox 1240 625 1241 685; x_wconf 64' lang='lat' dir='ltr'>i</span> 
     </span>
    </p>
   </div>
   <div class='ocr_carea' id='block_1_7' title="bbox 204 690 1242 731">
    <p class='ocr_par' dir='ltr' id='par_1_7' title="bbox 204 690 1242 731">
     <span class='ocr_line' id='line_1_10' title="bbox 204 690 1242 731; baseline -0.002 -10"><span class='ocrx_word' id='word_1_40' title='bbox 204 692 349 721; x_wconf 86' lang='lat' dir='ltr'>minicus</span> <span class='ocrx_word' id='word_1_41' title='bbox 371 692 511 730; x_wconf 79' lang='lat' dir='ltr'>Pelagii,</span> <span class='ocrx_word' id='word_1_42' title='bbox 532 701 659 731; x_wconf 81' lang='lat' dir='ltr'>pauper</span> <span class='ocrx_word' id='word_1_43' title='bbox 681 691 849 730; x_wconf 79' lang='lat' dir='ltr'>presbiter</span> <span class='ocrx_word' id='word_1_44' title='bbox 869 694 923 722; x_wconf 92' lang='lat' dir='ltr'>tue</span> <span class='ocrx_word' id='word_1_45' title='bbox 945 691 1102 724; x_wconf 79' lang='lat' dir='ltr'>diocesis,</span> <span class='ocrx_word' id='word_1_46' title='bbox 1126 690 1209 728; x_wconf 85' lang='lat' dir='ltr'>peti-</span> <span class='ocrx_word' id='word_1_47' title='bbox 1241 714 1242 723; x_wconf 66' lang='grc'>,</span> 
     </span>
    </p>
   </div>
   <div class='ocr_carea' id='block_1_8' title="bbox 203 743 1213 940">
    <p class='ocr_par' dir='ltr' id='par_1_8' title="bbox 203 743 1213 940">
     <span class='ocr_line' id='line_1_11' title="bbox 203 743 1212 783; baseline -0.003 -9"><span class='ocrx_word' id='word_1_48' title='bbox 203 745 294 775; x_wconf 83' lang='lat' dir='ltr'>tione</span> <span class='ocrx_word' id='word_1_49' title='bbox 307 745 507 775; x_wconf 79' lang='lat' dir='ltr'>monstravit</span> <span class='ocrx_word' id='word_1_50' title='bbox 526 745 626 783; x_wconf 82' lang='lat' dir='ltr'>quod,</span> <span class='ocrx_word' id='word_1_51' title='bbox 649 753 724 774; x_wconf 90' lang='lat' dir='ltr'>cum</span> <span class='ocrx_word' id='word_1_52' title='bbox 741 744 821 774; x_wconf 89' lang='lat' dir='ltr'>olim</span> <span class='ocrx_word' id='word_1_53' title='bbox 841 744 950 774; x_wconf 83' lang='lat' dir='ltr'>felicis</span> <span class='ocrx_word' id='word_1_54' title='bbox 967 743 1212 773; x_wconf 85' lang='lat' dir='ltr'>recordationis</span> 
     </span>
     <span class='ocr_line' id='line_1_12' title="bbox 204 796 1212 836; baseline -0.003 -8"><span class='ocrx_word' id='word_1_55' title='bbox 204 797 398 828; x_wconf 77' lang='lat' dir='ltr'><strong>Alexander</strong></span> <span class='ocrx_word' id='word_1_56' title='bbox 410 806 507 836; x_wconf 84' lang='lat' dir='ltr'>papa,</span> <span class='ocrx_word' id='word_1_57' title='bbox 525 798 743 836; x_wconf 74' lang='lat' dir='ltr'>predecessor</span> <span class='ocrx_word' id='word_1_58' title='bbox 757 799 883 833; x_wconf 84' lang='lat' dir='ltr'>noster,</span> <span class='ocrx_word' id='word_1_59' title='bbox 899 796 960 826; x_wconf 87' lang='lat' dir='ltr'>tihi</span> <span class='ocrx_word' id='word_1_60' title='bbox 978 796 1040 826; x_wconf 90' lang='lat' dir='ltr'>sub</span> <span class='ocrx_word' id='word_1_61' title='bbox 1052 805 1091 826; x_wconf 90' lang='lat' dir='ltr'>ea</span> <span class='ocrx_word' id='word_1_62' title='bbox 1104 796 1212 826; x_wconf 83' lang='lat' dir='ltr'>forma</span> 
     </span>
     <span class='ocr_line' id='line_1_13' title="bbox 203 848 1211 889; baseline -0.002 -9"><span class='ocrx_word' id='word_1_63' title='bbox 203 850 389 881; x_wconf 89' lang='lat' dir='ltr'>secundum</span> <span class='ocrx_word' id='word_1_64' title='bbox 406 859 506 889; x_wconf 87' lang='lat' dir='ltr'>quam</span> <span class='ocrx_word' id='word_1_65' title='bbox 525 859 584 889; x_wconf 92' lang='lat' dir='ltr'>pro</span> <span class='ocrx_word' id='word_1_66' title='bbox 601 850 806 889; x_wconf 84' lang='lat' dir='ltr'>pauperibus</span> <span class='ocrx_word' id='word_1_67' title='bbox 821 849 954 880; x_wconf 80' lang='lat' dir='ltr'>clericis</span> <span class='ocrx_word' id='word_1_68' title='bbox 970 848 1211 879; x_wconf 78' lang='lat' dir='ltr'>beneficiandis</span> 
     </span>
     <span class='ocr_line' id='line_1_14' title="bbox 203 901 1213 940; baseline -0.003 -6"><span class='ocrx_word' id='word_1_69' title='bbox 203 903 351 934; x_wconf 85' lang='lat' dir='ltr'>scribere</span> <span class='ocrx_word' id='word_1_70' title='bbox 371 904 555 940; x_wconf 78' lang='lat' dir='ltr'>consuevit,</span> <span class='ocrx_word' id='word_1_71' title='bbox 571 903 643 934; x_wconf 92' lang='lat' dir='ltr'>suis</span> <span class='ocrx_word' id='word_1_72' title='bbox 661 903 791 933; x_wconf 81' lang='lat' dir='ltr'>dederit</span> <span class='ocrx_word' id='word_1_73' title='bbox 808 903 931 932; x_wconf 86' lang='lat' dir='ltr'>litteris</span> <span class='ocrx_word' id='word_1_74' title='bbox 949 902 982 932; x_wconf 90' lang='lat' dir='ltr'>in</span> <span class='ocrx_word' id='word_1_75' title='bbox 995 901 1163 932; x_wconf 85' lang='lat' dir='ltr'>mandatis</span> <span class='ocrx_word' id='word_1_76' title='bbox 1177 903 1213 932; x_wconf 84' lang='lat' dir='ltr'>ut</span> 
     </span>
    </p>
   </div>
   <div class='ocr_carea' id='block_1_9' title="bbox 202 1008 1212 1155">
    <p class='ocr_par' dir='ltr' id='par_1_9' title="bbox 202 1008 1212 1155">
     <span class='ocr_line' id='line_1_15' title="bbox 207 1008 1211 1048; baseline -0.003 -8"><span class='ocrx_word' id='word_1_77' title='bbox 207 1018 296 1045; x_wconf 74' lang='lat' dir='ltr'>cura,</span> <span class='ocrx_word' id='word_1_78' title='bbox 322 1010 362 1040; x_wconf 86' lang='lat' dir='ltr'>ad</span> <span class='ocrx_word' id='word_1_79' title='bbox 384 1013 477 1039; x_wconf 86' lang='lat' dir='ltr'>tuam</span> <span class='ocrx_word' id='word_1_80' title='bbox 501 1009 715 1040; x_wconf 87' lang='lat' dir='ltr'>collationem</span> <span class='ocrx_word' id='word_1_81' title='bbox 733 1010 915 1048; x_wconf 82' lang='lat' dir='ltr'>spectante,</span> <span class='ocrx_word' id='word_1_82' title='bbox 932 1009 961 1038; x_wconf 92' lang='lat' dir='ltr'>si</span> <span class='ocrx_word' id='word_1_83' title='bbox 979 1008 1067 1047; x_wconf 87' lang='lat' dir='ltr'>quod</span> <span class='ocrx_word' id='word_1_84' title='bbox 1093 1008 1127 1037; x_wconf 91' lang='lat' dir='ltr'>in</span> <span class='ocrx_word' id='word_1_85' title='bbox 1152 1009 1211 1038; x_wconf 85' lang='lat' dir='ltr'>tua</span> 
     </span>
     <span class='ocr_line' id='line_1_16' title="bbox 202 1061 1212 1100; baseline -0.002 -7"><span class='ocrx_word' id='word_1_86' title='bbox 202 1063 337 1093; x_wconf 85' lang='lat' dir='ltr'>civitate</span> <span class='ocrx_word' id='word_1_87' title='bbox 354 1063 407 1093; x_wconf 83' lang='lat' dir='ltr'>vel</span> <span class='ocrx_word' id='word_1_88' title='bbox 423 1063 548 1093; x_wconf 80' lang='lat' dir='ltr'>diocesi</span> <span class='ocrx_word' id='word_1_89' title='bbox 566 1064 646 1092; x_wconf 84' lang='lat' dir='ltr'>tunc</span> <span class='ocrx_word' id='word_1_90' title='bbox 665 1064 809 1098; x_wconf 71' lang='lat' dir='ltr'>vacaret,</span> <span class='ocrx_word' id='word_1_91' title='bbox 834 1071 893 1100; x_wconf 89' lang='lat' dir='ltr'>per</span> <span class='ocrx_word' id='word_1_92' title='bbox 908 1064 940 1092; x_wconf 85' lang='lat' dir='ltr'>te</span> <span class='ocrx_word' id='word_1_93' title='bbox 961 1062 1014 1092; x_wconf 81' lang='lat' dir='ltr'>vel</span> <span class='ocrx_word' id='word_1_94' title='bbox 1031 1071 1090 1100; x_wconf 91' lang='lat' dir='ltr'>per</span> <span class='ocrx_word' id='word_1_95' title='bbox 1108 1061 1212 1091; x_wconf 86' lang='lat' dir='ltr'>alium</span> 
     </span>
     <span class='ocr_line' id='line_1_17' title="bbox 206 1115 1212 1155; baseline -0.001 -9"><span class='ocrx_word' id='word_1_96' title='bbox 206 1116 414 1155; x_wconf 73' lang='lat' dir='ltr'>provideres,</span> <span class='ocrx_word' id='word_1_97' title='bbox 439 1115 701 1146; x_wconf 84' lang='lat' dir='ltr'>contradictores</span> <span class='ocrx_word' id='word_1_98' title='bbox 727 1132 775 1151; x_wconf 81' lang='lat'>-‚</span> <span class='ocrx_word' id='word_1_99' title='bbox 812 1115 960 1152; x_wconf 86' lang='lat' dir='ltr'>tandem,</span> <span class='ocrx_word' id='word_1_100' title='bbox 986 1117 1016 1146; x_wconf 91' lang='lat' dir='ltr'>te</span> <span class='ocrx_word' id='word_1_101' title='bbox 1045 1115 1079 1145; x_wconf 92' lang='lat' dir='ltr'>id</span> <span class='ocrx_word' id='word_1_102' title='bbox 1104 1115 1212 1145; x_wconf 85' lang='lat' dir='ltr'>facere</span> 
     </span>
    </p>
   </div>
   <div class='ocr_carea' id='block_1_10' title="bbox 2222 281 2282 310">
    <p class='ocr_par' dir='ltr' id='par_1_10' title="bbox 2222 281 2282 310">
     <span class='ocr_line' id='line_1_18' title="bbox 2222 281 2282 310; baseline 0.017 -1"><span class='ocrx_word' id='word_1_103' title='bbox 2222 281 2282 310; x_wconf 80' lang='lat'>433</span> 
     </span>
    </p>
   </div>
   <div class='ocr_carea' id='block_1_11' title="bbox 1272 351 2210 432">
    <p class='ocr_par' dir='ltr' id='par_1_11' title="bbox 1272 351 2210 432">
     <span class='ocr_line' id='line_1_19' title="bbox 1275 351 2210 394; baseline 0.01 -17"><span class='ocrx_word' id='word_1_104' title='bbox 1275 351 1470 378; x_wconf 81' lang='lat' dir='ltr'>clesiasticum</span> <span class='ocrx_word' id='word_1_105' title='bbox 1499 356 1676 387; x_wconf 79' lang='lat' dir='ltr'>assecutum,</span> <span class='ocrx_word' id='word_1_106' title='bbox 1707 355 1735 381; x_wconf 92' lang='lat' dir='ltr'>in</span> <span class='ocrx_word' id='word_1_107' title='bbox 1766 356 1935 382; x_wconf 82' lang='lat' dir='ltr'>canonicum</span> <span class='ocrx_word' id='word_1_108' title='bbox 1961 358 2110 392; x_wconf 69' lang='lat' dir='ltr'>recipiant.</span> <span class='ocrx_word' id='word_1_109' title='bbox 2131 361 2210 394; x_wconf 49' lang='lat' dir='ltr'>ilinc..</span> 
     </span>
     <span class='ocr_line' id='line_1_20' title="bbox 1272 400 1557 432; baseline 0.004 -6"><span class='ocrx_word' id='word_1_110' title='bbox 1272 400 1322 427; x_wconf 85' lang='lat' dir='ltr'>soi.</span> <span class='ocrx_word' id='word_1_111' title='bbox 1339 400 1402 432; x_wconf 87' lang='grc'><strong>312,</strong></span> <span class='ocrx_word' id='word_1_112' title='bbox 1418 406 1448 427; x_wconf 80' lang='lat' dir='ltr'>n⁰</span> <span class='ocrx_word' id='word_1_113' title='bbox 1467 401 1557 430; x_wconf 72' lang='grc'><strong>1631).)</strong></span> 
     </span>
    </p>
   </div>
   <div class='ocr_carea' id='block_1_12' title="bbox 2235 364 2280 388">
    <p class='ocr_par' dir='ltr' id='par_1_12' title="bbox 2235 364 2280 388">
     <span class='ocr_line' id='line_1_21' title="bbox 2235 364 2280 388; baseline 0 0"><span class='ocrx_word' id='word_1_114' title='bbox 2235 364 2280 388; x_wconf 63' lang='grc'><strong>211.</strong></span> 
     </span>
    </p>
   </div>
   <div class='ocr_carea' id='block_1_13' title="bbox 1273 506 2283 654">
    <p class='ocr_par' dir='ltr' id='par_1_13' title="bbox 1273 506 2283 654">
     <span class='ocr_line' id='line_1_22' title="bbox 1313 506 2279 551; baseline 0.012 -18"><span class='ocrx_word' id='word_1_115' title='bbox 1313 516 1327 534; x_wconf 63' lang='grc' dir='ltr'>ε(</span> <span class='ocrx_word' id='word_1_116' title='bbox 1346 506 1452 536; x_wconf 76' lang='lat' dir='ltr'>Priori</span> <span class='ocrx_word' id='word_1_117' title='bbox 1469 512 1495 536; x_wconf 76' lang='lat' dir='ltr'>et</span> <span class='ocrx_word' id='word_1_118' title='bbox 1515 509 1649 547; x_wconf 76' lang='lat' dir='ltr'>capitulo</span> <span class='ocrx_word' id='word_1_119' title='bbox 1668 510 1814 539; x_wconf 67' lang='lat' dir='ltr'>secularis</span> <span class='ocrx_word' id='word_1_120' title='bbox 1832 511 1951 541; x_wconf 70' lang='lat' dir='ltr'>ecclesie</span> <span class='ocrx_word' id='word_1_121' title='bbox 1971 512 2210 551; x_wconf 56' lang='lat' dir='ltr'>lia-oldmmnsis,</span> <span class='ocrx_word' id='word_1_122' title='bbox 2231 516 2279 545; x_wconf 71' lang='lat' dir='ltr'>Bi-</span> 
     </span>
     <span class='ocr_line' id='line_1_23' title="bbox 1275 560 2281 601; baseline 0.01 -13"><span class='ocrx_word' id='word_1_123' title='bbox 1275 560 1436 589; x_wconf 48' lang='lat' dir='ltr'>turicensis</span> <span class='ocrx_word' id='word_1_124' title='bbox 1457 560 1593 590; x_wconf 57' lang='lat' dir='ltr'>diocesis.</span> <span class='ocrx_word' id='word_1_125' title='bbox 1623 563 1795 593; x_wconf 75' lang='lat' dir='ltr'>Fiduciam</span> <span class='ocrx_word' id='word_1_126' title='bbox 1822 565 1982 601; x_wconf 67' lang='lat' dir='ltr'>grandem</span> <span class='ocrx_word' id='word_1_127' title='bbox 2011 566 2109 597; x_wconf 86' lang='lat' dir='ltr'>hahet</span> <span class='ocrx_word' id='word_1_128' title='bbox 2139 585 2187 597; x_wconf 91' lang='lat'>—-.</span> <span class='ocrx_word' id='word_1_129' title='bbox 2220 569 2281 598; x_wconf 89' lang='lat' dir='ltr'>Da-</span> 
     </span>
     <span class='ocr_line' id='line_1_24' title="bbox 1273 613 2283 654; baseline 0.009 -12"><span class='ocrx_word' id='word_1_130' title='bbox 1273 614 1344 643; x_wconf 89' lang='lat' dir='ltr'>tum</span> <span class='ocrx_word' id='word_1_131' title='bbox 1359 613 1447 652; x_wconf 79' lang='lat' dir='ltr'>apud</span> <span class='ocrx_word' id='word_1_132' title='bbox 1463 613 1751 652; x_wconf 64' lang='lat' dir='ltr'>[rhem-ererem,</span> <span class='ocrx_word' id='word_1_133' title='bbox 1770 626 1789 646; x_wconf 93' lang='lat' dir='ltr'>n</span> <span class='ocrx_word' id='word_1_134' title='bbox 1807 625 1912 647; x_wconf 80' lang='lat' dir='ltr'>nonas</span> <span class='ocrx_word' id='word_1_135' title='bbox 1930 619 2021 654; x_wconf 61' lang='lat' dir='ltr'>maii3</span> <span class='ocrx_word' id='word_1_136' title='bbox 2036 628 2123 649; x_wconf 83' lang='lat' dir='ltr'>anno</span> <span class='ocrx_word' id='word_1_137' title='bbox 2141 621 2283 651; x_wconf 88' lang='lat' dir='ltr'>tertio.»</span> 
     </span>
    </p>
   </div>
   <div class='ocr_carea' id='block_1_14' title="bbox 1365 775 1461 805">
    <p class='ocr_par' dir='ltr' id='par_1_14' title="bbox 1365 775 1461 805">
     <span class='ocr_line' id='line_1_25' title="bbox 1365 775 1461 805; baseline 0 0"><span class='ocrx_word' id='word_1_138' title='bbox 1365 775 1461 805; x_wconf 77' lang='lat'>2579</span> 
     </span>
    </p>
   </div>
   <div class='ocr_carea' id='block_1_15' title="bbox 1854 776 2210 808">
    <p class='ocr_par' dir='ltr' id='par_1_15' title="bbox 1854 776 2210 808">
     <span class='ocr_line' id='line_1_26' title="bbox 1854 776 2210 808; baseline 0.017 -9"><span class='ocrx_word' id='word_1_139' title='bbox 1854 776 1978 808; x_wconf 68' lang='grc'><strong>(1111010,</strong></span> <span class='ocrx_word' id='word_1_140' title='bbox 1997 777 2026 803; x_wconf 67' lang='lat' dir='ltr'>its*</span> <span class='ocrx_word' id='word_1_141' title='bbox 2041 778 2112 804; x_wconf 78' lang='lat' dir='ltr'>avril</span> <span class='ocrx_word' id='word_1_142' title='bbox 2133 779 2210 805; x_wconf 63' lang='lat'>1:204.</span> 
     </span>
    </p>
   </div>
   <div class='ocr_carea' id='block_1_16' title="bbox 1310 857 2283 893">
    <p class='ocr_par' dir='ltr' id='par_1_16' title="bbox 1310 857 2283 893">
     <span class='ocr_line' id='line_1_27' title="bbox 1310 857 2283 893; baseline 0.006 -10"><span class='ocrx_word' id='word_1_143' title='bbox 1310 857 1354 888; x_wconf 59' lang='lat' dir='ltr'>tl,</span> <span class='ocrx_word' id='word_1_144' title='bbox 1381 866 1404 883; x_wconf 87' lang='lat' dir='ltr'>s.</span> <span class='ocrx_word' id='word_1_145' title='bbox 1432 858 1576 884; x_wconf 75' lang='lat' dir='ltr'>Eustachii</span> <span class='ocrx_word' id='word_1_146' title='bbox 1605 858 1724 885; x_wconf 87' lang='lat' dir='ltr'>diacono</span> <span class='ocrx_word' id='word_1_147' title='bbox 1749 859 1898 886; x_wconf 72' lang='lat' dir='ltr'>cardinali.</span> <span class='ocrx_word' id='word_1_148' title='bbox 1931 862 2047 887; x_wconf 76' lang='lat' dir='ltr'>mandat</span> <span class='ocrx_word' id='word_1_149' title='bbox 2075 864 2114 888; x_wconf 92' lang='lat' dir='ltr'>ut.</span> <span class='ocrx_word' id='word_1_150' title='bbox 2135 871 2149 888; x_wconf 88' lang='lat' dir='ltr'>a</span> <span class='ocrx_word' id='word_1_151' title='bbox 2173 863 2283 893; x_wconf 81' lang='lat' dir='ltr'>Rutino,</span> 
     </span>
    </p>
   </div>
   <div class='ocr_carea' id='block_1_17' title="bbox 205 906 2286 1043">
    <p class='ocr_par' dir='ltr' id='par_1_17' title="bbox 205 906 2286 1043">
     <span class='ocr_line' id='line_1_28' title="bbox 1241 906 2283 945; baseline 0.007 -14"><span class='ocrx_word' id='word_1_152' title='bbox 1241 942 1242 945; x_wconf 13' lang='grc' dir='ltr'><strong>Ἴ</strong></span> <span class='ocrx_word' id='word_1_153' title='bbox 1273 906 1349 932; x_wconf 76' lang='lat' dir='ltr'>dicto</span> <span class='ocrx_word' id='word_1_154' title='bbox 1373 907 1510 936; x_wconf 74' lang='lat' dir='ltr'>Columbo,</span> <span class='ocrx_word' id='word_1_155' title='bbox 1535 907 1683 941; x_wconf 86' lang='lat' dir='ltr'>capellano</span> <span class='ocrx_word' id='word_1_156' title='bbox 1701 916 1764 941; x_wconf 86' lang='lat' dir='ltr'>suo,</span> <span class='ocrx_word' id='word_1_157' title='bbox 1782 908 2030 944; x_wconf 66' lang='lat' dir='ltr'>archipresbytero</span> <span class='ocrx_word' id='word_1_158' title='bbox 2053 911 2086 936; x_wconf 87' lang='lat' dir='ltr'>de</span> <span class='ocrx_word' id='word_1_159' title='bbox 2111 914 2283 945; x_wconf 51' lang='grc' dir='ltr'><strong>(111111ςο010,-</strong></span> 
     </span>
     <span class='ocr_line' id='line_1_29' title="bbox 205 949 1242 996; baseline -0.002 -10"><span class='ocrx_word' id='word_1_160' title='bbox 205 956 271 986; x_wconf 89' lang='lat' dir='ltr'>sibi</span> <span class='ocrx_word' id='word_1_161' title='bbox 284 957 323 987; x_wconf 91' lang='lat' dir='ltr'>de</span> <span class='ocrx_word' id='word_1_162' title='bbox 334 957 447 996; x_wconf 89' lang='lat' dir='ltr'>aliquo</span> <span class='ocrx_word' id='word_1_163' title='bbox 461 956 690 986; x_wconf 85' lang='lat' dir='ltr'>ecclesiastico</span> <span class='ocrx_word' id='word_1_164' title='bbox 702 955 876 991; x_wconf 81' lang='lat' dir='ltr'>beneficio,</span> <span class='ocrx_word' id='word_1_165' title='bbox 889 964 963 985; x_wconf 84' lang='grc'><strong>011111</strong></span> <span class='ocrx_word' id='word_1_166' title='bbox 978 963 1056 985; x_wconf 83' lang='lat' dir='ltr'>cura</span> <span class='ocrx_word' id='word_1_167' title='bbox 1070 955 1122 985; x_wconf 79' lang='lat' dir='ltr'>vel</span> <span class='ocrx_word' id='word_1_168' title='bbox 1139 955 1212 985; x_wconf 86' lang='lat' dir='ltr'>sine</span> <span class='ocrx_word' id='word_1_169' title='bbox 1241 949 1242 963; x_wconf 65' lang='lat'><strong>³</strong></span> 
     </span>
     <span class='ocr_line' id='line_1_30' title="bbox 1242 1004 2286 1043; baseline 0.004 -11"><span class='ocrx_word' id='word_1_170' title='bbox 1242 1027 1243 1032; x_wconf 74' lang='grc'><strong>.</strong></span> <span class='ocrx_word' id='word_1_171' title='bbox 1273 1004 1437 1038; x_wconf 80' lang='lat' dir='ltr'>praebenda</span> <span class='ocrx_word' id='word_1_172' title='bbox 1450 1004 1539 1031; x_wconf 81' lang='lat' dir='ltr'>libera</span> <span class='ocrx_word' id='word_1_173' title='bbox 1558 1005 1752 1040; x_wconf 71' lang='lat' dir='ltr'>resignatione</span> <span class='ocrx_word' id='word_1_174' title='bbox 1770 1009 1894 1040; x_wconf 78' lang='lat' dir='ltr'>recepta⁷</span> <span class='ocrx_word' id='word_1_175' title='bbox 1908 1008 2041 1033; x_wconf 84' lang='lat' dir='ltr'>eumdem</span> <span class='ocrx_word' id='word_1_176' title='bbox 2059 1008 2286 1043; x_wconf 69' lang='lat' dir='ltr'>archipresbyte-</span> 
     </span>
    </p>
   </div>
   <div class='ocr_carea' id='block_1_18' title="bbox 206 1168 1244 1209">
    <p class='ocr_par' dir='ltr' id='par_1_18' title="bbox 206 1168 1244 1209">
     <span class='ocr_line' id='line_1_31' title="bbox 206 1168 1244 1209; baseline -0.001 -10"><span class='ocrx_word' id='word_1_177' title='bbox 206 1177 272 1199; x_wconf 91' lang='lat' dir='ltr'>non</span> <span class='ocrx_word' id='word_1_178' title='bbox 289 1170 436 1203; x_wconf 84' lang='lat' dir='ltr'>curante,</span> <span class='ocrx_word' id='word_1_179' title='bbox 450 1169 540 1199; x_wconf 87' lang='lat' dir='ltr'>idem</span> <span class='ocrx_word' id='word_1_180' title='bbox 554 1169 772 1207; x_wconf 81' lang='lat' dir='ltr'>predecessor</span> <span class='ocrx_word' id='word_1_181' title='bbox 789 1168 956 1208; x_wconf 81' lang='lat' dir='ltr'>injuncxit</span> <span class='ocrx_word' id='word_1_182' title='bbox 970 1168 1033 1198; x_wconf 84' lang='lat' dir='ltr'>tihi</span> <span class='ocrx_word' id='word_1_183' title='bbox 1051 1177 1110 1207; x_wconf 87' lang='lat' dir='ltr'>per</span> <span class='ocrx_word' id='word_1_184' title='bbox 1128 1168 1212 1198; x_wconf 88' lang='lat' dir='ltr'>alias</span> <span class='ocrx_word' id='word_1_185' title='bbox 1243 1206 1244 1209; x_wconf 11' lang='grc' dir='ltr'><strong>Ἴ</strong></span> 
     </span>
    </p>
   </div>
   <div class='ocr_carea' id='block_1_19' title="bbox 203 1221 1214 1421">
    <p class='ocr_par' dir='ltr' id='par_1_19' title="bbox 203 1221 1214 1421">
     <span class='ocr_line' id='line_1_32' title="bbox 203 1221 1213 1261; baseline -0.001 -10"><span class='ocrx_word' id='word_1_186' title='bbox 203 1221 337 1252; x_wconf 83' lang='lat' dir='ltr'>litteras</span> <span class='ocrx_word' id='word_1_187' title='bbox 349 1224 381 1251; x_wconf 86' lang='lat' dir='ltr'>in</span> <span class='ocrx_word' id='word_1_188' title='bbox 401 1221 523 1252; x_wconf 86' lang='lat' dir='ltr'>virtute</span> <span class='ocrx_word' id='word_1_189' title='bbox 539 1221 729 1252; x_wconf 87' lang='lat' dir='ltr'>obedientie</span> <span class='ocrx_word' id='word_1_190' title='bbox 745 1222 865 1252; x_wconf 85' lang='lat' dir='ltr'>iterato</span> <span class='ocrx_word' id='word_1_191' title='bbox 882 1224 917 1252; x_wconf 88' lang='lat' dir='ltr'>ut</span> <span class='ocrx_word' id='word_1_192' title='bbox 929 1222 969 1251; x_wconf 89' lang='lat' dir='ltr'>ad</span> <span class='ocrx_word' id='word_1_193' title='bbox 984 1222 1213 1261; x_wconf 84' lang='lat' dir='ltr'>provisionem</span> 
     </span>
     <span class='ocr_line' id='line_1_33' title="bbox 208 1274 1214 1313; baseline -0.001 -9"><span class='ocrx_word' id='word_1_194' title='bbox 208 1274 317 1313; x_wconf 80' lang='lat' dir='ltr'>ipsius</span> <span class='ocrx_word' id='word_1_195' title='bbox 345 1275 504 1313; x_wconf 88' lang='lat' dir='ltr'>pauperis</span> <span class='ocrx_word' id='word_1_196' title='bbox 524 1275 734 1313; x_wconf 75' lang='lat' dir='ltr'>procede1·es‚</span> <span class='ocrx_word' id='word_1_197' title='bbox 760 1274 856 1313; x_wconf 77' lang='lat' dir='ltr'>juxta</span> <span class='ocrx_word' id='word_1_198' title='bbox 878 1275 1037 1305; x_wconf 82' lang='lat' dir='ltr'>traditam</span> <span class='ocrx_word' id='word_1_199' title='bbox 1062 1274 1124 1304; x_wconf 84' lang='lat' dir='ltr'>tibi</span> <span class='ocrx_word' id='word_1_200' title='bbox 1151 1274 1214 1304; x_wconf 81' lang='lat' dir='ltr'>for-</span> 
     </span>
     <span class='ocr_line' id='line_1_34' title="bbox 205 1328 1210 1367; baseline -0.002 -8"><span class='ocrx_word' id='word_1_201' title='bbox 205 1336 307 1359; x_wconf 87' lang='lat' dir='ltr'>mam.</span> <span class='ocrx_word' id='word_1_202' title='bbox 321 1328 543 1358; x_wconf 88' lang='lat' dir='ltr'>Postmodum</span> <span class='ocrx_word' id='word_1_203' title='bbox 553 1337 644 1365; x_wconf 79' lang='lat' dir='ltr'>vero,</span> <span class='ocrx_word' id='word_1_204' title='bbox 657 1328 790 1359; x_wconf 82' lang='lat' dir='ltr'>vivente</span> <span class='ocrx_word' id='word_1_205' title='bbox 800 1328 1038 1367; x_wconf 86' lang='lat' dir='ltr'>predecessore</span> <span class='ocrx_word' id='word_1_206' title='bbox 1048 1328 1210 1367; x_wconf 81' lang='lat' dir='ltr'>predicto,</span> 
     </span>
     <span class='ocr_line' id='line_1_35' title="bbox 206 1380 1213 1421; baseline -0.001 -10"><span class='ocrx_word' id='word_1_207' title='bbox 206 1380 352 1412; x_wconf 83' lang='lat' dir='ltr'>Johanni</span> <span class='ocrx_word' id='word_1_208' title='bbox 370 1381 474 1418; x_wconf 89' lang='lat' dir='ltr'>Petri,</span> <span class='ocrx_word' id='word_1_209' title='bbox 497 1381 655 1412; x_wconf 84' lang='lat' dir='ltr'>canonico</span> <span class='ocrx_word' id='word_1_210' title='bbox 676 1382 900 1421; x_wconf 82' lang='lat' dir='ltr'>Egitaniensi,</span> <span class='ocrx_word' id='word_1_211' title='bbox 920 1390 1022 1420; x_wconf 89' lang='lat' dir='ltr'>super</span> <span class='ocrx_word' id='word_1_212' title='bbox 1045 1381 1106 1412; x_wconf 90' lang='lat' dir='ltr'>hoc</span> <span class='ocrx_word' id='word_1_213' title='bbox 1125 1390 1213 1411; x_wconf 86' lang='grc'><strong>00111-</strong></span> 
     </span>
    </p>
   </div>
   <div class='ocr_carea' id='block_1_20' title="bbox 208 1434 1244 1471">
    <p class='ocr_par' dir='ltr' id='par_1_20' title="bbox 208 1434 1244 1471">
     <span class='ocr_line' id='line_1_36' title="bbox 208 1434 1244 1471; baseline -0.001 -7"><span class='ocrx_word' id='word_1_214' title='bbox 208 1434 334 1465; x_wconf 86' lang='lat' dir='ltr'>misisti</span> <span class='ocrx_word' id='word_1_215' title='bbox 347 1434 497 1465; x_wconf 79' lang='lat' dir='ltr'>totaliter</span> <span class='ocrx_word' id='word_1_216' title='bbox 510 1435 600 1465; x_wconf 83' lang='lat' dir='ltr'>vices</span> <span class='ocrx_word' id='word_1_217' title='bbox 618 1436 709 1471; x_wconf 80' lang='lat' dir='ltr'>tuas3</span> <span class='ocrx_word' id='word_1_218' title='bbox 727 1435 787 1465; x_wconf 86' lang='lat' dir='ltr'>sed</span> <span class='ocrx_word' id='word_1_219' title='bbox 798 1435 888 1465; x_wconf 87' lang='lat' dir='ltr'>idem</span> <span class='ocrx_word' id='word_1_220' title='bbox 907 1435 1087 1465; x_wconf 88' lang='lat' dir='ltr'>canonicus</span> <span class='ocrx_word' id='word_1_221' title='bbox 1104 1434 1213 1465; x_wconf 88' lang='lat' dir='ltr'>eidem</span> <span class='ocrx_word' id='word_1_222' title='bbox 1243 1434 1244 1463; x_wconf 69' lang='grc' dir='ltr'>Ξ</span> 
     </span>
    </p>
   </div>
   <div class='ocr_carea' id='block_1_21' title="bbox 203 1487 1216 1847">
    <p class='ocr_par' dir='ltr' id='par_1_21' title="bbox 203 1487 1216 1847">
     <span class='ocr_line' id='line_1_37' title="bbox 203 1487 1214 1528; baseline 0 -11"><span class='ocrx_word' id='word_1_223' title='bbox 203 1488 345 1526; x_wconf 88' lang='lat' dir='ltr'>pauperi</span> <span class='ocrx_word' id='word_1_224' title='bbox 372 1488 411 1518; x_wconf 88' lang='lat' dir='ltr'>de</span> <span class='ocrx_word' id='word_1_225' title='bbox 436 1487 629 1528; x_wconf 88' lang='lat' dir='ltr'>hujusmodi</span> <span class='ocrx_word' id='word_1_226' title='bbox 653 1488 815 1519; x_wconf 82' lang='lat' dir='ltr'>beneficio</span> <span class='ocrx_word' id='word_1_227' title='bbox 845 1488 1022 1527; x_wconf 70' lang='lat' dir='ltr'>providere</span> <span class='ocrx_word' id='word_1_228' title='bbox 1052 1488 1214 1518; x_wconf 86' lang='lat' dir='ltr'>hactenus</span> 
     </span>
     <span class='ocr_line' id='line_1_38' title="bbox 206 1541 1213 1580; baseline 0 -10"><span class='ocrx_word' id='word_1_229' title='bbox 206 1549 272 1571; x_wconf 91' lang='lat' dir='ltr'>non</span> <span class='ocrx_word' id='word_1_230' title='bbox 293 1541 433 1575; x_wconf 81' lang='lat' dir='ltr'>curavit,</span> <span class='ocrx_word' id='word_1_231' title='bbox 453 1541 599 1572; x_wconf 85' lang='lat' dir='ltr'>triennio</span> <span class='ocrx_word' id='word_1_232' title='bbox 614 1543 645 1572; x_wconf 87' lang='lat' dir='ltr'>et</span> <span class='ocrx_word' id='word_1_233' title='bbox 663 1541 809 1580; x_wconf 84' lang='lat' dir='ltr'>amplius</span> <span class='ocrx_word' id='word_1_234' title='bbox 822 1541 891 1580; x_wconf 86' lang='lat' dir='ltr'>jam</span> <span class='ocrx_word' id='word_1_235' title='bbox 905 1541 1031 1580; x_wconf 86' lang='lat' dir='ltr'>elapso.</span> <span class='ocrx_word' id='word_1_236' title='bbox 1051 1541 1129 1571; x_wconf 87' lang='lat' dir='ltr'>licet</span> <span class='ocrx_word' id='word_1_237' title='bbox 1143 1541 1213 1579; x_wconf 90' lang='lat' dir='ltr'>plu-</span> 
     </span>
     <span class='ocr_line' id='line_1_39' title="bbox 204 1594 1215 1633; baseline 0 -9"><span class='ocrx_word' id='word_1_238' title='bbox 204 1594 272 1624; x_wconf 83' lang='lat' dir='ltr'>ries</span> <span class='ocrx_word' id='word_1_239' title='bbox 286 1594 441 1625; x_wconf 84' lang='lat' dir='ltr'>hahuerit</span> <span class='ocrx_word' id='word_1_240' title='bbox 457 1595 664 1625; x_wconf 82' lang='lat' dir='ltr'>facultatem.</span> <span class='ocrx_word' id='word_1_241' title='bbox 682 1595 792 1630; x_wconf 76' lang='lat' dir='ltr'>Quare</span> <span class='ocrx_word' id='word_1_242' title='bbox 812 1595 921 1625; x_wconf 86' lang='lat' dir='ltr'>dictus</span> <span class='ocrx_word' id='word_1_243' title='bbox 939 1594 1106 1633; x_wconf 82' lang='lat' dir='ltr'>presbiter</span> <span class='ocrx_word' id='word_1_244' title='bbox 1124 1603 1215 1625; x_wconf 80' lang='lat' dir='ltr'>eoac-</span> 
     </span>
     <span class='ocr_line' id='line_1_40' title="bbox 205 1647 1212 1687; baseline 0 -10"><span class='ocrx_word' id='word_1_245' title='bbox 205 1649 261 1678; x_wconf 89' lang='lat' dir='ltr'>tus</span> <span class='ocrx_word' id='word_1_246' title='bbox 280 1650 331 1678; x_wconf 90' lang='lat' dir='ltr'>est</span> <span class='ocrx_word' id='word_1_247' title='bbox 347 1648 387 1678; x_wconf 92' lang='lat' dir='ltr'>de</span> <span class='ocrx_word' id='word_1_248' title='bbox 410 1656 495 1678; x_wconf 72' lang='lat' dir='ltr'>novo</span> <span class='ocrx_word' id='word_1_249' title='bbox 519 1648 703 1686; x_wconf 83' lang='lat' dir='ltr'>apostolice</span> <span class='ocrx_word' id='word_1_250' title='bbox 730 1648 822 1678; x_wconf 88' lang='lat' dir='ltr'>sedis</span> <span class='ocrx_word' id='word_1_251' title='bbox 850 1648 994 1687; x_wconf 78' lang='lat' dir='ltr'>gratiam</span> <span class='ocrx_word' id='word_1_252' title='bbox 1020 1647 1212 1686; x_wconf 85' lang='lat' dir='ltr'>implorare.</span> 
     </span>
     <span class='ocr_line' id='line_1_41' title="bbox 204 1700 1216 1740; baseline 0 -9"><span class='ocrx_word' id='word_1_253' title='bbox 204 1700 275 1731; x_wconf 88' lang='lat' dir='ltr'>Nos</span> <span class='ocrx_word' id='word_1_254' title='bbox 286 1700 400 1739; x_wconf 82' lang='lat' dir='ltr'>igitur,</span> <span class='ocrx_word' id='word_1_255' title='bbox 418 1702 506 1731; x_wconf 85' lang='lat' dir='ltr'>circa</span> <span class='ocrx_word' id='word_1_256' title='bbox 520 1710 595 1731; x_wconf 89' lang='lat' dir='ltr'>eum</span> <span class='ocrx_word' id='word_1_257' title='bbox 611 1710 712 1739; x_wconf 89' lang='lat' dir='ltr'>super</span> <span class='ocrx_word' id='word_1_258' title='bbox 726 1701 787 1731; x_wconf 87' lang='lat' dir='ltr'>hoc</span> <span class='ocrx_word' id='word_1_259' title='bbox 805 1703 942 1740; x_wconf 84' lang='lat' dir='ltr'>paterne</span> <span class='ocrx_word' id='word_1_260' title='bbox 957 1703 1110 1740; x_wconf 78' lang='lat' dir='ltr'>gerentes</span> <span class='ocrx_word' id='word_1_261' title='bbox 1128 1709 1216 1731; x_wconf 86' lang='lat' dir='ltr'>com-</span> 
     </span>
     <span class='ocr_line' id='line_1_42' title="bbox 206 1754 1214 1793; baseline 0 -9"><span class='ocrx_word' id='word_1_262' title='bbox 206 1754 378 1793; x_wconf 86' lang='lat' dir='ltr'>passionis</span> <span class='ocrx_word' id='word_1_263' title='bbox 394 1755 560 1790; x_wconf 84' lang='lat' dir='ltr'>affectum,</span> <span class='ocrx_word' id='word_1_264' title='bbox 580 1754 783 1785; x_wconf 84' lang='lat' dir='ltr'>fraternitati</span> <span class='ocrx_word' id='word_1_265' title='bbox 801 1758 855 1785; x_wconf 85' lang='lat' dir='ltr'>tue</span> <span class='ocrx_word' id='word_1_266' title='bbox 879 1755 1080 1784; x_wconf 81' lang='lat' dir='ltr'>mandamus</span> <span class='ocrx_word' id='word_1_267' title='bbox 1099 1756 1214 1793; x_wconf 85' lang='lat' dir='ltr'>quate-</span> 
     </span>
     <span class='ocr_line' id='line_1_43' title="bbox 206 1807 1215 1847; baseline 0.001 -11"><span class='ocrx_word' id='word_1_268' title='bbox 206 1816 269 1837; x_wconf 89' lang='lat' dir='ltr'>nus</span> <span class='ocrx_word' id='word_1_269' title='bbox 297 1808 338 1837; x_wconf 87' lang='lat' dir='ltr'>ad</span> <span class='ocrx_word' id='word_1_270' title='bbox 360 1807 589 1846; x_wconf 83' lang='lat' dir='ltr'>provisionem</span> <span class='ocrx_word' id='word_1_271' title='bbox 610 1808 732 1846; x_wconf 85' lang='lat' dir='ltr'>prefati</span> <span class='ocrx_word' id='word_1_272' title='bbox 755 1807 948 1847; x_wconf 88' lang='lat' dir='ltr'>presbiteri,</span> <span class='ocrx_word' id='word_1_273' title='bbox 970 1808 1151 1838; x_wconf 89' lang='lat' dir='ltr'>dummodo</span> <span class='ocrx_word' id='word_1_274' title='bbox 1170 1807 1215 1838; x_wconf 89' lang='lat' dir='ltr'>sit</span> 
     </span>
    </p>
   </div>
   <div class='ocr_carea' id='block_1_22' title="bbox 207 1861 1245 1900">
    <p class='ocr_par' dir='ltr' id='par_1_22' title="bbox 207 1861 1245 1900">
     <span class='ocr_line' id='line_1_44' title="bbox 207 1861 1245 1900; baseline -0.001 -9"><span class='ocrx_word' id='word_1_275' title='bbox 207 1861 364 1897; x_wconf 85' lang='lat' dir='ltr'>idoneus,</span> <span class='ocrx_word' id='word_1_276' title='bbox 378 1861 552 1899; x_wconf 79' lang='lat' dir='ltr'>procedas,</span> <span class='ocrx_word' id='word_1_277' title='bbox 566 1861 663 1900; x_wconf 84' lang='lat' dir='ltr'>juxta</span> <span class='ocrx_word' id='word_1_278' title='bbox 672 1862 824 1899; x_wconf 83' lang='lat' dir='ltr'>priorum</span> <span class='ocrx_word' id='word_1_279' title='bbox 835 1861 1077 1891; x_wconf 84' lang='lat' dir='ltr'>continentiam</span> <span class='ocrx_word' id='word_1_280' title='bbox 1087 1861 1214 1891; x_wconf 83' lang='lat' dir='ltr'>littera·</span> <span class='ocrx_word' id='word_1_281' title='bbox 1244 1894 1245 1900; x_wconf 13' lang='grc' dir='ltr'>ἵ</span> 
     </span>
    </p>
   </div>
   <div class='ocr_carea' id='block_1_23' title="bbox 204 1913 1214 2059">
    <p class='ocr_par' dir='ltr' id='par_1_23' title="bbox 204 1913 1214 2059">
     <span class='ocr_line' id='line_1_45' title="bbox 204 1913 1214 1953; baseline -0.001 -9"><span class='ocrx_word' id='word_1_282' title='bbox 204 1923 291 1944; x_wconf 88' lang='grc'><strong>11101.</strong></span> <span class='ocrx_word' id='word_1_283' title='bbox 315 1914 476 1953; x_wconf 81' lang='lat' dir='ltr'>Alioquin</span> <span class='ocrx_word' id='word_1_284' title='bbox 491 1914 659 1944; x_wconf 84' lang='lat' dir='ltr'>rescribas</span> <span class='ocrx_word' id='word_1_285' title='bbox 676 1913 773 1944; x_wconf 83' lang='lat' dir='ltr'>nohis</span> <span class='ocrx_word' id='word_1_286' title='bbox 788 1923 922 1944; x_wconf 75' lang='lat' dir='ltr'>causam</span> <span class='ocrx_word' id='word_1_287' title='bbox 938 1923 1041 1952; x_wconf 85' lang='lat' dir='ltr'>quare</span> <span class='ocrx_word' id='word_1_288' title='bbox 1058 1914 1090 1943; x_wconf 90' lang='lat' dir='ltr'>id</span> <span class='ocrx_word' id='word_1_289' title='bbox 1102 1913 1214 1944; x_wconf 90' lang='lat' dir='ltr'>nolue-</span> 
     </span>
     <span class='ocr_line' id='line_1_46' title="bbox 205 1967 1212 2006; baseline -0.001 -9"><span class='ocrx_word' id='word_1_290' title='bbox 205 1967 254 1997; x_wconf 88' lang='lat' dir='ltr'>ris</span> <span class='ocrx_word' id='word_1_291' title='bbox 268 1967 377 1997; x_wconf 85' lang='lat' dir='ltr'>facere</span> <span class='ocrx_word' id='word_1_292' title='bbox 393 1967 445 1998; x_wconf 84' lang='lat' dir='ltr'>vel</span> <span class='ocrx_word' id='word_1_293' title='bbox 463 1976 528 1998; x_wconf 90' lang='lat' dir='ltr'>non</span> <span class='ocrx_word' id='word_1_294' title='bbox 543 1968 666 2006; x_wconf 85' lang='lat' dir='ltr'>possis.</span> <span class='ocrx_word' id='word_1_295' title='bbox 682 1968 806 1998; x_wconf 88' lang='lat' dir='ltr'>Datum</span> <span class='ocrx_word' id='word_1_296' title='bbox 822 1967 910 2006; x_wconf 83' lang='lat' dir='ltr'>apud</span> <span class='ocrx_word' id='word_1_297' title='bbox 923 1967 1212 2002; x_wconf 81' lang='lat' dir='ltr'>Urbemveterem,</span> 
     </span>
     <span class='ocr_line' id='line_1_47' title="bbox 205 2021 707 2059; baseline -0.002 -9"><span class='ocrx_word' id='word_1_298' title='bbox 205 2021 282 2050; x_wconf 90' lang='lat' dir='ltr'>idus</span> <span class='ocrx_word' id='word_1_299' title='bbox 303 2021 434 2059; x_wconf 84' lang='lat' dir='ltr'>aprilis,</span> <span class='ocrx_word' id='word_1_300' title='bbox 457 2029 543 2051; x_wconf 88' lang='lat' dir='ltr'>anno</span> <span class='ocrx_word' id='word_1_301' title='bbox 561 2021 672 2051; x_wconf 87' lang='lat' dir='ltr'>tertio.</span> <span class='ocrx_word' id='word_1_302' title='bbox 693 2031 707 2050; x_wconf 88' lang='lat'>»</span> 
     </span>
    </p>
   </div>
   <div class='ocr_carea' id='block_1_24' title="bbox 294 2204 390 2235">
    <p class='ocr_par' dir='ltr' id='par_1_24' title="bbox 294 2204 390 2235">
     <span class='ocr_line' id='line_1_48' title="bbox 294 2204 390 2235; baseline 0 0"><span class='ocrx_word' id='word_1_303' title='bbox 294 2204 390 2235; x_wconf 75' lang='lat'>2577</span> 
     </span>
    </p>
   </div>
   <div class='ocr_carea' id='block_1_25' title="bbox 780 2202 1142 2236">
    <p class='ocr_par' dir='ltr' id='par_1_25' title="bbox 780 2202 1142 2236">
     <span class='ocr_line' id='line_1_49' title="bbox 780 2202 1142 2236; baseline 0 -7"><span class='ocrx_word' id='word_1_304' title='bbox 780 2202 907 2236; x_wconf 72' lang='lat' dir='ltr'>Orvieto,</span> <span class='ocrx_word' id='word_1_305' title='bbox 925 2202 960 2229; x_wconf 79' lang='lat'>30</span> <span class='ocrx_word' id='word_1_306' title='bbox 975 2202 1047 2229; x_wconf 73' lang='lat' dir='ltr'>avril</span> <span class='ocrx_word' id='word_1_307' title='bbox 1064 2202 1142 2229; x_wconf 73' lang='grc'><strong>12134.</strong></span> 
     </span>
    </p>
   </div>
   <div class='ocr_carea' id='block_1_26' title="bbox 203 2286 1216 2468">
    <p class='ocr_par' dir='ltr' id='par_1_26' title="bbox 203 2286 1216 2468">
     <span class='ocr_line' id='line_1_50' title="bbox 240 2286 1216 2322; baseline 0 -9"><span class='ocrx_word' id='word_1_308' title='bbox 240 2287 460 2321; x_wconf 72' lang='lat' dir='ltr'>Archiepiscopo</span> <span class='ocrx_word' id='word_1_309' title='bbox 483 2287 672 2314; x_wconf 85' lang='lat' dir='ltr'>Bracharensi</span> <span class='ocrx_word' id='word_1_310' title='bbox 701 2288 819 2314; x_wconf 86' lang='lat' dir='ltr'>mandat</span> <span class='ocrx_word' id='word_1_311' title='bbox 843 2290 883 2319; x_wconf 83' lang='lat' dir='ltr'>ut,</span> <span class='ocrx_word' id='word_1_312' title='bbox 907 2287 1036 2322; x_wconf 85' lang='lat' dir='ltr'>ejusdem</span> <span class='ocrx_word' id='word_1_313' title='bbox 1062 2286 1216 2322; x_wconf 85' lang='lat' dir='ltr'>archiepis-</span> 
     </span>
     <span class='ocr_line' id='line_1_51' title="bbox 203 2335 1214 2370; baseline 0 -8"><span class='ocrx_word' id='word_1_314' title='bbox 203 2336 266 2370; x_wconf 89' lang='lat' dir='ltr'>copi</span> <span class='ocrx_word' id='word_1_315' title='bbox 286 2335 426 2370; x_wconf 86' lang='lat' dir='ltr'>precibus,</span> <span class='ocrx_word' id='word_1_316' title='bbox 448 2336 606 2363; x_wconf 86' lang='lat' dir='ltr'>Johannem</span> <span class='ocrx_word' id='word_1_317' title='bbox 630 2336 716 2367; x_wconf 75' lang='grc' dir='ltr'><strong>Ρο111,</strong></span> <span class='ocrx_word' id='word_1_318' title='bbox 735 2339 876 2363; x_wconf 83' lang='grc'><strong>1001010111</strong></span> <span class='ocrx_word' id='word_1_319' title='bbox 895 2336 1032 2363; x_wconf 86' lang='lat' dir='ltr'>ecclesiae</span> <span class='ocrx_word' id='word_1_320' title='bbox 1047 2344 1069 2363; x_wconf 88' lang='lat' dir='ltr'>s.</span> <span class='ocrx_word' id='word_1_321' title='bbox 1085 2336 1214 2363; x_wconf 86' lang='lat' dir='ltr'>Clemen-</span> 
     </span>
     <span class='ocr_line' id='line_1_52' title="bbox 204 2384 1215 2419; baseline 0.002 -8"><span class='ocrx_word' id='word_1_322' title='bbox 204 2384 240 2411; x_wconf 85' lang='lat' dir='ltr'>tis</span> <span class='ocrx_word' id='word_1_323' title='bbox 258 2385 292 2411; x_wconf 84' lang='lat' dir='ltr'>de</span> <span class='ocrx_word' id='word_1_324' title='bbox 306 2384 428 2411; x_wconf 79' lang='lat' dir='ltr'>Silvares</span> <span class='ocrx_word' id='word_1_325' title='bbox 445 2385 473 2411; x_wconf 88' lang='lat' dir='ltr'>in</span> <span class='ocrx_word' id='word_1_326' title='bbox 490 2385 701 2419; x_wconf 87' lang='lat' dir='ltr'>portionarium</span> <span class='ocrx_word' id='word_1_327' title='bbox 726 2388 753 2413; x_wconf 81' lang='lat' dir='ltr'>et</span> <span class='ocrx_word' id='word_1_328' title='bbox 775 2385 803 2412; x_wconf 89' lang='lat' dir='ltr'>in</span> <span class='ocrx_word' id='word_1_329' title='bbox 821 2385 942 2413; x_wconf 81' lang='lat' dir='ltr'>fratrem</span> <span class='ocrx_word' id='word_1_330' title='bbox 959 2385 987 2412; x_wconf 90' lang='lat' dir='ltr'>in</span> <span class='ocrx_word' id='word_1_331' title='bbox 1007 2385 1128 2412; x_wconf 82' lang='lat' dir='ltr'>ecclesia</span> <span class='ocrx_word' id='word_1_332' title='bbox 1145 2386 1215 2413; x_wconf 87' lang='lat' dir='ltr'>Bra-</span> 
     </span>
     <span class='ocr_line' id='line_1_53' title="bbox 204 2433 1025 2468; baseline 0.002 -9"><span class='ocrx_word' id='word_1_333' title='bbox 204 2433 335 2460; x_wconf 84' lang='lat' dir='ltr'>charensi</span> <span class='ocrx_word' id='word_1_334' title='bbox 352 2433 439 2468; x_wconf 85' lang='lat' dir='ltr'>recipi</span> <span class='ocrx_word' id='word_1_335' title='bbox 456 2433 553 2460; x_wconf 85' lang='lat' dir='ltr'>faciat.</span> <span class='ocrx_word' id='word_1_336' title='bbox 573 2434 653 2468; x_wconf 73' lang='lat' dir='ltr'>(Rae.</span> <span class='ocrx_word' id='word_1_337' title='bbox 675 2436 718 2465; x_wconf 82' lang='grc'><strong>29,</strong></span> <span class='ocrx_word' id='word_1_338' title='bbox 738 2434 785 2462; x_wconf 86' lang='lat' dir='ltr'>sol.</span> <span class='ocrx_word' id='word_1_339' title='bbox 803 2435 865 2465; x_wconf 85' lang='grc'><strong>312,</strong></span> <span class='ocrx_word' id='word_1_340' title='bbox 883 2439 914 2461; x_wconf 86' lang='lat' dir='ltr'>n⁰</span> <span class='ocrx_word' id='word_1_341' title='bbox 934 2435 1025 2467; x_wconf 79' lang='grc'><strong>1629.)</strong></span> 
     </span>
    </p>
   </div>
   <div class='ocr_carea' id='block_1_27' title="bbox 203 2539 1215 2676">
    <p class='ocr_par' dir='ltr' id='par_1_27' title="bbox 203 2539 1215 2676">
     <span class='ocr_line' id='line_1_54' title="bbox 246 2539 1212 2579; baseline 0.001 -10"><span class='ocrx_word' id='word_1_342' title='bbox 246 2550 260 2565; x_wconf 91' lang='lat'>«</span> <span class='ocrx_word' id='word_1_343' title='bbox 295 2539 536 2578; x_wconf 76' lang='lat' dir='ltr'>Archicpiscopo</span> <span class='ocrx_word' id='word_1_344' title='bbox 565 2539 806 2579; x_wconf 51' lang='lat' dir='ltr'>BrathJarensi.</span> <span class='ocrx_word' id='word_1_345' title='bbox 836 2541 901 2570; x_wconf 87' lang='lat' dir='ltr'>Per</span> <span class='ocrx_word' id='word_1_346' title='bbox 930 2542 1005 2570; x_wconf 81' lang='lat' dir='ltr'>tuas</span> <span class='ocrx_word' id='word_1_347' title='bbox 1036 2539 1134 2570; x_wconf 83' lang='lat' dir='ltr'>nobis</span> <span class='ocrx_word' id='word_1_348' title='bbox 1163 2558 1212 2570; x_wconf 91' lang='lat'>-.</span> 
     </span>
     <span class='ocr_line' id='line_1_55' title="bbox 203 2592 1215 2631; baseline 0.001 -9"><span class='ocrx_word' id='word_1_349' title='bbox 203 2593 329 2623; x_wconf 84' lang='lat' dir='ltr'>Datum</span> <span class='ocrx_word' id='word_1_350' title='bbox 357 2592 446 2631; x_wconf 88' lang='lat' dir='ltr'>apud</span> <span class='ocrx_word' id='word_1_351' title='bbox 473 2592 759 2631; x_wconf 76' lang='lat' dir='ltr'>Urbemveterem‚</span> <span class='ocrx_word' id='word_1_352' title='bbox 780 2603 800 2622; x_wconf 89' lang='lat'>11</span> <span class='ocrx_word' id='word_1_353' title='bbox 828 2593 991 2624; x_wconf 84' lang='lat' dir='ltr'>kalendas</span> <span class='ocrx_word' id='word_1_354' title='bbox 1016 2594 1108 2630; x_wconf 78' lang='lat' dir='ltr'>maii,</span> <span class='ocrx_word' id='word_1_355' title='bbox 1129 2602 1215 2623; x_wconf 88' lang='lat' dir='ltr'>anno</span> 
     </span>
     <span class='ocr_line' id='line_1_56' title="bbox 208 2646 357 2676; baseline -0.013 0"><span class='ocrx_word' id='word_1_356' title='bbox 208 2646 320 2676; x_wconf 85' lang='lat' dir='ltr'>tertio.</span> <span class='ocrx_word' id='word_1_357' title='bbox 342 2655 357 2674; x_wconf 78' lang='lat' dir='ltr'>n</span> 
     </span>
    </p>
   </div>
   <div class='ocr_carea' id='block_1_28' title="bbox 295 2823 393 2855">
    <p class='ocr_par' dir='ltr' id='par_1_28' title="bbox 295 2823 393 2855">
     <span class='ocr_line' id='line_1_57' title="bbox 295 2823 393 2855; baseline -0.01 0"><span class='ocrx_word' id='word_1_358' title='bbox 295 2823 393 2855; x_wconf 80' lang='lat'><strong>2578</strong></span> 
     </span>
    </p>
   </div>
   <div class='ocr_carea' id='block_1_29' title="bbox 810 2823 1141 2857">
    <p class='ocr_par' dir='ltr' id='par_1_29' title="bbox 810 2823 1141 2857">
     <span class='ocr_line' id='line_1_58' title="bbox 810 2823 1141 2857; baseline 0.006 -8"><span class='ocrx_word' id='word_1_359' title='bbox 810 2823 934 2857; x_wconf 82' lang='lat' dir='ltr'>Orvicto,</span> <span class='ocrx_word' id='word_1_360' title='bbox 955 2824 971 2850; x_wconf 83' lang='lat'>6</span> <span class='ocrx_word' id='word_1_361' title='bbox 988 2823 1046 2850; x_wconf 86' lang='lat' dir='ltr'>mai</span> <span class='ocrx_word' id='word_1_362' title='bbox 1063 2824 1141 2851; x_wconf 73' lang='grc'><strong>1264.</strong></span> 
     </span>
    </p>
   </div>
   <div class='ocr_carea' id='block_1_30' title="bbox 243 2906 1218 2942">
    <p class='ocr_par' dir='ltr' id='par_1_30' title="bbox 243 2906 1218 2942">
     <span class='ocr_line' id='line_1_59' title="bbox 243 2906 1218 2942; baseline 0.002 -8"><span class='ocrx_word' id='word_1_363' title='bbox 243 2907 334 2934; x_wconf 89' lang='lat' dir='ltr'>Priori</span> <span class='ocrx_word' id='word_1_364' title='bbox 358 2910 385 2934; x_wconf 88' lang='lat' dir='ltr'>et</span> <span class='ocrx_word' id='word_1_365' title='bbox 406 2906 529 2942; x_wconf 83' lang='lat' dir='ltr'>capitulo</span> <span class='ocrx_word' id='word_1_366' title='bbox 551 2906 688 2933; x_wconf 82' lang='lat' dir='ltr'>secularis</span> <span class='ocrx_word' id='word_1_367' title='bbox 708 2906 846 2934; x_wconf 80' lang='lat' dir='ltr'>ecclesiae</span> <span class='ocrx_word' id='word_1_368' title='bbox 870 2908 1078 2935; x_wconf 84' lang='lat' dir='ltr'>Exoldunensis</span> <span class='ocrx_word' id='word_1_369' title='bbox 1099 2910 1218 2936; x_wconf 84' lang='lat' dir='ltr'>mandat</span> 
     </span>
    </p>
   </div>
   <div class='ocr_carea' id='block_1_31' title="bbox 208 2951 1249 2986">
    <p class='ocr_par' dir='ltr' id='par_1_31' title="bbox 208 2951 1249 2986">
     <span class='ocr_line' id='line_1_60' title="bbox 208 2951 1249 2986; baseline 0.001 -2"><span class='ocrx_word' id='word_1_370' title='bbox 208 2960 235 2984; x_wconf 84' lang='lat' dir='ltr'>ut</span> <span class='ocrx_word' id='word_1_371' title='bbox 251 2957 400 2984; x_wconf 80' lang='lat' dir='ltr'>Nicolaum</span> <span class='ocrx_word' id='word_1_372' title='bbox 426 2957 458 2983; x_wconf 87' lang='lat' dir='ltr'>de</span> <span class='ocrx_word' id='word_1_373' title='bbox 483 2955 561 2982; x_wconf 74' lang='lat' dir='ltr'>Valle</span> <span class='ocrx_word' id='word_1_374' title='bbox 580 2956 726 2986; x_wconf 86' lang='lat' dir='ltr'>clericum,</span> <span class='ocrx_word' id='word_1_375' title='bbox 751 2955 862 2982; x_wconf 87' lang='lat' dir='ltr'>nullum</span> <span class='ocrx_word' id='word_1_376' title='bbox 876 2956 968 2984; x_wconf 86' lang='lat' dir='ltr'>adhuc</span> <span class='ocrx_word' id='word_1_377' title='bbox 984 2957 1155 2984; x_wconf 85' lang='lat' dir='ltr'>beneficium</span> <span class='ocrx_word' id='word_1_378' title='bbox 1174 2965 1218 2985; x_wconf 88' lang='lat' dir='ltr'>ec·</span> <span class='ocrx_word' id='word_1_379' title='bbox 1248 2951 1249 2954; x_wconf 29' lang='lat'>¹</span> 
     </span>
    </p>
   </div>
   <div class='ocr_carea' id='block_1_32' title="bbox 331 3005 831 3038">
    <p class='ocr_par' dir='ltr' id='par_1_32' title="bbox 331 3005 831 3038">
     <span class='ocr_line' id='line_1_61' title="bbox 331 3005 831 3038; baseline -0.006 -5"><span class='ocrx_word' id='word_1_380' title='bbox 331 3006 470 3033; x_wconf 63' lang='lat' dir='ltr'>Uizssmx</span> <span class='ocrx_word' id='word_1_381' title='bbox 493 3005 545 3037; x_wconf 82' lang='lat' dir='ltr'>lv,</span> <span class='ocrx_word' id='word_1_382' title='bbox 567 3007 586 3031; x_wconf 90' lang='lat' dir='ltr'>t.</span> <span class='ocrx_word' id='word_1_383' title='bbox 609 3005 664 3038; x_wconf 88' lang='lat' dir='ltr'>III,</span> <span class='ocrx_word' id='word_1_384' title='bbox 686 3006 750 3038; x_wconf 73' lang='lat' dir='ltr'>Req.</span> <span class='ocrx_word' id='word_1_385' title='bbox 772 3005 831 3031; x_wconf 73' lang='lat' dir='ltr'>ord.</span> 
     </span>
    </p>
   </div>
   <div class='ocr_carea' id='block_1_33' title="bbox 1274 955 2285 992">
    <p class='ocr_par' dir='ltr' id='par_1_33' title="bbox 1274 955 2285 992">
     <span class='ocr_line' id='line_1_62' title="bbox 1274 955 2285 992; baseline 0.007 -12"><span class='ocrx_word' id='word_1_386' title='bbox 1274 955 1416 989; x_wconf 80' lang='lat' dir='ltr'>Aquensis</span> <span class='ocrx_word' id='word_1_387' title='bbox 1439 956 1572 987; x_wconf 78' lang='lat' dir='ltr'>diocesis,</span> <span class='ocrx_word' id='word_1_388' title='bbox 1589 957 1623 982; x_wconf 81' lang='lat' dir='ltr'>de</span> <span class='ocrx_word' id='word_1_389' title='bbox 1639 957 1739 983; x_wconf 76' lang='lat' dir='ltr'>eodem</span> <span class='ocrx_word' id='word_1_390' title='bbox 1756 957 2049 992; x_wconf 65' lang='lat' dir='ltr'>archipresbyteratu,</span> <span class='ocrx_word' id='word_1_391' title='bbox 2071 960 2238 986; x_wconf 74' lang='lat' dir='ltr'>canonicatu</span> <span class='ocrx_word' id='word_1_392' title='bbox 2257 963 2285 987; x_wconf 89' lang='lat' dir='ltr'>et</span> 
     </span>
    </p>
   </div>
   <div class='ocr_carea' id='block_1_34' title="bbox 1274 1049 2285 1091">
    <p class='ocr_par' dir='ltr' id='par_1_34' title="bbox 1274 1049 2285 1091">
     <span class='ocr_line' id='line_1_63' title="bbox 1274 1049 2285 1091; baseline 0.004 -12"><span class='ocrx_word' id='word_1_393' title='bbox 1274 1056 1371 1079; x_wconf 89' lang='lat' dir='ltr'>ratum</span> <span class='ocrx_word' id='word_1_394' title='bbox 1389 1061 1527 1087; x_wconf 79' lang='lat' dir='ltr'>personae</span> <span class='ocrx_word' id='word_1_395' title='bbox 1544 1049 1661 1081; x_wconf 76' lang='lat' dir='ltr'>idoneae</span> <span class='ocrx_word' id='word_1_396' title='bbox 1677 1054 1817 1082; x_wconf 82' lang='lat' dir='ltr'>conferat.</span> <span class='ocrx_word' id='word_1_397' title='bbox 1839 1056 1916 1089; x_wconf 66' lang='grc'><strong>11100,</strong></span> <span class='ocrx_word' id='word_1_398' title='bbox 1934 1057 1979 1090; x_wconf 73' lang='grc'>29,</span> <span class='ocrx_word' id='word_1_399' title='bbox 2002 1056 2049 1084; x_wconf 80' lang='lat' dir='ltr'>sol.</span> <span class='ocrx_word' id='word_1_400' title='bbox 2067 1056 2130 1090; x_wconf 89' lang='grc'><strong>312,</strong></span> <span class='ocrx_word' id='word_1_401' title='bbox 2147 1063 2175 1083; x_wconf 67' lang='grc' dir='ltr'>0ο</span> <span class='ocrx_word' id='word_1_402' title='bbox 2196 1059 2285 1091; x_wconf 82' lang='grc'><strong>1631.)</strong></span> 
     </span>
    </p>
   </div>
   <div class='ocr_carea' id='block_1_35' title="bbox 1275 1159 2287 1302">
    <p class='ocr_par' dir='ltr' id='par_1_35' title="bbox 1275 1159 2287 1302">
     <span class='ocr_line' id='line_1_64' title="bbox 1316 1159 2286 1199; baseline 0.009 -12"><span class='ocrx_word' id='word_1_403' title='bbox 1316 1171 1330 1186; x_wconf 74' lang='grc' dir='ltr'><em>α</em></span> <span class='ocrx_word' id='word_1_404' title='bbox 1352 1159 1401 1196; x_wconf 86' lang='lat' dir='ltr'>U.‚</span> <span class='ocrx_word' id='word_1_405' title='bbox 1417 1170 1441 1190; x_wconf 85' lang='lat' dir='ltr'>s.</span> <span class='ocrx_word' id='word_1_406' title='bbox 1460 1160 1626 1190; x_wconf 79' lang='lat' dir='ltr'>Eustachii</span> <span class='ocrx_word' id='word_1_407' title='bbox 1648 1161 1775 1191; x_wconf 74' lang='lat' dir='ltr'>diacono</span> <span class='ocrx_word' id='word_1_408' title='bbox 1794 1162 1958 1193; x_wconf 76' lang='lat' dir='ltr'>cardinali.</span> <span class='ocrx_word' id='word_1_409' title='bbox 1979 1163 2075 1199; x_wconf 82' lang='lat' dir='ltr'>Cum,</span> <span class='ocrx_word' id='word_1_410' title='bbox 2091 1164 2177 1195; x_wconf 79' lang='lat' dir='ltr'>sicut</span> <span class='ocrx_word' id='word_1_411' title='bbox 2197 1173 2286 1196; x_wconf 82' lang='lat' dir='ltr'>acce·</span> 
     </span>
     <span class='ocr_line' id='line_1_65' title="bbox 1275 1213 2287 1253; baseline 0.006 -11"><span class='ocrx_word' id='word_1_412' title='bbox 1275 1213 1389 1252; x_wconf 86' lang='lat' dir='ltr'>pimus</span> <span class='ocrx_word' id='word_1_413' title='bbox 1409 1232 1457 1244; x_wconf 89' lang='lat'>—.</span> <span class='ocrx_word' id='word_1_414' title='bbox 1486 1214 1611 1244; x_wconf 85' lang='lat' dir='ltr'>Datum</span> <span class='ocrx_word' id='word_1_415' title='bbox 1634 1215 1722 1253; x_wconf 88' lang='lat' dir='ltr'>apud</span> <span class='ocrx_word' id='word_1_416' title='bbox 1746 1215 2035 1252; x_wconf 79' lang='lat' dir='ltr'>Urbemveterem,</span> <span class='ocrx_word' id='word_1_417' title='bbox 2059 1226 2103 1246; x_wconf 83' lang='lat' dir='ltr'>xv</span> <span class='ocrx_word' id='word_1_418' title='bbox 2123 1217 2287 1248; x_wconf 86' lang='lat' dir='ltr'>kalendas</span> 
     </span>
     <span class='ocr_line' id='line_1_66' title="bbox 1275 1266 1640 1302; baseline 0.003 -7"><span class='ocrx_word' id='word_1_419' title='bbox 1275 1266 1368 1302; x_wconf 86' lang='lat' dir='ltr'>maii,</span> <span class='ocrx_word' id='word_1_420' title='bbox 1385 1275 1471 1297; x_wconf 86' lang='lat' dir='ltr'>anno</span> <span class='ocrx_word' id='word_1_421' title='bbox 1490 1267 1601 1298; x_wconf 86' lang='lat' dir='ltr'>tertio.</span> <span class='ocrx_word' id='word_1_422' title='bbox 1623 1276 1640 1296; x_wconf 90' lang='lat'>»</span> 
     </span>
    </p>
   </div>
   <div class='ocr_carea' id='block_1_36' title="bbox 1365 1423 1463 1453">
    <p class='ocr_par' dir='ltr' id='par_1_36' title="bbox 1365 1423 1463 1453">
     <span class='ocr_line' id='line_1_67' title="bbox 1365 1423 1463 1453; baseline 0 0"><span class='ocrx_word' id='word_1_423' title='bbox 1365 1423 1463 1453; x_wconf 76' lang='lat'>2580</span> 
     </span>
    </p>
   </div>
   <div class='ocr_carea' id='block_1_37' title="bbox 1857 1422 2216 1453">
    <p class='ocr_par' dir='ltr' id='par_1_37' title="bbox 1857 1422 2216 1453">
     <span class='ocr_line' id='line_1_68' title="bbox 1857 1422 2216 1453; baseline 0.006 -4"><span class='ocrx_word' id='word_1_424' title='bbox 1857 1422 1981 1453; x_wconf 76' lang='lat' dir='ltr'>Orvieto,</span> <span class='ocrx_word' id='word_1_425' title='bbox 2001 1423 2032 1450; x_wconf 70' lang='lat'>14</span> <span class='ocrx_word' id='word_1_426' title='bbox 2047 1424 2119 1451; x_wconf 67' lang='lat' dir='ltr'>avril</span> <span class='ocrx_word' id='word_1_427' title='bbox 2139 1424 2216 1451; x_wconf 71' lang='grc'><strong>1264.</strong></span> 
     </span>
    </p>
   </div>
   <div class='ocr_carea' id='block_1_38' title="bbox 1275 1505 2288 1736">
    <p class='ocr_par' dir='ltr' id='par_1_38' title="bbox 1275 1505 2288 1736">
     <span class='ocr_line' id='line_1_69' title="bbox 1312 1505 2288 1542; baseline 0.004 -11"><span class='ocrx_word' id='word_1_428' title='bbox 1312 1505 1505 1540; x_wconf 80' lang='lat' dir='ltr'>Infrascriptis</span> <span class='ocrx_word' id='word_1_429' title='bbox 1530 1507 1647 1533; x_wconf 88' lang='lat' dir='ltr'>mandat</span> <span class='ocrx_word' id='word_1_430' title='bbox 1677 1509 1716 1534; x_wconf 85' lang='lat' dir='ltr'>ut.</span> <span class='ocrx_word' id='word_1_431' title='bbox 1746 1507 1862 1534; x_wconf 87' lang='lat' dir='ltr'>obtentu</span> <span class='ocrx_word' id='word_1_432' title='bbox 1880 1508 2010 1534; x_wconf 69' lang='lat' dir='ltr'>Andreae</span> <span class='ocrx_word' id='word_1_433' title='bbox 2031 1509 2065 1534; x_wconf 87' lang='lat' dir='ltr'>de</span> <span class='ocrx_word' id='word_1_434' title='bbox 2088 1508 2225 1542; x_wconf 78' lang='lat' dir='ltr'>Lavania,</span> <span class='ocrx_word' id='word_1_435' title='bbox 2244 1517 2288 1535; x_wconf 89' lang='lat' dir='ltr'>ca-</span> 
     </span>
     <span class='ocr_line' id='line_1_70' title="bbox 1276 1554 2288 1592; baseline 0.004 -12"><span class='ocrx_word' id='word_1_436' title='bbox 1276 1554 1381 1588; x_wconf 84' lang='lat' dir='ltr'>pellani</span> <span class='ocrx_word' id='word_1_437' title='bbox 1399 1554 1562 1589; x_wconf 86' lang='lat' dir='ltr'>apostolici,</span> <span class='ocrx_word' id='word_1_438' title='bbox 1579 1555 1772 1582; x_wconf 78' lang='lat' dir='ltr'>archidiaconi</span> <span class='ocrx_word' id='word_1_439' title='bbox 1790 1556 1952 1588; x_wconf 85' lang='lat' dir='ltr'>Januensis,</span> <span class='ocrx_word' id='word_1_440' title='bbox 1978 1558 2140 1592; x_wconf 64' lang='lat' dir='ltr'>Symeneto.</span> <span class='ocrx_word' id='word_1_441' title='bbox 2157 1557 2215 1584; x_wconf 84' lang='lat' dir='ltr'>filio</span> <span class='ocrx_word' id='word_1_442' title='bbox 2236 1558 2288 1584; x_wconf 71' lang='lat' dir='ltr'>Vo-</span> 
     </span>
     <span class='ocr_line' id='line_1_71' title="bbox 1277 1603 2287 1640; baseline 0.004 -11"><span class='ocrx_word' id='word_1_443' title='bbox 1277 1603 1315 1638; x_wconf 74' lang='lat' dir='ltr'>gii</span> <span class='ocrx_word' id='word_1_444' title='bbox 1331 1604 1364 1630; x_wconf 78' lang='lat' dir='ltr'>de</span> <span class='ocrx_word' id='word_1_445' title='bbox 1379 1604 1518 1637; x_wconf 86' lang='lat' dir='ltr'>Cucurno,</span> <span class='ocrx_word' id='word_1_446' title='bbox 1536 1605 1641 1632; x_wconf 83' lang='lat' dir='ltr'>clerico</span> <span class='ocrx_word' id='word_1_447' title='bbox 1656 1605 1808 1632; x_wconf 81' lang='lat' dir='ltr'>Januensis</span> <span class='ocrx_word' id='word_1_448' title='bbox 1820 1605 1954 1639; x_wconf 85' lang='lat' dir='ltr'>diocesis,</span> <span class='ocrx_word' id='word_1_449' title='bbox 1972 1607 1999 1632; x_wconf 92' lang='lat' dir='ltr'>in</span> <span class='ocrx_word' id='word_1_450' title='bbox 2013 1606 2140 1640; x_wconf 81' lang='lat' dir='ltr'>ipsorum</span> <span class='ocrx_word' id='word_1_451' title='bbox 2158 1606 2287 1633; x_wconf 71' lang='lat' dir='ltr'>ecclesiis</span> 
     </span>
     <span class='ocr_line' id='line_1_72' title="bbox 1275 1652 2287 1689; baseline 0.004 -11"><span class='ocrx_word' id='word_1_452' title='bbox 1275 1653 1310 1679; x_wconf 87' lang='lat' dir='ltr'>dc</span> <span class='ocrx_word' id='word_1_453' title='bbox 1326 1652 1421 1687; x_wconf 82' lang='lat' dir='ltr'>aliquo</span> <span class='ocrx_word' id='word_1_454' title='bbox 1436 1653 1632 1680; x_wconf 85' lang='lat' dir='ltr'>ecclesiastico</span> <span class='ocrx_word' id='word_1_455' title='bbox 1647 1654 1784 1680; x_wconf 79' lang='lat' dir='ltr'>beneficio</span> <span class='ocrx_word' id='word_1_456' title='bbox 1803 1655 1979 1688; x_wconf 78' lang='lat' dir='ltr'>provideant.</span> <span class='ocrx_word' id='word_1_457' title='bbox 1995 1656 2075 1682; x_wconf 72' lang='grc'><strong>(1100.</strong></span> <span class='ocrx_word' id='word_1_458' title='bbox 2093 1657 2136 1685; x_wconf 71' lang='grc'>29,</span> <span class='ocrx_word' id='word_1_459' title='bbox 2156 1655 2204 1682; x_wconf 80' lang='lat' dir='ltr'>sol.</span> <span class='ocrx_word' id='word_1_460' title='bbox 2223 1657 2287 1689; x_wconf 84' lang='grc'><strong>312,</strong></span> 
     </span>
     <span class='ocr_line' id='line_1_73' title="bbox 1277 1702 1414 1736; baseline 0 -9"><span class='ocrx_word' id='word_1_461' title='bbox 1277 1706 1307 1727; x_wconf 83' lang='grc' dir='ltr'>0ο</span> <span class='ocrx_word' id='word_1_462' title='bbox 1325 1702 1414 1736; x_wconf 84' lang='grc'><strong>1632.)</strong></span> 
     </span>
    </p>
   </div>
   <div class='ocr_carea' id='block_1_39' title="bbox 1274 1806 2289 2003">
    <p class='ocr_par' dir='ltr' id='par_1_39' title="bbox 1274 1806 2289 2003">
     <span class='ocr_line' id='line_1_74' title="bbox 1317 1806 2288 1846; baseline 0.002 -11"><span class='ocrx_word' id='word_1_463' title='bbox 1317 1816 1333 1836; x_wconf 91' lang='grc'>«</span> <span class='ocrx_word' id='word_1_464' title='bbox 1353 1807 1475 1836; x_wconf 70' lang='lat' dir='ltr'>Hectori</span> <span class='ocrx_word' id='word_1_465' title='bbox 1489 1813 1514 1836; x_wconf 84' lang='lat' dir='ltr'>et</span> <span class='ocrx_word' id='word_1_466' title='bbox 1533 1806 1650 1836; x_wconf 76' lang='lat' dir='ltr'>clericis</span> <span class='ocrx_word' id='word_1_467' title='bbox 1665 1817 1688 1836; x_wconf 87' lang='lat' dir='ltr'>s.</span> <span class='ocrx_word' id='word_1_468' title='bbox 1706 1807 1804 1837; x_wconf 73' lang='lat' dir='ltr'>Marie</span> <span class='ocrx_word' id='word_1_469' title='bbox 1820 1807 1855 1837; x_wconf 76' lang='lat' dir='ltr'>de</span> <span class='ocrx_word' id='word_1_470' title='bbox 1873 1808 1968 1845; x_wconf 64' lang='lat' dir='ltr'>Beqio</span> <span class='ocrx_word' id='word_1_471' title='bbox 1985 1813 2011 1836; x_wconf 73' lang='lat' dir='ltr'>et</span> <span class='ocrx_word' id='word_1_472' title='bbox 2027 1818 2049 1836; x_wconf 65' lang='lat' dir='ltr'>s⁴</span> <span class='ocrx_word' id='word_1_473' title='bbox 2071 1807 2241 1846; x_wconf 71' lang='lat' dir='ltr'>,llaryarile</span> <span class='ocrx_word' id='word_1_474' title='bbox 2254 1808 2288 1837; x_wconf 81' lang='lat' dir='ltr'>de</span> 
     </span>
     <span class='ocr_line' id='line_1_75' title="bbox 1281 1857 2289 1900; baseline 0 -11"><span class='ocrx_word' id='word_1_475' title='bbox 1281 1859 1428 1889; x_wconf 65' lang='lat' dir='ltr'>Vei-notia</span> <span class='ocrx_word' id='word_1_476' title='bbox 1446 1859 1641 1889; x_wconf 71' lang='lat' dir='ltr'>ecclesiarum</span> <span class='ocrx_word' id='word_1_477' title='bbox 1653 1857 1781 1900; x_wconf 69' lang='lat' dir='ltr'>quai-uni</span> <span class='ocrx_word' id='word_1_478' title='bbox 1797 1871 1855 1889; x_wconf 75' lang='lat' dir='ltr'>nna</span> <span class='ocrx_word' id='word_1_479' title='bbox 1866 1860 2009 1900; x_wconf 77' lang='lat' dir='ltr'>dependet</span> <span class='ocrx_word' id='word_1_480' title='bbox 2024 1861 2060 1890; x_wconf 82' lang='lat' dir='ltr'>ab</span> <span class='ocrx_word' id='word_1_481' title='bbox 2077 1860 2150 1896; x_wconf 84' lang='lat' dir='ltr'>alia,</span> <span class='ocrx_word' id='word_1_482' title='bbox 2168 1861 2289 1890; x_wconf 78' lang='lat' dir='ltr'>Lunen-</span> 
     </span>
     <span class='ocr_line' id='line_1_76' title="bbox 1275 1912 2285 1953; baseline 0.003 -12"><span class='ocrx_word' id='word_1_483' title='bbox 1275 1912 1315 1941; x_wconf 81' lang='lat' dir='ltr'>sis</span> <span class='ocrx_word' id='word_1_484' title='bbox 1342 1912 1479 1942; x_wconf 76' lang='lat' dir='ltr'>diocesis.</span> <span class='ocrx_word' id='word_1_485' title='bbox 1498 1912 1606 1943; x_wconf 87' lang='lat' dir='ltr'>Habet</span> <span class='ocrx_word' id='word_1_486' title='bbox 1627 1913 1783 1943; x_wconf 84' lang='lat' dir='ltr'>fiduciam</span> <span class='ocrx_word' id='word_1_487' title='bbox 1810 1914 1954 1944; x_wconf 87' lang='lat' dir='ltr'>dilectus</span> <span class='ocrx_word' id='word_1_488' title='bbox 1978 1931 2026 1943; x_wconf 90' lang='lat'>—.</span> <span class='ocrx_word' id='word_1_489' title='bbox 2048 1915 2172 1944; x_wconf 82' lang='lat' dir='ltr'>Datum</span> <span class='ocrx_word' id='word_1_490' title='bbox 2200 1914 2285 1953; x_wconf 88' lang='lat' dir='ltr'>apud</span> 
     </span>
     <span class='ocr_line' id='line_1_77' title="bbox 1274 1965 2228 2003; baseline -0.001 -7"><span class='ocrx_word' id='word_1_491' title='bbox 1274 1965 1565 2001; x_wconf 72' lang='lat' dir='ltr'>Urbemveterem,</span> <span class='ocrx_word' id='word_1_492' title='bbox 1583 1975 1666 1996; x_wconf 76' lang='lat' dir='ltr'>xviii</span> <span class='ocrx_word' id='word_1_493' title='bbox 1684 1966 1847 1996; x_wconf 83' lang='lat' dir='ltr'>kalendas</span> <span class='ocrx_word' id='word_1_494' title='bbox 1869 1967 1961 2003; x_wconf 87' lang='lat' dir='ltr'>maii,</span> <span class='ocrx_word' id='word_1_495' title='bbox 1980 1976 2066 1996; x_wconf 86' lang='lat' dir='ltr'>anno</span> <span class='ocrx_word' id='word_1_496' title='bbox 2083 1967 2193 1997; x_wconf 85' lang='lat' dir='ltr'>tertio.</span> <span class='ocrx_word' id='word_1_497' title='bbox 2214 1978 2228 1995; x_wconf 89' lang='lat'>))</span> 
     </span>
    </p>
   </div>
   <div class='ocr_carea' id='block_1_40' title="bbox 1367 2126 1461 2157">
    <p class='ocr_par' dir='ltr' id='par_1_40' title="bbox 1367 2126 1461 2157">
     <span class='ocr_line' id='line_1_78' title="bbox 1367 2126 1461 2157; baseline -0.011 0"><span class='ocrx_word' id='word_1_498' title='bbox 1367 2126 1461 2157; x_wconf 78' lang='lat'>2581</span> 
     </span>
    </p>
   </div>
   <div class='ocr_carea' id='block_1_41' title="bbox 1869 2125 2212 2155">
    <p class='ocr_par' dir='ltr' id='par_1_41' title="bbox 1869 2125 2212 2155">
     <span class='ocr_line' id='line_1_79' title="bbox 1869 2125 2212 2155; baseline 0.003 -4"><span class='ocrx_word' id='word_1_499' title='bbox 1869 2125 1993 2155; x_wconf 75' lang='lat' dir='ltr'>Orvieto,</span> <span class='ocrx_word' id='word_1_500' title='bbox 2013 2125 2043 2152; x_wconf 76' lang='grc'>11</span> <span class='ocrx_word' id='word_1_501' title='bbox 2058 2125 2117 2151; x_wconf 87' lang='lat' dir='ltr'>mai</span> <span class='ocrx_word' id='word_1_502' title='bbox 2136 2125 2212 2152; x_wconf 73' lang='grc'><strong>1261».</strong></span> 
     </span>
    </p>
   </div>
   <div class='ocr_carea' id='block_1_42' title="bbox 1274 2204 2290 2386">
    <p class='ocr_par' dir='ltr' id='par_1_42' title="bbox 1274 2204 2290 2386">
     <span class='ocr_line' id='line_1_80' title="bbox 1311 2204 2287 2240; baseline 0 -9"><span class='ocrx_word' id='word_1_503' title='bbox 1311 2206 1450 2240; x_wconf 79' lang='lat' dir='ltr'>Episcopo</span> <span class='ocrx_word' id='word_1_504' title='bbox 1466 2204 1673 2239; x_wconf 70' lang='lat' dir='ltr'>Albingauensi</span> <span class='ocrx_word' id='word_1_505' title='bbox 1700 2206 1817 2232; x_wconf 84' lang='lat' dir='ltr'>mandat</span> <span class='ocrx_word' id='word_1_506' title='bbox 1835 2208 1875 2238; x_wconf 89' lang='lat' dir='ltr'>ut,</span> <span class='ocrx_word' id='word_1_507' title='bbox 1896 2205 2013 2232; x_wconf 87' lang='lat' dir='ltr'>obtentu</span> <span class='ocrx_word' id='word_1_508' title='bbox 2033 2206 2162 2232; x_wconf 67' lang='lat' dir='ltr'>Andreae</span> <span class='ocrx_word' id='word_1_509' title='bbox 2181 2206 2215 2231; x_wconf 73' lang='lat' dir='ltr'>de</span> <span class='ocrx_word' id='word_1_510' title='bbox 2239 2205 2287 2231; x_wconf 81' lang='lat' dir='ltr'>La-</span> 
     </span>
     <span class='ocr_line' id='line_1_81' title="bbox 1275 2253 2287 2288; baseline 0 -8"><span class='ocrx_word' id='word_1_511' title='bbox 1275 2254 1371 2285; x_wconf 72' lang='lat' dir='ltr'>vania,</span> <span class='ocrx_word' id='word_1_512' title='bbox 1388 2254 1581 2281; x_wconf 87' lang='lat' dir='ltr'>archidiaconi</span> <span class='ocrx_word' id='word_1_513' title='bbox 1599 2253 1764 2285; x_wconf 72' lang='lat' dir='ltr'>Januensis,</span> <span class='ocrx_word' id='word_1_514' title='bbox 1780 2253 1921 2288; x_wconf 81' lang='lat' dir='ltr'>capellani</span> <span class='ocrx_word' id='word_1_515' title='bbox 1940 2254 2102 2288; x_wconf 71' lang='lat' dir='ltr'>apostolici,</span> <span class='ocrx_word' id='word_1_516' title='bbox 2118 2254 2287 2285; x_wconf 69' lang='lat' dir='ltr'>Arnaldum,</span> 
     </span>
     <span class='ocr_line' id='line_1_82' title="bbox 1274 2303 2290 2335; baseline -0.001 -5"><span class='ocrx_word' id='word_1_517' title='bbox 1274 2303 1383 2330; x_wconf 84' lang='lat' dir='ltr'>dietum</span> <span class='ocrx_word' id='word_1_518' title='bbox 1400 2303 1513 2335; x_wconf 80' lang='lat' dir='ltr'>Qualca.</span> <span class='ocrx_word' id='word_1_519' title='bbox 1531 2304 1564 2329; x_wconf 86' lang='lat' dir='ltr'>de</span> <span class='ocrx_word' id='word_1_520' title='bbox 1581 2303 1679 2330; x_wconf 90' lang='lat' dir='ltr'>Diano.</span> <span class='ocrx_word' id='word_1_521' title='bbox 1695 2303 1722 2329; x_wconf 93' lang='lat' dir='ltr'>in</span> <span class='ocrx_word' id='word_1_522' title='bbox 1737 2303 1859 2329; x_wconf 77' lang='lat' dir='ltr'>ecclesia</span> <span class='ocrx_word' id='word_1_523' title='bbox 1880 2312 1902 2330; x_wconf 84' lang='lat' dir='ltr'>s.</span> <span class='ocrx_word' id='word_1_524' title='bbox 1920 2303 2027 2329; x_wconf 79' lang='lat' dir='ltr'>Nicolai</span> <span class='ocrx_word' id='word_1_525' title='bbox 2043 2304 2077 2330; x_wconf 87' lang='lat' dir='ltr'>de</span> <span class='ocrx_word' id='word_1_526' title='bbox 2093 2304 2180 2330; x_wconf 63' lang='lat' dir='ltr'>Diana</span> <span class='ocrx_word' id='word_1_527' title='bbox 2202 2303 2230 2329; x_wconf 93' lang='lat' dir='ltr'>in</span> <span class='ocrx_word' id='word_1_528' title='bbox 2246 2311 2290 2329; x_wconf 84' lang='lat' dir='ltr'>ca-</span> 
     </span>
     <span class='ocr_line' id='line_1_83' title="bbox 1276 2351 2146 2386; baseline 0 -8"><span class='ocrx_word' id='word_1_529' title='bbox 1276 2353 1412 2379; x_wconf 88' lang='lat' dir='ltr'>nonicum</span> <span class='ocrx_word' id='word_1_530' title='bbox 1431 2352 1518 2386; x_wconf 83' lang='lat' dir='ltr'>recipi</span> <span class='ocrx_word' id='word_1_531' title='bbox 1537 2352 1632 2379; x_wconf 77' lang='lat' dir='ltr'>saciat.</span> <span class='ocrx_word' id='word_1_532' title='bbox 1657 2352 1734 2385; x_wconf 70' lang='lat' dir='ltr'>(Rae.</span> <span class='ocrx_word' id='word_1_533' title='bbox 1753 2353 1799 2383; x_wconf 71' lang='grc'><strong>29,</strong></span> <span class='ocrx_word' id='word_1_534' title='bbox 1815 2351 1862 2378; x_wconf 84' lang='lat' dir='ltr'>sol.</span> <span class='ocrx_word' id='word_1_535' title='bbox 1882 2352 1933 2379; x_wconf 86' lang='grc'>312</span> <span class='ocrx_word' id='word_1_536' title='bbox 1950 2358 1987 2383; x_wconf 63' lang='grc' dir='ltr'>νο,</span> <span class='ocrx_word' id='word_1_537' title='bbox 2004 2358 2035 2378; x_wconf 76' lang='grc' dir='ltr'>11υ</span> <span class='ocrx_word' id='word_1_538' title='bbox 2056 2353 2146 2384; x_wconf 68' lang='lat'>1033.)</span> 
     </span>
    </p>
   </div>
   <div class='ocr_carea' id='block_1_43' title="bbox 1277 2458 2288 2552">
    <p class='ocr_par' dir='ltr' id='par_1_43' title="bbox 1277 2458 2288 2552">
     <span class='ocr_line' id='line_1_84' title="bbox 1317 2458 2288 2499; baseline 0.002 -13"><span class='ocrx_word' id='word_1_539' title='bbox 1317 2472 1331 2487; x_wconf 84' lang='lat'>«</span> <span class='ocrx_word' id='word_1_540' title='bbox 1351 2459 1508 2499; x_wconf 78' lang='lat' dir='ltr'>Episcopo</span> <span class='ocrx_word' id='word_1_541' title='bbox 1535 2458 1768 2498; x_wconf 73' lang='lat' dir='ltr'>Albinyanensi.</span> <span class='ocrx_word' id='word_1_542' title='bbox 1794 2458 1878 2489; x_wconf 88' lang='lat' dir='ltr'>Cum</span> <span class='ocrx_word' id='word_1_543' title='bbox 1908 2466 1949 2488; x_wconf 80' lang='lat' dir='ltr'>ex</span> <span class='ocrx_word' id='word_1_544' title='bbox 1969 2458 2070 2488; x_wconf 81' lang='lat' dir='ltr'>officii</span> <span class='ocrx_word' id='word_1_545' title='bbox 2094 2475 2142 2488; x_wconf 86' lang='lat'>-.</span> <span class='ocrx_word' id='word_1_546' title='bbox 2162 2458 2288 2488; x_wconf 81' lang='lat' dir='ltr'>Datum</span> 
     </span>
     <span class='ocr_line' id='line_1_85' title="bbox 1277 2511 2188 2552; baseline -0.004 -8"><span class='ocrx_word' id='word_1_547' title='bbox 1277 2514 1364 2552; x_wconf 88' lang='lat' dir='ltr'>apud</span> <span class='ocrx_word' id='word_1_548' title='bbox 1377 2513 1666 2548; x_wconf 80' lang='lat' dir='ltr'>Urbemveterem,</span> <span class='ocrx_word' id='word_1_549' title='bbox 1685 2522 1706 2541; x_wconf 93' lang='lat' dir='ltr'>n</span> <span class='ocrx_word' id='word_1_550' title='bbox 1727 2512 1804 2542; x_wconf 90' lang='lat' dir='ltr'>idus</span> <span class='ocrx_word' id='word_1_551' title='bbox 1822 2512 1916 2548; x_wconf 78' lang='lat' dir='ltr'>maii,</span> <span class='ocrx_word' id='word_1_552' title='bbox 1936 2520 2022 2541; x_wconf 87' lang='lat' dir='ltr'>anno</span> <span class='ocrx_word' id='word_1_553' title='bbox 2040 2511 2151 2541; x_wconf 90' lang='lat' dir='ltr'>tertio.</span> <span class='ocrx_word' id='word_1_554' title='bbox 2174 2522 2188 2540; x_wconf 88' lang='lat'>»</span> 
     </span>
    </p>
   </div>
   <div class='ocr_carea' id='block_1_44' title="bbox 1369 2673 2214 2706">
    <p class='ocr_par' dir='ltr' id='par_1_44' title="bbox 1369 2673 2214 2706">
     <span class='ocr_line' id='line_1_86' title="bbox 1369 2673 2214 2706; baseline -0.004 -3"><span class='ocrx_word' id='word_1_555' title='bbox 1369 2676 1466 2706; x_wconf 68' lang='lat'>2582</span> <span class='ocrx_word' id='word_1_556' title='bbox 1864 2673 1988 2705; x_wconf 79' lang='lat' dir='ltr'>Orvieto,</span> <span class='ocrx_word' id='word_1_557' title='bbox 2012 2673 2041 2700; x_wconf 95' lang='lat'>11</span> <span class='ocrx_word' id='word_1_558' title='bbox 2059 2673 2117 2700; x_wconf 84' lang='lat' dir='ltr'>mai</span> <span class='ocrx_word' id='word_1_559' title='bbox 2137 2673 2214 2700; x_wconf 70' lang='lat'>1264.</span> 
     </span>
    </p>
   </div>
   <div class='ocr_carea' id='block_1_45' title="bbox 1315 2757 2289 2793">
    <p class='ocr_par' dir='ltr' id='par_1_45' title="bbox 1315 2757 2289 2793">
     <span class='ocr_line' id='line_1_87' title="bbox 1315 2757 2289 2793; baseline -0.002 -7"><span class='ocrx_word' id='word_1_560' title='bbox 1315 2759 1452 2793; x_wconf 83' lang='lat' dir='ltr'>Episcopo</span> <span class='ocrx_word' id='word_1_561' title='bbox 1474 2761 1500 2785; x_wconf 85' lang='lat' dir='ltr'>et</span> <span class='ocrx_word' id='word_1_562' title='bbox 1517 2758 1641 2793; x_wconf 87' lang='lat' dir='ltr'>capitulo</span> <span class='ocrx_word' id='word_1_563' title='bbox 1657 2760 1663 2778; x_wconf 89' lang='lat'>¹</span> <span class='ocrx_word' id='word_1_564' title='bbox 1683 2758 1801 2784; x_wconf 81' lang='lat' dir='ltr'>mandat</span> <span class='ocrx_word' id='word_1_565' title='bbox 1825 2761 1854 2785; x_wconf 93' lang='lat' dir='ltr'>ut</span> <span class='ocrx_word' id='word_1_566' title='bbox 1875 2757 2043 2784; x_wconf 79' lang='lat' dir='ltr'>Rodcricum</span> <span class='ocrx_word' id='word_1_567' title='bbox 2059 2758 2134 2785; x_wconf 83' lang='lat' dir='ltr'>Petri</span> <span class='ocrx_word' id='word_1_568' title='bbox 2147 2757 2158 2774; x_wconf 75' lang='lat'><strong>²</strong></span> <span class='ocrx_word' id='word_1_569' title='bbox 2176 2758 2289 2785; x_wconf 77' lang='lat' dir='ltr'>subdia-</span> 
     </span>
    </p>
   </div>
   <div class='ocr_carea' id='block_1_46' title="bbox 1279 2871 2289 2993">
    <p class='ocr_par' dir='ltr' id='par_1_46' title="bbox 1279 2871 2289 2993">
     <span class='ocr_line' id='line_1_88' title="bbox 1312 2871 2287 2903; baseline -0.001 -7"><span class='ocrx_word' id='word_1_570' title='bbox 1312 2874 1333 2896; x_wconf 80' lang='lat'>1.</span> <span class='ocrx_word' id='word_1_571' title='bbox 1349 2873 1389 2897; x_wconf 84' lang='lat' dir='ltr'>La</span> <span class='ocrx_word' id='word_1_572' title='bbox 1403 2872 1541 2903; x_wconf 80' lang='lat' dir='ltr'>rubrique</span> <span class='ocrx_word' id='word_1_573' title='bbox 1560 2874 1603 2896; x_wconf 88' lang='lat' dir='ltr'>est</span> <span class='ocrx_word' id='word_1_574' title='bbox 1616 2871 1785 2903; x_wconf 79' lang='lat' dir='ltr'>incomplete</span> <span class='ocrx_word' id='word_1_575' title='bbox 1803 2873 1829 2895; x_wconf 84' lang='grc'>01</span> <span class='ocrx_word' id='word_1_576' title='bbox 1850 2871 1875 2896; x_wconf 82' lang='lat' dir='ltr'>le</span> <span class='ocrx_word' id='word_1_577' title='bbox 1894 2874 1968 2896; x_wconf 77' lang='lat' dir='ltr'>texte</span> <span class='ocrx_word' id='word_1_578' title='bbox 1985 2872 2017 2896; x_wconf 76' lang='lat' dir='ltr'>de</span> <span class='ocrx_word' id='word_1_579' title='bbox 2036 2871 2063 2896; x_wconf 74' lang='lat' dir='ltr'>la</span> <span class='ocrx_word' id='word_1_580' title='bbox 2080 2871 2157 2895; x_wconf 85' lang='lat' dir='ltr'>bulle</span> <span class='ocrx_word' id='word_1_581' title='bbox 2173 2878 2206 2895; x_wconf 83' lang='lat' dir='ltr'>ne</span> <span class='ocrx_word' id='word_1_582' title='bbox 2225 2878 2287 2902; x_wconf 86' lang='lat' dir='ltr'>per-</span> 
     </span>
     <span class='ocr_line' id='line_1_89' title="bbox 1279 2916 1707 2948; baseline -0.005 -6"><span class='ocrx_word' id='word_1_583' title='bbox 1279 2920 1334 2942; x_wconf 84' lang='lat' dir='ltr'>met</span> <span class='ocrx_word' id='word_1_584' title='bbox 1352 2925 1402 2948; x_wconf 85' lang='lat' dir='ltr'>pas</span> <span class='ocrx_word' id='word_1_585' title='bbox 1413 2918 1446 2942; x_wconf 83' lang='lat' dir='ltr'>de</span> <span class='ocrx_word' id='word_1_586' title='bbox 1463 2917 1490 2941; x_wconf 76' lang='lat' dir='ltr'>la</span> <span class='ocrx_word' id='word_1_587' title='bbox 1507 2916 1707 2941; x_wconf 83' lang='lat' dir='ltr'>reconstituer.</span> 
     </span>
     <span class='ocr_line' id='line_1_90' title="bbox 1310 2960 2289 2993; baseline -0.001 -7"><span class='ocrx_word' id='word_1_588' title='bbox 1310 2963 1333 2986; x_wconf 76' lang='lat'>2.</span> <span class='ocrx_word' id='word_1_589' title='bbox 1349 2962 1392 2986; x_wconf 90' lang='lat' dir='ltr'>En</span> <span class='ocrx_word' id='word_1_590' title='bbox 1411 2969 1507 2992; x_wconf 73' lang='lat' dir='ltr'>margo</span> <span class='ocrx_word' id='word_1_591' title='bbox 1521 2967 1526 2986; x_wconf 90' lang='grc'>·.</span> <span class='ocrx_word' id='word_1_592' title='bbox 1544 2961 1722 2992; x_wconf 77' lang='lat' dir='ltr'>Competentcr</span> <span class='ocrx_word' id='word_1_593' title='bbox 1737 2962 1836 2989; x_wconf 79' lang='lat' dir='ltr'>cantat,</span> <span class='ocrx_word' id='word_1_594' title='bbox 1853 2960 1926 2993; x_wconf 72' lang='lat' dir='ltr'>teyie,</span> <span class='ocrx_word' id='word_1_595' title='bbox 1943 2961 2063 2985; x_wconf 74' lang='lat' dir='ltr'>latinizat</span> <span class='ocrx_word' id='word_1_596' title='bbox 2075 2962 2100 2986; x_wconf 78' lang='lat' dir='ltr'>et</span> <span class='ocrx_word' id='word_1_597' title='bbox 2112 2962 2248 2985; x_wconf 66' lang='lat' dir='ltr'>constr-uie.</span> <span class='ocrx_word' id='word_1_598' title='bbox 2259 2961 2289 2985; x_wconf 87' lang='grc' dir='ltr'>Ρ.</span> 
     </span>
    </p>
   </div>
   <div class='ocr_carea' id='block_1_47' title="bbox 2129 3007 2163 3033">
    <p class='ocr_par' dir='ltr' id='par_1_47' title="bbox 2129 3007 2163 3033">
     <span class='ocr_line' id='line_1_91' title="bbox 2129 3007 2163 3033; baseline 0 0"><span class='ocrx_word' id='word_1_599' title='bbox 2129 3007 2163 3033; x_wconf 79' lang='lat'>55</span> 
     </span>
    </p>
   </div>
  </div>
 </body>
</html>
