2519 3262
1046 159 1285 197 TROISIEME
1315 158 1478 196 ANNEE.

317 251 412 281 1906
798 250 922 284 Orvieio,
940 251 956 277 Ξ)
968 250 1061 285 juillet
1082 250 1160 277 1204.

260 333 400 364 Ministro,
426 333 563 360 fratribus
589 342 621 360 ac
643 334 790 361 sororibus
817 335 851 361 de
872 334 1045 361 Poenitentia
1068 334 1234 369 conjugato·
1265 349 1266 354 =

224 390 289 408 rum
312 382 399 409 castri
427 391 449 409 S.
483 382 658 417 Geminiani,
684 383 857 410 Vulteranae
878 383 1012 413 diocesis.
1041 383 1167 416 indulget
1193 384 1234 415 ut,

224 433 355 465 tempore
376 431 520 458 interdicti
535 432 683 458 occasione
702 431 841 458 Manfredi
858 432 887 458 in
908 432 1025 458 Tusciae
1041 431 1173 457 civitates
1188 431 1235 457 ad-

224 479 376 506 haerentes
393 479 487 506 eidcm
506 480 662 514 Mant'redo‚
678 480 834 514 suppositi,
850 479 956 506 divinis
975 480 1077 506 officiis
1096 480 1235 506 interesse
1266 502 1267 523 ;

224 529 345 563 possint.
365 529 445 561 (Rea.
461 530 505 559 29,
526 528 574 556 fol.
593 530 645 556 196
658 534 698 560 νῦ,
716 534 747 555 n⁰
763 530 830 559 9563
848 529 998 555 Porruasr
1018 529 1128 558 189134.)

264 645 278 663 «
298 635 440 664 Ministro
459 640 486 664 ec
502 635 652 673 fratribus
673 645 707 664 ac
732 635 886 664 sororibus
907 635 943 664 (Ic
965 634 1138 663 Pcnitentitz
1162 644 1236 663 con-

218 688 400 727 juqalormn
430 689 521 717 castri
548 688 647 717 sancti
678 687 862 724 Geminiani,
897 687 1061 717 Vulterane
1095 686 1234 716 diocesis.

225 742 323 771 Pium
342 741 547 772 arbitrantes
565 743 596 772 61
616 760 664 770 -—.
683 742 804 772 Datum
831 741 919 779 apud
940 740 1234 776 Urbemveterem,

227 805 259 824 ιιι
281 804 387 825 nonas
401 795 489 834 julii,
512 803 597 825 anno
615 795 726 825 tertio.
755 804 769 823 »

314 954 409 984 1907
786 950 910 984 Orvieto,
925 951 1063 986 14juillet
1085 951 1162 978 1264.

260 1036 381 1068 Simoni,
404 1037 514 1063 decano
534 1036 664 1063 Metensi,
688 1035 838 1070 capellano
853 1035 1022 1070 apostolico,
1041 1036 1236 1070 capellaniam

223 1085 357 1112 Metensis
379 1084 517 1112 ecclesiae
532 1085 696 1112 confirmat.
717 1085 797 1120 (REG.
818 1085 862 1118 29,
881 1085 930 1112 fol.
950 1085 1001 1112 196
1017 1089 1056 1119 v⁰‚
1076 1089 1106 1111 ι]ο
1124 1084 1201 1119 957.)

264 1203 278 1223 ((
298 1193 436 1233 Symonz',
456 1193 569 1223 decano
586 1193 725 1228 Mctcnsi,
743 1191 900 1232 capellano
917 1196 1028 1221 nostro.
1045 1191 1238 1222 Desideriis

222 1247 291 1276 tuis
319 1247 353 1276 in
368 1265 416 1275 —.
445 1246 531 1277 Sane
548 1246 667 1285 petitio
684 1247 741 1276 tua
757 1245 855 1276 nobis
872 1245 1023 1275 exhibita
1041 1243 1238 1275 continebat

224 1300 324 1339 quod,
337 1301 475 1330 vacante
491 1299 678 1338 capellania
692 1299 854 1329 Metensis
867 1298 1007 1329 ecclesie
1020 1307 1078 1337 per
1094 1299 1239 1328 mortem

224 1353 421 1388 Theolmldi,
437 1353 588 1391 ejusdem
605 1353 746 1383 ecclesie
763 1352 922 1388 cantoris,
940 1352 997 1390 qui
1013 1351 1239 1389 capellaniam

225 1406 395 1437 obtinebat
415 1406 613 1445 predictam,
634 1415 695 1435 nos
718 1405 939 1444 capellaniam
957 1405 1066 1443 ipsam
1084 1404 1145 1434 tibi
1165 1413 1241 1434 con-

223 1460 366 1490 tulimus
382 1461 414 1490 ct
431 1459 643 1498 providimus
662 1460 702 1489 de
720 1459 790 1493 illa,
812 1458 970 1488 dilectum
990 1457 1098 1487 tilium
1117 1458 1239 1497 magis·

223 1515 314 1543 trum
350 1513 582 1547 Laurentium,
617 1512 787 1542 notarium
818 1514 983 1547 nostrum,
1013 1511 1238 1545 investiendo,

224 1567 282 1597 tuo
302 1567 446 1603 nomine,
474 1575 533 1605 per
559 1567 711 1596 nostrum
735 1565 875 1595 anulum
891 1565 930 1595 de
952 1565 1081 1595 eadem.
1100 1566 1238 1599 Verum,

225 1620 304 1659 quia
322 1620 539 1658 postmodum
566 1618 766 1649 collationes
790 1620 822 1648 et
841 1619 1060 1648 investituras
1077 1618 1240 1648 canonice

227 1673 331 1704 factas
357 1682 415 1712 per
437 1672 664 1703 venerabilem
692 1672 830 1702 fratrem
856 1673 1008 1702 nostrum
1037 1671 1240 1710 Philippum

226 1727 435 1765 episcopum,
454 1726 511 1765 qui
529 1727 606 1755 tunc
624 1734 684 1764 pro
704 1725 846 1755 Metensi
863 1725 1019 1763 episcopo
1039 1733 1074 1754 sc
1091 1724 1238 1763 gerebat,

227 1783 284 1810 aut
300 1780 471 1818 delegatos
496 1779 536 1809 ab
560 1788 609 1814 eo,
630 1787 694 1808 non
712 1778 865 1808 obstante
883 1779 911 1807 si
929 1778 1121 1817 hujusmodi
1141 1777 1241 1808 bene-
1271 1783 1272 1792 ¹

225 1833 300 1863 ficia
330 1835 442 1863 essent
471 1832 687 1870 postmodum
717 1831 889 1870 aliquibus
918 1832 1075 1869 personis
1106 1831 1241 1867 collata,

226 1887 424 1917 auctoritate
442 1886 628 1924 apostolica
645 1885 807 1915 duximus
825 1885 1085 1920 confirmandas,
1104 1884 1242 1914 dubitas

227 1949 266 1970 ne
284 1949 342 1978 per
361 1940 421 1970 hoc
444 1939 552 1978 possit
575 1938 637 1968 tibi
660 1947 761 1977 super
784 1939 873 1968 dicta
887 1938 1075 1977 capellania
1094 1938 1244 1976 prejudi-

225 1994 315 2023 cium
336 1993 473 2032 aliquod
497 1992 664 2032 generari.
686 1993 756 2022 Nos
783 1992 907 2030 itaque,
933 1992 1001 2021 tuis
1020 1991 1243 2030 supplicatio—

228 2046 327 2076 nibus
361 2046 526 2080 inclinati,
560 2045 758 2076 auctoritate
778 2045 987 2083 presentium
1028 2044 1243 2074 declaramus

1270 1709 1272 1722 l

1270 1735 1271 1749 l

1271 1759 1272 1770 ι

1273 2060 1275 2090 l

228 2100 316 2139 quod
349 2102 461 2130 nostre
495 2099 692 2129 intentionis
722 2107 788 2129 non
822 2098 935 2128 extitit
966 2107 1025 2127 nec
1058 2097 1175 2128 existit
1208 2099 1244 2127 ut
1273 2097 1275 2115 ⁴¹

225 2153 418 2192 hujusmodi
437 2152 626 2192 provisioni
650 2154 764 2182 nostre
781 2151 866 2182 facte
888 2151 949 2182 tibi
973 2151 1012 2181 de
1029 2151 1117 2181 dicta
1133 2151 1243 2189 capel-

226 2207 315 2237 lania
341 2215 400 2245 Pffl'
428 2206 551 2237 dictam
576 2205 852 2236 ΟΟΠΒῐῙῖΗῒῙΟΠθΠῚ
881 2206 1031 2235 nostram
1059 2204 1093 2234 il]
1123 2204 1242 2243 “ffiqUO
1273 2203 1274 2235 Ῐ
1300 2217 1929 2256 riusdicitur,premissisnequaquam
1941 2218 2311 2258 obstantibus,plenam

226 2261 414 2298 derogetur.
432 2260 527 2290 Nulli
543 2268 620 2298 ergo
635 2261 748 2289 nostre
768 2258 1006 2289 declarationis
1025 2261 1087 2288 etc.
1112 2258 1238 2288 Datum

227 2313 314 2351 apud
330 2313 617 2347 Urbemveterem,
638 2322 659 2342 ιι
678 2313 753 2343 idus
768 2312 858 2351 julii,
877 2321 963 2342 anno
982 2312 1081 2342 tertio
1100 2313 1119 2340 ¹.
1141 2322 1155 2340 ι)

320 2480 416 2511 1908
803 2476 926 2508 Orvieto,
944 2476 960 2503 4
973 2476 1069 2512 juillet
1088 2477 1164 2504 1264.

263 2563 401 2598 Episcopo
414 2562 613 2590 Cameracensi
628 2562 744 2588 mandat
756 2561 917 2595 permittat,
933 2561 956 2588 si
973 2561 1107 2595 expedire
1125 2560 1241 2596 viderit,

229 2616 258 2639 ut
277 2612 426 2646 episcopus
450 2610 635 2637 Virdunensis
655 2610 764 2637 curiam
787 2610 821 2636 de
842 2610 978 2644 Suppilia,
998 2609 1165 2637 Leodiensis
1182 2609 1242 2637 dio-

227 2661 312 2692 cesis,
335 2661 443 2687 decano
459 2663 488 2686 et
511 2659 636 2694 capitulo
659 2659 821 2686 Leodiensis
847 2658 985 2685 ecclesiae
1009 2659 1046 2685 ad
1065 2662 1241 2694 perpetuum

230 2718 348 2737 censum
366 2709 448 2736 locet.
467 2709 547 2744 (Rau.
568 2709 614 2741 29,
633 2707 681 2734 fol.
696 2708 747 2735 196
761 2713 798 2739 ψ’,
815 2713 845 2734 n⁰
859 2708 937 2741 958.)

260 2824 283 2846 1,
300 2823 341 2846 En
358 2827 472 2852 marge:
496 2830 506 2843 α
524 2821 636 2845 Oblentu
652 2821 774 2851 massism
789 2821 923 2845 Laurentii
938 2821 1036 2845 notar-ii
1057 2824 1081 2846 et
1103 2822 1241 2853 Stephani,

229 2867 321 2892 decani
337 2865 474 2893 Tullensis,
491 2865 545 2897 fuit
557 2872 686 2889 concessa.
705 2874 714 2887 n

2243 174 2298 204 301

1333 249 1518 288 «Episcopo
1532 248 1756 278 Canum-acensi.
1767 250 1976 288 Significavit
1988 253 2085 282 nobis
2097 255 2302 287 venerabilis

1293 301 1396 331 frater
1418 302 1550 331 noster.
1569 325 1575 330 .
1597 302 1776 341 episcopus
1792 303 2028 340 Yirdunensis,
2051 307 2138 344 quod
2155 308 2194 337 de
2211 309 2303 338 curia

1293 355 1324 384 et
1342 354 1474 384 roveria
1487 354 1526 384 de
1541 354 1708 392 suppilia,
1727 355 1927 386 Leodiensis
1946 357 2102 394 (11066515,
2119 368 2302 399 earumque

1288 406 1423 445 Juribus
1447 408 1477 436 et
1498 407 1713 445 pertinentiis
1734 409 1892 439 omnibus
1915 411 1955 440 ad
1974 411 2205 450 episcopatum
2228 414 2303 443 Vir·

1293 460 1480 489 dunensem
1520 461 1764 498 spectantibus,
1806 464 1943 501 propter
1977 463 2116 494 nimiam
2153 465 2303 496 locorum

1294 511 1445 549 ipsorum
1463 512 1659 542 distantiam
1678 514 1709 543 et
1727 514 1891 544 malitiam
1912 517 2122 554 quorundam
2139 518 2304 549 nobilium

1293 565 1332 594 de
1348 565 1502 603 partibus
1522 566 1603 602 illis,
1628 566 1822 605 frequenter
1847 570 1877 598 et
1906 568 2051 599 libenter
2069 572 2303 609 occupantium

1290 618 1366 656 J'ura
1381 619 1412 648 et
1431 619 1655 656 pertinentias
1670 620 1790 658 ipsius,
1812 622 1978 651 modicam
1992 623 2173 653 utilitatem
2192 632 2303 654 conse-

1293 671 1409 709 quitur
1424 671 1566 702 ecclesia
1582 672 1820 703 virdunensis.
1837 674 1947 709 Quare
1963 675 2060 705 nobis
2078 676 2165 706 idem
2180 678 2306 715 cpisco-

1294 733 1356 762 pus
1375 724 1549 754 humiliter
1566 726 1769 764 supplicavit
1786 728 1832 761 ut,
1847 736 1920 757 cuni
1937 728 2050 758 dilecti
2067 729 2126 758 tilii
2143 754 2148 759 .
2165 752 2171 757 .
2190 739 2304 768 prepo-

1266 785 1267 807 3
1293 778 1392 812 situs,
1406 803 1410 807 .
1424 800 1430 806 .
1446 778 1603 812 decanus⁷
1618 781 1648 808 et
1668 780 1853 818 capitulum
1871 780 2070 811 Leodiensis
2083 783 2234 819 ecclesie,
2246 792 2305 821 pro

1293 830 1359 860 hiis
1375 830 1526 860 locandis
1543 831 1608 861 sibi
1622 834 1796 870 perpetuo,
1812 836 1946 864 centum
1962 843 2092 865 marcas
2108 836 2306 867 Leodiensis

1294 885 1439 921 monete,
1459 884 1604 923 singulis
1620 885 1729 922 annis,
1747 886 1856 916 eidem
1875 887 2033 926 episcopo
2052 891 2083 918 et
2106 891 2307 920 successori-

1292 936 1356 967 bus
1372 937 1456 971 suis,
1475 937 1537 967 sub
1554 938 1655 968 certis
1667 938 1943 978 obligationibus,
1958 941 2036 971 dare
2048 943 2257 980 promittant,
2270 952 2307 974 ac

1294 990 1553 1021 distributiones
1570 991 1742 1022 cotidanas
1765 993 1852 1023 sicut
1878 994 1936 1023 uni
1962 1003 2003 1024 ex
2029 996 2199 1025 canonicis
2225 997 2305 1027 resi-

1294 1043 1453 1074 dentibus
1471 1044 1505 1074 111
1522 1045 1596 1083 ipsa
1615 1046 1795 1076 Leodiensi
1814 1047 1968 1082 ecclesia,
1986 1049 2142 1086 quotiens
2163 1051 2307 1080 eundem

1295 1097 1493 1136 episcopum
1518 1098 1571 1128 vel
1595 1098 1700 1128 alium
1729 1100 1787 1138 qui
1818 1100 1919 1130 fuerit
1948 1110 2007 1140 pro
2038 1103 2188 1140 tempore
2220 1104 2307 1141 apud

1294 1150 1459 1181 Leodium
1481 1152 1607 1181 morari
1623 1153 1811 1191 contigerit,
1831 1153 2001 1187 exhibere.
2021 1154 2153 1185 locandi
2171 1156 2219 1185 eis
2236 1165 2308 1194 pre-

1295 1204 1382 1234 fatas
1406 1204 1535 1234 curiam
1565 1206 1596 1235 et
1622 1206 1801 1240 roveriam,
1827 1215 1903 1236 cum
1929 1207 2087 1238 omnibus
2115 1209 2249 1247 juribus
2277 1212 2308 1240 et

1295 1257 1512 1295 pertinentiis
1536 1259 1710 1297 predictis,
1739 1259 1779 1289 ad
1795 1259 1989 1298 hujusmodi
2013 1263 2212 1300 perpetuum
2236 1271 2309 1292 cen-

1297 1319 1384 1344 sum,
1404 1310 1471 1349 ipsi
1483 1311 1641 1350 episcopo
1656 1312 1827 1342 licentiam
1842 1313 2056 1352 largiremur,
2074 1323 2139 1344 non
2155 1314 2308 1346 obstante

1292 1364 1485 1402 juramento
1508 1365 1597 1403 quod
1618 1365 1708 1395 idem
1726 1366 1906 1404 episcopus
1924 1368 2073 1404 prestitit
2090 1368 2129 1398 de
2148 1377 2212 1398 non
2230 1369 2308 1398 alie-

1296 1417 1418 1447 nandis
1435 1416 1534 1447 bonis
1552 1418 1704 1455 ejusdem
1726 1419 1867 1449 ecclesie
1886 1420 2125 1457 Yirdunensis,
2145 1425 2199 1451 aut
2220 1422 2308 1460 quod

1297 1470 1483 1508 capitulum
1500 1471 1609 1509 ipsius
1624 1471 1850 1502 Yirdunensis
1864 1473 2004 1503 ecclesie
2019 1473 2213 1512 hujusmodi
2224 1475 2306 1505 loca-

1298 1524 1381 1554 tioni
1397 1532 1456 1553 seu
1473 1525 1682 1554 concessioni
1699 1527 1858 1563 perpetue
1874 1534 1939 1555 non
1952 1529 2102 1564 prestant
2117 1536 2306 1558 assensum.

1296 1577 1367 1606 Nos
1391 1577 1515 1615 itaque,
1539 1577 1747 1616 profectibus
1768 1578 1918 1617 ejusdem
1939 1579 2090 1615 ecclesie⁷
2115 1589 2215 1619 quam
2232 1589 2307 1619 spe-

1298 1630 1375 1660 ciali
1410 1630 1585 1660 allectione
1620 1631 1807 1670 diligimus,
1844 1632 2018 1662 intendere
2054 1634 2239 1672 cupientes,
2271 1644 2307 1664 ac

1298 1685 1452 1723 gerentes
1476 1684 1515 1713 de
1533 1684 1834 1722 circumspectione
1857 1687 1914 1715 tua
1934 1686 2090 1716 fiduciam
2107 1687 2306 1724 pleniorem,

1299 1736 1503 1767 fraternitati
1537 1739 1590 1767 tue
1628 1738 1829 1768 mandamus
1866 1739 2037 1777 quatinus,
2072 1740 2235 1778 inquisita
2269 1742 2308 1771 de

1298 1790 1412 1820 valore
1428 1790 1620 1820 reddItuum
1635 1791 1863 1829 predictorum
1877 1792 2028 1822 locorum
2046 1795 2076 1823 et
2092 1793 2132 1823 de
2150 1794 2308 1823 omnibus

1272 1874 1273 1878 ,
1299 1843 1567 1873 circumstantiis
1585 1844 1719 1882 plenius
1743 1845 1894 1880 veritate,
1918 1846 1945 1875 si
1965 1846 2024 1875 tibi
2044 1847 2231 1876 constiterit
2249 1847 2309 1877 hoc

1301 1897 1418 1927 cedere
1434 1898 1466 1926 in
1482 1897 1665 1928 utilitatem
1685 1898 1826 1928 ecclesie
1844 1898 2081 1934 Virdunensis,
2100 1900 2165 1929 nisi
2181 1900 2306 1930 dictum

1299 1950 1484 1988 capitulum
1518 1951 1732 1981 Virdunense
1765 1960 1867 1990 quare
1894 1951 1953 1981 hoc
1986 1952 2058 1982 fieri
2090 1962 2156 1983 non
2191 1954 2309 1984 debeat

1273 2017 1274 2022 =
1299 2003 1537 2034 rationabilem
1567 2012 1704 2034 causam
1732 2005 1922 2041 ostendant,
1956 2007 1991 2036 tu
2015 2006 2124 2036 eidem
2152 2008 2310 2046 episcopo

1300 2057 1432 2086 locandi
1459 2059 1489 2087 et
1514 2057 1717 2087 concedendi
1750 2059 1897 2096 prefatas
1927 2059 2054 2089 curiam
2081 2062 2111 2089 61
2142 2060 2308 2090 roveri-am

1274 2125 1275 2130 =
1300 2119 1482 2148 earumque
1498 2110 1720 2148 pertinentias
1733 2120 1849 2141 omnes
1866 2112 1966 2142 dictis
1983 2113 2165 2150 preposito,
2186 2114 2310 2143 decano

1273 2181 1274 2194 ;
1300 2165 1332 2193 61
1346 2163 1506 2202 capitulo,
1524 2173 1583 2202 pro
1596 2164 1962 2204 hujusmodiperpetuo
1977 2174 2089 2196 censu,
2111 2166 2195 2196 sicut
2215 2176 2310 2205 supe-

1300 2272 1331 2300 et
1360 2270 1503 2300 liberam
1533 2270 1727 2301 facultatem
1759 2272 1956 2301 auctoritate
1988 2274 2102 2301 nostra
2135 2273 2308 2302 concedas.

1298 2324 1423 2353 Datum
1450 2324 1538 2362 apud
1570 2324 1857 2360 Urbemveterem‚
1889 2335 1941 2354 1111
1973 2334 2078 2355 nonas
2101 2326 2190 2363 julii,
2224 2335 2310 2356 anno

1272 2383 1273 2400 ³
1298 2377 1410 2407 tertio.
1431 2386 1445 2405 »

1390 2540 1486 2570 1909

1889 2539 2013 2573 Orvieto,
2037 2540 2068 2567 12
2081 2540 2144 2576 juin
2161 2542 2238 2568 1202*

1334 2622 1425 2649 Priori
1446 2622 1677 2650 Praedicatorum
1692 2623 1942 2651 Warmacensiurn
1961 2626 2081 2652 mandat
2098 2627 2127 2652 ut
2142 2626 2309 2657 chricum,

1298 2673 1441 2699 rectorem
1451 2672 1589 2699 ecclesiae
1606 2672 1634 2699 in
1649 2673 1845 2706 (tammonem,
1860 2673 2004 2708 Spirensis
2020 2674 2154 2708 diocesis,
2165 2676 2308 2702 notarium

1298 2720 1414 2748 comitis
1440 2721 1680 2754 Gemini-Pontis,
1704 2722 1732 2748 in
1752 2722 1874 2749 ecclesia
1900 2731 1923 2750 s.
1940 2724 2076 2750 Germani
2104 2726 2183 2751 extra
2213 2733 2308 2752 muros

1271 2775 1272 2779 ¹
1298 2769 1446 2803 Spirenses
1472 2770 1559 2804 recipi
1586 2770 1671 2797 faciat
1694 2771 1722 2797 in
1745 2771 1929 2799 canonicum.
1963 2773 2042 2807 [aaa.
2070 2774 2115 2805 29,
2131 2773 2178 2800 fol.
2203 2774 2250 2800 190
2272 2779 2308 2807 v⁰,

1298 2824 1329 2844 n⁰
1347 2819 1415 2851 959;
1435 2820 1591 2849 PoTTnAsr.
1609 2819 1717 2855 18942.)
