2519 3262
259 231 317 259 4-22

260 314 437 352 Huguetus
465 312 571 346 Maza,
598 310 694 347 Ilugo
719 307 867 338 Monaldi
886 308 917 337 et
937 306 995 336 alii
1026 314 1140 336 eorum
1171 303 1266 339 socii,

260 367 349 397 cives
377 368 408 396 et
436 366 642 395 mercatores
662 360 862 394 Florentini,
879 360 912 389 in
936 359 1160 398 septingentis
1183 359 1269 388 octa-

259 419 350 457 ginta
364 419 396 448 et
410 427 425 445 v
442 416 539 445 libris
558 413 827 452 provenientium
844 413 1019 441 teneantur
1036 411 1157 445 eidem,
1170 411 1268 447 prout

261 471 293 501 in
323 470 548 501 instrumento
583 466 716 505 publico
745 473 846 503 super
871 465 932 494 hoc
955 465 1105 494 consecto
1134 463 1267 501 plenius

260 524 382 554 dicitur
408 521 583 552 contineri.
603 519 750 557 dictique
777 518 981 547 mercatores
1002 516 1196 555 hujusmodi
1214 524 1267 554 pe-

260 577 391 606 cuniam
423 575 529 605 eidem
558 572 704 603 ltobcrto
739 571 941 600 manualiter
973 570 1104 600 solvere
1135 578 1169 599 se
1202 578 1267 599 nun

259 637 357 667 posse
376 628 575 666 proponant,
603 635 639 655 ac
657 624 862 655 venerabilis
886 624 986 653 frater
1005 624 1119 653 noster
1139 622 1267 653 Castel-

259 682 356 712 lanus
377 681 556 720 episcopus
576 679 607 709 in
636 678 741 708 multo
759 677 877 716 majori
894 685 1026 706 summa
1042 676 1182 715 pecunie
1199 675 1267 705 dic-

260 735 303 765 tis
320 733 564 764 mercatoribus
588 733 752 765 teneatur,
773 739 844 766 uos,
863 730 1015 760 volentes
1034 729 1185 767 ejusdem
1204 729 1267 759 Ro-

259 788 345 818 berti
373 785 605 824 indempnitati
627 784 812 823 apostolica
830 783 1059 813 sollicitudine
1076 790 1265 820 precavere,
1294 813 1295 818 ¹

260 840 458 871 discretioni
477 841 531 869 tue
554 847 612 877 per
637 837 823 876 apostolica
841 837 977 875 scripta,
998 837 1030 865 in
1053 835 1176 866 virtute
1194 835 1270 865 obe·
1294 831 1295 836 ’

260 894 384 924 dientie
419 893 450 922 et
490 891 552 921 sul)
584 899 669 929 pena
703 888 1076 923 excommunicationis,
1116 887 1295 931 districte¹

259 945 475 985 precipiendo
497 944 698 974 mandamus
715 943 875 982 quatinus
901 942 1010 972 eidem
1036 941 1206 980 episcopo,
1228 949 1268 971 ex

259 1001 352 1039 parte
379 1000 505 1032 nostra,
520 997 673 1028 districte
692 996 862 1035 precipias
884 997 920 1026 ut
945 996 1075 1026 tantum
1093 995 1132 1024 de
1155 994 1267 1033 hujus-
1294 993 1296 1039 '5

260 1052 350 1083 modi
384 1051 526 1091 pecunia
557 1051 590 1080 in
618 1058 684 1089 qua
714 1048 958 1080 mercatoribus
993 1048 1078 1087 ipsis
1110 1055 1268 1078 eorumve

259 1105 414 1136 societati
434 1105 579 1140 tenetur,
600 1111 677 1133 cum
696 1102 878 1133 solutionis
898 1103 970 1141 ejiis
995 1101 1161 1132 terminus
1178 1101 1268 1139 elap-

260 1167 319 1189 sus
335 1167 409 1189 esse
428 1158 569 1194 dicatur,
589 1156 677 1186 infra
692 1165 797 1186 unum
814 1164 966 1186 mensem
982 1156 1057 1194 post
1074 1155 1269 1193 preceptum

259 1211 466 1251 hujusmodi,
491 1210 702 1249 procuratori
729 1209 782 1240 vel
811 1207 1088 1248 procuratoribus
1118 1207 1270 1247 ejusdem

260 1265 411 1301 Roberti‚
436 1264 570 1294 nomine
597 1263 719 1302 ipsius,
746 1262 879 1292 sublato
897 1261 1078 1300 cujuslibet
1096 1260 1270 1291 obstaculo

261 1318 484 1353 difficultatis,
496 1316 628 1348 exolvat
639 1316 686 1346 ita
696 1316 784 1354 quod
798 1316 886 1346 dicto
903 1315 1049 1345 Roberto
1060 1315 1099 1345 de
1110 1314 1271 1353 predictis
1297 1344 1298 1347 ,

261 1371 485 1411 septingentis
502 1372 535 1400 et
561 1369 730 1408 octaginta
748 1370 779 1400 et
796 1369 945 1408 quinque
962 1368 1071 1405 libris,
1086 1368 1183 1407 juxta
1197 1376 1267 1406 pre-

261 1425 341 1455 dicti
361 1423 580 1454 instrumenti
606 1425 771 1458 tenorem,
788 1422 938 1460 plenarie
966 1422 1120 1457 satisfiat,
1144 1421 1270 1451 dictum

264 1478 461 1517 episcopum
478 1476 709 1507 Castellanum
731 1476 771 1505 ad
794 1475 838 1508 id,
856 1475 885 1505 si
907 1483 1043 1505 necesse
1062 1474 1174 1510 suerit,
1198 1483 1273 1503 auc-

259 1532 394 1561 toritate
412 1531 539 1565 nostra,
558 1529 787 1568 appellatione
807 1528 1007 1567 postposita,
1025 1527 1269 1566 compellendo.

261 1637 446 1676 apostolica
462 1637 506 1666 sit
530 1636 699 1666 indultum
726 1635 815 1674 quod
845 1634 1012 1669 interdici,
1032 1633 1193 1673 suspendi
1218 1633 1271 1663 vel

1294 934 1296 942 i

1294 957 1296 971 i

1007 219 1252 252 REGISTRES
1281 218 1441 249 D'URBA
1449 218 1493 248 IN
1525 218 1580 248 [v.

1330 303 1428 333 ritate
1456 303 1547 333 sedis
1567 302 1750 341 apostolice
1776 302 1983 336 confirmata,
2006 311 2070 341 que
2089 303 2229 342 prefatis
2248 312 2334 334 mer-

1326 355 1502 386 catoribus
1525 364 1683 385 eorumve
1701 355 1854 385 societati
1878 355 1989 394 quoad
2010 356 2149 386 eandem
2169 356 2335 395 quantita-

1326 411 1393 439 tem
1423 409 1581 438 nolumus
1608 409 1640 438 in
1665 408 1778 446 aliquo
1806 408 1995 447 suffragari.
2021 409 2091 439 Nos
2108 409 2197 439 enim
2219 417 2335 439 omnes

1325 462 1507 495 interdictL
1528 461 1763 499 suspensionis
1780 462 1811 491 et
1827 462 2187 491 excommunicationis
2208 464 2335 492 senten-

1326 515 1391 545 tias
1421 515 1506 544 latas
1536 514 1587 544 vel
1618 514 1784 550 ferendas,
1809 514 1983 545 occasione
2004 514 2196 552 hujusmodi
2217 514 2334 550 debiti,

1330 569 1363 598 in
1385 569 1532 598 savorem
1551 567 1731 597 coriiudem
1751 569 1985 603 mercatorum,
2007 570 2038 598 et
2056 567 2223 606 quaslibet
2242 576 2334 606 apos-

1327 622 1446 652 tolicas
1471 622 1602 651 litteras
1627 621 1667 650 ad
1696 629 1914 660 qucmcunque
1938 621 2068 659 judices
2099 629 2200 659 super
2221 620 2331 659 hujus-

1333 676 1423 717 modi
1450 674 1561 705 debito
1584 675 1779 713 impetratas
1805 673 1845 703 ab
1874 674 2000 704 eisdem
2020 673 2263 704 mercatoribus
2282 673 2335 704 vel

1334 729 1434 758 etiam
1467 728 1708 767 impetrandas,
1735 736 1862 758 necnon
1890 729 1920 757 et
1956 727 2126 766 quoslibet
2157 735 2336 765 processus

1331 790 1391 820 per
1417 790 1472 811 eas
1489 780 1620 811 habitos
1637 785 1669 810 et
1686 789 1769 819 quos
1790 780 1906 810 haberi
1924 780 2112 819 contigerit,
2130 780 2202 809 sine
2221 781 2336 809 nostro

1332 834 1471 873 speciali
1496 834 1653 864 mandato
1681 833 1822 864 faciente
1853 833 1987 872 plenam
2015 835 2048 863 et
2073 841 2270 871 expressam
2296 832 2337 862 de

1329 887 1545 927 presentibus
1569 888 1786 922 mentionem,
1806 887 1846 917 de
1873 886 2051 925 potestatis
2067 886 2250 925 apostolice
2267 885 2335 924 ple-

1330 942 1482 972 nitudine
1502 950 1710 971 revocamus.
1728 941 1852 971 Datum
1872 940 1960 979 apud
1978 939 2264 975 Urbem-merem,
2281 938 2337 968 ka-

1327 995 1440 1025 lendis
1455 994 1586 1034 aprilis,
1605 1003 1691 1024 anno
1710 994 1820 1024 tertio.
1840 1003 1854 1022 »

1926 1161 2049 1192 orvi-210,
2066 1162 2082 1187 ὖ
2097 1160 2169 1187 avril
2190 1160 2266 1187 1264.

1418 1163 1512 1194 2501

1364 1247 1501 1282 Magistro
1512 1247 1632 1273 Jolianni
1648 1247 1796 1277 Leonardi,
1815 1246 1952 1273 canonico
1974 1245 2194 1279 interamnensi,
2220 1246 2337 1272 mandat

1331 1298 1358 1323 ut
1376 1296 1404 1323 in
1427 1296 1548 1323 ecclesia
1570 1297 1689 1323 Reatina
1714 1297 1741 1322 in
1764 1296 1935 1323 canonicum
1960 1295 2048 1330 recipi
2069 1295 2152 1322 saciat
2174 1294 2338 1328 ilenricum,

1330 1348 1432 1372 natum
1458 1346 1601 1380 quondam
1629 1345 1776 1380 lleginalsli
1804 1346 1837 1371 «lc
1862 1347 1981 1378 Arronc,
2009 1344 2144 1372 clericum
2170 1343 2339 1378 Spoletunae

1329 1394 1470 1422 diocesis.
1493 1394 1558 1429 quia
1579 1394 1731 1421 ecclesiam
1758 1403 1780 1420 s.
1798 1394 1941 1421 Benedicti
1957 1394 1991 1419 dc
2011 1393 2150 1425 micaria,
2171 1392 2339 1427 Spoletanae

1329 1443 1465 1475 diocesis,
1483 1443 1563 1478 cujus
1582 1443 1639 1477 ipsc
1661 1442 1799 1469 ilenricus
1821 1445 1915 1469 rector
1936 1445 2007 1473 crat,
2024 1443 2060 1469 ad
2076 1450 2177 1469 manus
2202 1450 2266 1468 suas
2288 1449 2339 1476 pro

1297 1505 1299 1519 i
1333 1492 1463 1527 expensis
1490 1493 1636 1519 custodiae
1662 1500 1760 1519 roccae
1785 1492 1818 1518 dc
1839 1492 1918 1518 Cesis
1935 1499 2008 1526 papa
2029 1492 2064 1518 ad
2090 1499 2119 1517 se
2144 1493 2336 1518 revocaverat.

1297 1547 1298 1575 g
1331 1541 1409 1576 (ltro.
1428 1542 1472 1568 29.
1492 1541 1539 1567 sol.
1559 1542 1620 1571 ΖΕΘ,
1639 1547 1668 1566 nn
1690 1542 1756 1568 1553
1775 1541 1806 1575 ¹.)

261 1585 420 1615 Invocato
446 1585 507 1614 etc.
527 1584 602 1613 Non
627 1582 780 1612 obstante
803 1582 832 1611 si
858 1581 967 1612 eidem
983 1582 1141 1620 episcopo
1158 1589 1176 1610 a
1192 1580 1270 1610 sede
1296 1601 1298 1624 3

260 1689 558 1726 excommunicari,
587 1691 617 1720 et
649 1688 738 1727 quod
771 1688 812 1718 ad
841 1687 1047 1718 solutionem
1080 1687 1271 1718 debitorum
1296 1684 1298 1714 ξ’

260 1752 323 1783 que
343 1743 600 1782 predecessores
631 1742 683 1771 sui
708 1741 893 1772 Castellani
919 1741 1070 1779 episcopi
1097 1742 1270 1771 contraxe-
1330 1764 1413 1792 rem,
1440 1755 1538 1785 nonis
1561 1755 1692 1794 aprilis}
1711 1764 1796 1786 anno
1818 1755 1927 1786 tertio*
1949 1765 1963 1783 „

260 1798 349 1831 runt,
370 1796 435 1826 nisi
459 1795 638 1834 probatum
664 1795 766 1825 fuerit
796 1794 855 1824 illa
877 1794 911 1824 in
930 1794 1110 1824 utilitatem
1130 1794 1271 1824 ecclesie
1296 1811 1297 1814 =
1594 1808 1597 1809 ν

260 1849 451 1881 Castellane
483 1848 589 1879 fuisse
606 1856 778 1882 conversa,
802 1847 959 1886 compelli
983 1856 1048 1877 non
1076 1848 1185 1885 possit
1212 1856 1271 1886 per
1296 1886 1297 1890 Ἰ

260 1903 391 1933 litteras
418 1901 621 1941 apostolicas
643 1901 777 1940 plenam
796 1902 827 1931 et
844 1909 1041 1939 expressam
1059 1909 1096 1930 ac
1113 1901 1152 1930 de
1168 1900 1268 1931 verbo

263 1957 302 1985 ad
319 1955 458 1986 verbum
482 1963 547 1985 non
576 1955 736 1985 facientes
762 1954 802 1984 de
822 1954 950 1984 indulto
967 1954 1161 1993 hujusmodi
1181 1962 1270 1984 men-
1295 1963 1297 1967 ’

262 2009 399 2039 tionem.
430 2008 563 2038 Dictum
591 2009 703 2038 autem
734 2007 931 2046 episcopum
961 2008 992 2037 et
1024 2007 1202 2037 ecclesiam
1234 2016 1271 2038 ac
1296 2004 1297 2007 ’

264 2070 478 2092 successores
504 2061 614 2099 ipsius
643 2060 683 2090 ab
706 2060 900 2099 hujusmodi
926 2060 1048 2095 debito,
1064 2069 1123 2098 pro
1139 2061 1270 2099 quanti-

261 2116 328 2145 tate
345 2123 444 2153 quam
462 2114 572 2144 eidem
590 2113 736 2144 ltoberto
754 2113 807 2143 vcl
826 2114 1102 2152 procuratoribus
1121 2115 1193 2143 suis
1211 2123 1269 2152 pro

262 2177 300 2199 eo
318 2168 476 2198 duxerint
494 2167 762 2205 persolvendam,
784 2168 945 2205 perpetuo
963 2166 1139 2197 absolvere
1160 2169 1270 2197 aucto-

263 2221 360 2252 ritate
377 2222 492 2251 nostra
508 2219 839 2258 procures‚itaquod
855 2220 896 2249 ad
911 2219 1004 2250 illam
1019 2220 1269 2250 restitutionem

262 2273 458 2304 memoratis
491 2273 737 2303 mercatoribus
773 2274 829 2302 aut
859 2281 975 2303 eorum
1006 2273 1187 2303 heredibus
1219 2273 1270 2303 vel

262 2326 516 2357 successoribus
533 2334 593 2356 seu
611 2325 688 2356 aliis
712 2325 836 2364 quibus
858 2325 913 2364 jus
931 2334 1030 2355 suum
1047 2326 1200 2356 dederint
1218 2326 1270 2356 vel

263 2389 342 2411 suas
358 2380 507 2410 actiones
519 2379 696 2414 cesserint,
711 2379 897 2409 faciendam
909 2379 1000 2409 nullo
1014 2388 1175 2418 umquam
1189 2381 1269 2410 tem-

1370 1658 1386 1678 «
1406 1648 1556 1688 Mayislro
1584 1648 1719 1678 ‚Iohanni
1736 1647 1901 1684 Lemmrdi,
1922 1648 2066 1678 canonico
2085 1648 2337 1688 lnlcrampnensi.

1332 1702 1386 1732 Ad
1412 1702 1598 1732 faciendam
1624 1702 1745 1732 dilecto
1769 1720 1818 1730 —.
1847 1702 1973 1732 Datum
2004 1702 2093 1742 apud
2121 1701 2339 1732 L'rbemvete-

1419 1924 1517 1955 2502
1904 1921 2029 1953 Orvieio,
2044 1922 2078 1948 29
2097 1929 2174 1948 mars
2191 1920 2267 1948 1204.

1368 2007 1560 2033 'l‘licsaurario
1577 2006 1800 2034 Cathalauuensi
1819 2006 1937 2033 mandat
1952 2008 1981 2033 ut
1997 2006 2141 2033 Aimerico
2153 2006 2188 2033 de
2203 2014 2226 2032 s.
2245 2005 2340 2032 Chris-

1332 2056 1464 2091 tophoro,
1493 2056 1609 2089 clerico,
1630 2056 1746 2090 capituli
1770 2055 1942 2082 parisiensis
1971 2055 2161 2090 procuratori,
2183 2056 2217 2081 dc
2245 2054 2339 2089 aliqua

1334 2108 1470 2139 perpetuu
1486 2105 1591 2131 vicaria
1610 2104 1778 2131 parisiensis
1805 2104 1952 2130 ccclesiae.
1983 2105 2018 2131 ad
2040 2103 2179 2138 quaslibet
2203 2111 2339 2137 personas

1296 2156 1297 2171 ³
1330 2153 1486 2188 religiosas
1503 2156 1661 2188 spectante,
1683 2154 1838 2188 provideat.
1858 2153 1936 2186 (Risu.
1954 2154 1997 2183 29,
2017 2153 2063 2179 sol.
2083 2154 2143 2180 299.
2165 2157 2196 2179 n⁰
2216 2152 2305 2179 1554.)

262 2442 341 2472 pore
362 2434 550 2468 teneantur,
568 2441 627 2463 nec
655 2433 791 2471 propter
817 2432 878 2463 hoc
897 2433 1030 2463 valeant
1055 2433 1269 2472 aliquatenus
1298 2459 1299 2464 ,

262 2486 445 2522 conveniri,
470 2486 529 2516 sed
545 2486 647 2516 iidem
673 2486 865 2524 episcopus,
884 2494 1098 2516 successores
1120 2487 1152 2516 et
1170 2486 1269 2517 eccle·
1298 2480 1299 2508 ἶ

263 2539 312 2569 sie
332 2540 526 2570 remaneant
544 2539 664 2569 exinde
684 2539 820 2577 penitus
840 2539 997 2575 absoluti,
1022 2548 1087 2570 non
1110 2538 1271 2570 obstanti-

261 2592 325 2623 bus
342 2591 550 2631 quibuslibet
568 2592 805 2623 instrumentis
819 2592 872 2623 vel
887 2592 1010 2623 litteris
1027 2601 1128 2632 super
1143 2593 1271 2624 eisdem

264 2645 398 2682 debitis,
425 2645 487 2676 sub
518 2654 717 2684 quacunque
745 2645 925 2677 verborum
957 2646 1075 2683 forma,
1095 2646 1268 2681 confectis,

265 2707 324 2729 seu
345 2698 548 2737 juramentis
577 2699 789 2738 interpositis
806 2708 824 2729 a
848 2699 972 2738 quibus
994 2700 1202 2740 episcopum,
1220 2709 1271 2731 ec-

263 2751 401 2782 clesiam
437 2753 469 2782 et
494 2760 708 2782 successores
739 2752 887 2788 eosdem,
921 2753 1037 2783 eadem
1057 2754 1268 2789 auctoritate,

263 2805 372 2844 quoad
389 2805 513 2835 dictam
530 2805 753 2844 quantitatem
774 2805 943 2843 absolvas,
963 2808 994 2836 et
1013 2806 1270 2846 quibuscunque

263 2857 370 2896 penis,
384 2857 659 2897 obligationibus,
674 2859 997 2895 renuntiationibus,
1016 2861 1123 2899 pactis
1146 2863 1178 2891 et
1194 2869 1269 2891 cou-

263 2910 478 2940 ventionibus
495 2910 690 2950 interjectiS‚
709 2911 811 2942 etiam
829 2912 857 2942 si
873 2912 932 2943 hec
948 2913 1061 2943 onmia
1077 2913 1144 2944 sint
1159 2916 1268 2945 aucto-

1369 2270 1385 2290 «
1403 2285 1409 2290 .
1429 2284 1434 2289 .
1452 2261 1645 2290 thesaurario
1669 2259 1921 2291 Caelmlaunensi.
1947 2260 2131 2291 Probitatis
2149 2263 2179 2291 et
2198 2260 2339 2291 scientie

1330 2333 1380 2342 -.
1401 2314 1524 2344 Datum
1554 2314 1642 2353 apud
1660 2313 1948 2346 1†1·l›0111x·ete1·ein.
1967 2324 2014 2343 iiii
2031 2314 2193 2344 kalendas
2207 2313 2338 2352 aprilis,

1333 2376 1420 2398 anno
1439 2367 1548 2397 tertio.
1567 2376 1584 2396 »

1419 2531 1515 2562 2503

1867 2530 1990 2561 Oiwicto,
2011 2531 2043 2556 27
2057 2530 2170 2565 janvier
2187 2530 2263 2558 1264.

1365 2614 1622 2650 Archipresbytero
1646 2614 1736 2649 plebis
1755 2616 1789 2642 de
1809 2615 1917 2642 Misauo
1941 2616 2056 2642 mandat
2075 2619 2103 2642 ut
2123 2615 2252 2650 Caliauo,
2273 2618 2339 2644 nato

1333 2663 1492 2694 Gerardiui,
1518 2664 1632 2691 comitis
1659 2665 1693 2690 dc
1719 2664 1850 2692 Lamata.
1879 2664 1950 2691 civis
1973 2665 2172 2697 Bononiensis,
2192 2664 2340 2700 capellano

1332 2713 1375 2745 lt„
1391 2712 1505 2739 diaconi
1531 2722 1553 2739 s.
1577 2713 1677 2747 Angeli
1704 2712 1871 2745 cardinalis,
1891 2713 1994 2740 clerico
2018 2713 2156 2740 ecclesiae
2177 2722 2200 2740 s.
2226 2713 2339 2741 Martini

1333 2762 1366 2788 de
1383 2761 1504 2792 viniola,
1523 2762 1708 2789 Bononiensis
1725 2762 1858 2795 diocesis,
1881 2762 2047 2789 beneficium
2073 2763 2145 2797 quod
2167 2762 2195 2789 in
2219 2763 2281 2798 ipsa
2297 2770 2340 2790 ec·

1330 2810 1420 2838 clcsia
1436 2811 1544 2837 obtinet
1566 2814 1592 2837 ct
1610 2812 1643 2837 dc.
1661 2820 1714 2846 quo
1740 2819 1794 2837 non
1820 2813 1910 2846 potest
1937 2812 2088 2838 commode
2111 2811 2278 2843 sustentari,
2297 2820 2339 2839 re-

1362 2922 1383 2947 1.
1402 2922 1478 2945 ovito
1494 2921 1575 2946 lcltrz¹
1593 2930 1607 2945 a
1624 2922 1666 2946 6ίρ
1679 2921 1741 2953 dxij-Ii
1757 2921 1931 2952 oni-egistree
1949 2921 2012 2953 plus
2031 2921 2110 2946 haut.
2127 2921 2168 2947 Cf.
2187 2926 2216 2945 n0
2232 2922 2302 2947 2495.
