2659 3242
119 241 176 271 160

141 538 213 566 1264
298 535 424 564 owicto.

122 588 200 615 sevr.

910 225 1080 257 TABLES
1107 225 1167 256 DU
1195 222 1414 255 REGISTRE
1441 221 1652 252 D'URBAIN
1679 221 1723 251 lv

1045 322 1130 347 Pagee.
1148 319 1273 341 Numeros,

478 383 656 417 spectante,
701 381 791 415 cujus
834 381 1008 415 proventus
1040 379 1081 407 ad

479 431 583 458 minus
610 437 751 457 annuum
777 429 916 456 valorem
943 436 990 455 xx
1026 427 1081 455 lib.

479 483 540 508 tur.
589 479 760 514 attingant,
810 478 986 513 provideat.

518 533 669 568 Magistro
693 532 846 559 Riccardo
875 531 997 558 notario
1029 526 1082 567 etl
1102 525 1181 565 2571
1203 527 1287 555 591v¹

482 583 610 610 Matheo
637 582 674 609 de
698 580 851 615 Asperino
886 578 1081 607 subdiacono

484 633 517 658 et
555 630 719 666 capellano
759 628 952 664 apostolicis,
995 634 1081 655 man-

481 681 536 708 dat
562 681 600 707 ut
624 679 791 714 Ayrnerico
815 678 923 710 Cosae,
961 678 1081 705 Jacobo

480 730 519 756 de
534 729 631 761 Scala,
650 729 745 755 Petro
761 729 793 754 et
809 726 952 754 Lotterio
966 725 1081 753 Benin-

482 785 584 811 casae,
612 779 733 805 Jacobo
759 778 882 809 Lettae,
911 774 1082 803 Thomasio

484 827 619 862 Spiliati,
638 826 766 860 Hugoni
781 827 814 852 et
829 825 997 859 Maynetto
1014 823 1080 857 Spi-

486 883 554 909 nae,
575 875 670 903 Canti
689 874 805 909 Spinae
825 875 857 900 et
878 872 1022 907 Teglario
1044 872 1082 899 de

483 925 582 956 Scala,
603 925 724 951 Jacobo
742 923 882 957 Aymerii
911 922 997 948 dicto
1025 920 1083 946 La-

482 981 530 1008 ρο,
564 973 743 1007 Campanae
776 971 942 1001 Francisci,
977 970 1084 997 Bucco

483 1024 514 1049 et
531 1022 657 1048 Drictae
681 1020 812 1052 Cambii,
839 1019 998 1054 Raynerio
1023 1019 1084 1044 Ab·

483 1070 569 1098 batis
592 1072 624 1097 et
658 1070 800 1104 Teglario
834 1067 1007 1099 Amadoris‚
1043 1067 1084 1093 ci—

482 1120 576 1146 vibus
618 1121 649 1146 et
692 1118 919 1145 mercatoribus
961 1116 1084 1142 Floren-

483 1168 568 1200 tinisy
608 1167 756 1194 ecclesiae
793 1167 955 1193 Romanae
992 1165 1083 1191 devo-

488 1217 540 1249 tis,
570 1218 674 1244 certas
700 1216 906 1250 pecuniarum
935 1219 1082 1244 summas,

483 1266 560 1300 ipsis
586 1266 617 1292 in
654 1264 815 1300 provincia
852 1264 997 1290 Romana
1035 1263 1085 1288 de-

485 1315 580 1347 bitas,
612 1314 750 1349 persolvi
778 1313 911 1340 faciant.

525 1364 631 1390 Simile
670 1364 857 1390 mandatum
880 1361 990 1389 abbati
1013 1367 1036 1387 s.
1056 1357 1061 1398 Ι
1078 1357 1139 1386 258
1157 1356 1162 1397 1
1181 1355 1236 1385 521
1252 1360 1289 1375 vn

486 1412 618 1440 Martini
650 1411 813 1439 Trecensis
848 1412 881 1437 et
915 1409 1013 1445 priori
1047 1410 1085 1436 de

486 1461 572 1489 Cella
592 1462 624 1488 in
642 1461 724 1493 Bria,
747 1460 913 1487 Meldensis
944 1458 1083 1490 diocesis,

487 1518 543 1546 pro
575 1511 670 1538 Testa
703 1509 834 1537 Tebaldi
867 1510 899 1535 et
943 1507 1087 1535 Guidone

485 1559 667 1593 Lucteringi
687 1566 722 1586 ac
743 1559 866 1585 Andrea
886 1557 1089 1591 Christopho-

488 1609 523 1640 ri,
541 1608 667 1635 civibus
682 1609 714 1634 et
730 1606 958 1634 mercatoribus
974 1606 1087 1632 Senen-

486 1657 580 1689 sibus,
626 1657 657 1683 in
699 1655 861 1691 provincia
913 1653 1093 1682 Senonensi.

528 1706 634 1733 Simile
655 1706 843 1732 mandatum
876 1712 899 1732 s.
923 1699 1097 1739 Stephani1
1116 1698 1198 1738 ‘2581
1219 1698 1296 1729 521Χ

488 1755 649 1782 Trecensis
674 1756 707 1781 et
732 1761 755 1781 s.
793 1753 1088 1787 Mariae-supra-Se-

488 1811 609 1836 canam,
651 1802 836 1830 senonensis
863 1802 1001 1834 diocesis,
1042 1807 1089 1828 ec-

490 1852 658 1880 clesiarum
700 1851 826 1879 decanis
868 1858 923 1885 pro
956 1850 1089 1884 Ugolino

493 1903 525 1928 et
553 1901 678 1928 Gentile
706 1900 838 1934 Ugolino
867 1898 1001 1927 Gentilis
1027 1898 1088 1925 tra-

490 1949 600 1981 tribus,
631 1949 754 1975 civibus
793 1951 825 1975 et
864 1947 1091 1975 mercatoribus

493 1997 688 2026 Senensibus.
727 1998 757 2023 in
791 1996 952 2031 provincia
998 1996 1090 2022 Seno-

493 2046 589 2074 nensi.
1096 2044 1161 2064 tone
1177 2041 1207 2062 m

540 2095 642 2127 Belae,
665 2095 729 2129 regi
762 2094 951 2128 Hungariae,
976 2089 1104 2129 scribit}
1129 2091 1182 2118 154
1202 2087 1207 2127 ἱ
1229 2086 1301 2116 1243

495 2152 526 2171 se
553 2144 711 2171 audivisse
738 2154 748 2166 «ι
774 2144 859 2177 quod
887 2142 967 2169 inter
995 2143 1026 2168 te
1064 2149 1099 2169 ac

496 2193 693 2227 Stephanum
752 2198 854 2226 regem
913 2190 1098 2225 primogeni-

499 2243 567 2269 tum
605 2241 737 2268 materia
775 2239 976 2267 dissensionis
1013 2246 1099 2266 exor-

501 2292 542 2321 ta,
576 2291 643 2324 ipse
674 2291 784 2316 contra
827 2291 858 2315 te
887 2288 1100 2316 Cumanorum

499 2341 599 2374 tuque
629 2340 740 2365 contra
794 2346 864 2365 eum
907 2343 1101 2372 paganorum

498 2389 536 2415 de
567 2388 697 2415 Livonia
743 2389 775 2414 et
818 2387 947 2414 aliorum
994 2384 1102 2412 infide-

497 2437 573 2464 lium
600 2437 774 2464 vicinorum
819 2435 969 2463 auxilium
1008 2434 1107 2461 inten-

499 2485 574 2513 ditis
608 2486 753 2513 invocare
789 2493 822 2512 ac
861 2484 1005 2512 hostilem
1032 2490 1102 2510 con-

498 2541 637 2569 gressum
656 2534 831 2562 adinvicem
849 2533 984 2568 experiri
1001 2542 1023 2559 ».
1039 2533 1103 2560 Ob—

501 2585 602 2611 secrat
628 2590 698 2610 eum
721 2591 755 2610 ac
782 2584 813 2609 et
840 2584 897 2610 suh
930 2589 1024 2617 poena
1064 2588 1115 2608 ex-

503 2631 798 2659 communicationis
817 2632 845 2658 ei
876 2631 999 2658 inhibet
1024 2636 1101 2666 quo-

504 2681 606 2709 minus
638 2682 677 2708 ad
711 2682 776 2708 tam
806 2681 931 2708 crudele
962 2678 1101 2714 proposi-

504 2731 572 2758 tum
612 2731 832 2765 exequendum
862 2729 967 2764 aliquo
1009 2728 1102 2755 modo

506 2780 667 2813 procedat.
1098 2775 1161 2794 (ΟΜ
1180 2773 1208 2793 ¹¹¹

546 2832 664 2859 Abbati
679 2839 702 2859 s.
733 2831 900 2866 Hippolyti
928 2830 1095 2858 Faventini
1112 2826 1117 2867 1
1135 2830 1193 2856 416
1209 2827 1214 2866 1
1233 2828 1313 2856 2465

507 2881 639 2908 mandat
669 2880 835 2907 confirmet
855 2879 1022 2907 Guillelmo
1052 2879 1108 2905 Azi

1367 518 1443 546 1264

1343 569 1404 596 sev,
1430 569 1446 594 :3
1453 590 1458 595 .

1529 521 1657 547 armato.

2275 311 2360 338 Pauca.
2377 310 2503 333 Numeros.

1708 374 1746 400 de
1776 372 1938 404 Faventia,
1970 371 2134 398 Romanae
2163 369 2310 397 ecclesiae

1712 423 1839 454 devoto,
1871 421 2029 456 quaedam
2058 421 2142 446 bona
2171 425 2307 454 quorum

1709 470 1827 497 domini
1857 469 1991 496 inveniri
2019 475 2082 495 non
2122 466 2302 502 contigerit.

1744 519 1926 546 Abbatibus
1945 526 1969 545 s.
1991 517 2121 545 Martini
2148 515 2310 544 Trecensis
2335 510 2440 553 [2581
2461 512 2516 541 521

1706 570 1738 595 et
1764 569 1803 595 de
1827 568 1943 599 nabet,
1969 566 2138 594 meldensis
2169 554 2310 597 diocesis,

1709 618 1841 645 mandat
1857 618 1893 644 ut
1910 617 2030 644 Jacobo
2056 613 2239 641 Crescentii.
2256 614 2313 640 Bo-

1708 666 1823 693 nifacio
1863 668 1896 692 et
1934 665 2179 692 Bartholomaeo
2226 661 2313 689 Cres—

1707 716 1811 747 centii‚
1861 714 2073 742 Bonincontro
2124 710 2321 740 Guastelloni

1709 766 1741 791 et
1763 764 1902 792 Johanni
1923 763 2103 794 Africantis,
2127 761 2251 789 civibus
2283 761 2316 786 et

1709 814 1936 840 mercatoribus
1976 811 2172 843 senensibus,
2213 810 2316 836 certas

1709 862 1913 897 pecuniarum
1948 868 2088 888 summas
2121 859 2197 894 ipsis
2231 857 2315 885 debi-

1710 914 1760 939 tas
1783 911 1814 938 in
1837 910 1999 945 provincia
2021 907 2196 936 senonensi
2206 905 2319 942 persol—

1712 961 1744 986 vi
1775 960 1907 987 faciant.

1752 1010 1859 1036 Simile
1883 1009 2071 1036 mandatum
2106 1006 2203 1041 priori
2236 1011 2322 1032 sanc·
2341 1000 2345 1041 Ι
2362 998 2445 1038 2581
2466 999 2521 1029 521

1714 1059 1740 1086 ti
1758 1059 1902 1086 Gervasii
1921 1059 1959 1085 de
1978 1056 2156 1091 Triangulo,
2188 1056 2319 1082 Trecen-

1717 1108 1758 1135 sis
1779 1107 1912 1134 diocesis
1932 1109 1963 1133 et
1985 1094 2104 1133 decano
2125 1103 2275 1132 ecclesiae
2294 1109 2318 1129 s.

1717 1157 1873 1191 Stephani
1895 1156 2056 1184 Trecensis
2079 1162 2137 1189 pro
2159 1152 2316 1181 Giliberto

1717 1208 1748 1233 et
1776 1206 1915 1233 Orlando
1943 1204 2104 1235 Friderici,
2133 1202 2260 1230 civibus
2286 1202 2319 1227 et

1719 1254 1949 1282 mercatoribus
1970 1253 2172 1284 senensibus,
2196 1251 2227 1278 in
2248 1256 2317 1284 pro-

1716 1303 1822 1330 vincia
1846 1303 2028 1330 Senonensi.
2313 1297 2377 1315 tome
2395 1293 2424 1314 ¹¹¹

1757 1352 1959 1387 Dispensatio
1984 1358 2078 1386 super
2096 1348 2307 1384 irregularita-
2326 1345 2331 1386 Ι
2352 1346 2407 1375 163
2426 1343 2433 1385 1
2454 1344 2524 1373 1281

1714 1403 1745 1427 te
1771 1400 1974 1429 matrimonii.
2313 1395 2378 1415 tome
2395 1393 2426 1414 ¹¹¹

1756 1451 1911 1485 Episcopo
1925 1449 2090 1478 sabinensi
2102 1448 2237 1476 mandat
2252 1447 2308 1474 ite·
2327 1444 2332 1485 Ι
2353 1446 2404 1474 161
2426 1442 2432 1485 Ι
2454 1443 2527 1472 1273

1715 1507 1785 1527 rum
1812 1501 1858 1532 ut,
1886 1499 1980 1533 J'uxta
2006 1499 2195 1525 mandatum
2232 1503 2322 1531 apos-

1717 1548 1846 1575 tolicum
1872 1548 1937 1583 jam
1963 1548 2024 1582 ipsi
2050 1547 2214 1578 directum,
2253 1546 2322 1573 Jor-

1718 1598 1836 1625 danum
1854 1599 1892 1625 de
1907 1597 2028 1624 Saissac
2045 1596 2077 1624 in
2094 1595 2222 1623 ecclesia
2249 1594 2322 1621 Ani-

1718 1647 1816 1674 ciensi
1831 1647 1862 1673 in
1878 1646 2064 1674 canonicum
2079 1645 2177 1679 recipi
2191 1643 2300 1672 faciat.
2314 1641 2379 1661 ‘⁰¹²³‘
2395 1639 2426 1660 ¹¹¹

1758 1696 1942 1731 Praeposito
1976 1697 2008 1722 et
2042 1693 2183 1730 capitulo
2217 1689 2332 1730 eccle-1
2356 1687 2433 1729 1661
2457 1690 2528 1720 1291

1719 1745 1783 1772 siae
1810 1752 1833 1772 s.
1863 1745 2007 1779 Prosperi
2034 1744 2147 1778 Regini
2183 1742 2325 1777 indulget

1725 1795 1761 1821 ut
1793 1795 1924 1821 Petrum
1956 1795 1994 1821 de
2025 1793 2133 1820 Pinizo
2163 1793 2326 1827 presbyte-

1727 1850 1799 1870 rum
1823 1843 1855 1869 in
1879 1843 2077 1873 canonicum,
2104 1848 2177 1869 cum
2202 1846 2328 1875 exspec-

1725 1892 1850 1918 tatione
1879 1892 2081 1926 praebendae
2110 1890 2252 1924 recipere
2280 1896 2334 1916 va-

1722 1941 1819 1968 leant'
2319 1937 2384 1956 tome
2401 1933 2431 1955 ΙΙΙ

1769 1990 1926 2024 Episcopo
1964 1991 1995 2016 et
2022 1989 2165 2023 capitulo
2191 1988 2310 2023 Vapin-
2330 1986 2334 2025 ἱ
2357 1983 2435 2026 1801
2458 1985 2534 2015 1327

1727 2038 1875 2065 censibus
1903 2038 2047 2072 indulget
2087 2040 2123 2065 ut
2149 2037 2326 2072 Lagerium,

1728 2088 2037 2122 archipresbyterum
2082 2086 2325 2114 christianitatis

1728 2137 1767 2162 de
1788 2136 1932 2168 Remota,
1956 2135 2163 2170 Vapincensis
2183 2135 2324 2166 diocesis,

1729 2186 1761 2212 in
1784 2186 1913 2213 ecclesia
1935 2185 2126 2220 vapincensi
2149 2185 2180 2211 in
2201 2184 2328 2212 canoni-

1727 2242 1798 2262 cum
1825 2235 1992 2269 recipiant.
2323 2232 2386 2251 ‘⁰¹²¹‘
2404 2229 2434 2251 ¹¹¹

1769 2284 1922 2318 Episcopo
1965 2283 2146 2311 Zamorensi
2187 2283 2318 2311 mandat
2336 2279 2414 2319 1241
2433 2277 2439 2320 Ι
2462 2281 2537 2310 1615

1732 2334 1837 2360 denuo
1859 2335 1893 2360 ut
1916 2333 2083 2360 Altonsum
2102 2332 2189 2364 Mini,
2212 2332 2330 2367 portio-

1732 2382 1857 2409 narium
1886 2382 2034 2409 ecclesiae
2063 2381 2266 2413 Zamorensis,
2297 2381 2330 2408 in

1733 2432 1843 2458 eadem
1867 2431 1995 2458 ecclesia
2020 2431 2051 2458 in
2073 2430 2262 2458 canonicum
2284 2436 2330 2457 re-

1713 2480 1795 2515 ⁴cipi
1826 2480 1925 2507 faciat
1958 2480 2050 2515 eique
2082 2480 2120 2507 de
2151 2479 2333 2514 praebenda

1732 2529 1908 2563 provideat.
1940 2536 2001 2556 non
2030 2529 2180 2556 obstante
2207 2527 2331 2563 opposi-

1733 2579 1819 2606 tione
1844 2578 1929 2605 Petri
1953 2578 2082 2605 Martini
2120 2577 2279 2605 vincentii
2301 2578 2335 2603 et

1736 2627 1822 2654 Petri
1856 2627 2023 2654 vincentii.
2062 2627 2204 2660 ejusdem
2239 2624 2333 2652 eccle-

1733 2676 1796 2703 siae
1826 2676 2060 2703 canonicorum.
2327 2673 2390 2692 ‘⁰¹¹¹‘
2408 2670 2438 2691 ¹¹¹

1773 2729 1869 2756 Priori
1892 2737 1915 2756 s.
1942 2729 2027 2756 Petri
2051 2730 2088 2756 de
2109 2728 2213 2755 calice
2236 2734 2320 2755 man-
2338 2724 2342 2755 Ι
2362 2725 2420 2755 412
2439 2723 2542 2766 12445

1735 2780 1789 2806 dat
1819 2780 1864 2807 ut.
1891 2778 2038 2813 precibus
2064 2777 2244 2805 abbatissae
2269 2783 2332 2804 mo-

1736 2827 1869 2855 nasterii
1897 2834 1920 2854 s.
1949 2827 2069 2854 Mariae
2097 2825 2338 2854 suessionensis.

1739 2876 1860 2903 ordinis
1879 2883 1902 2903 s.
1925 2875 2105 2909 Augustini.
2129 2874 2222 2902 alicui
2242 2880 2346 2909 perso-

2649 1356 2659 1433 fflfn
2651 1331 2656 1342 -
2655 1286 2659 1311 -.

2648 2211 2659 2221 x
2654 2178 2659 2182 .
2646 2027 2659 2159 lvvt'*fl·.m
2648 1976 2659 2013 fl>
2648 1890 2659 1955 .'..A-
2646 1780 2659 1877 sta—'⁸
2646 1558 2659 1756 *muntan-
