2659 3242
114 250 177 282 168

111 639 207 687 ι’1264

111 695 261 735 few-318.

140 903 152 918 1)
219 903 230 918 ))

112 1199 183 1233 ..»-.
207 1188 252 1230 ³⁹-

138 1636 149 1650 »

138 1976 148 1990 »
216 1976 227 1990 »

136 2412 146 2426 »
214 2412 225 2426 »

134 2556 147 2572 D
214 2557 226 2572 Β

292 649 415 676 Ονυῑειο.

911 244 1082 275 TABLES
1108 243 1176 275 DU-
1195 242 1415 274 REGISTRE
1441 243 1652 274 D’URBAIN
1679 243 1724 273 IV

1041 339 1126 366 peges.
1143 338 1269 361 Numeros.

513 396 546 421 ln
567 402 592 422 e.
625 403 664 422 m.
686 396 939 423 ministerialibus
957 398 990 424 et
1008 404 1075 424 vas-

469 444 550 471 sallis
594 445 773 471 monasterii
816 446 1005 479 l’igaviensis
1035 447 1074 474 ad

469 493 644 520 Romanam
674 494 832 521 ecclesiam
862 495 945 521 nullo
975 495 1077 522 medio

468 542 657 576 pertinentis,
697 543 811 570 ordinis
848 551 870 570 s.
908 544 1077 578 Benedicti,

467 591 723 625 merseburgensis
746 592 882 619 diocesis.
1072 605 1136 624 tome
1153 603 1182 624 ιιι

511 650 690 684 Praeposito
714 651 744 676 et
767 651 904 684 capitulo
926 650 1069 677 ecclesiae
1089 649 1092 688 Ι
1112 650 1166 678 168
1186 648 1192 688 Ι
1210 647 1285 677 1298

472 699 675 732 Augustensis
695 699 817 726 inhibet
839 707 876 726 ne
896 700 934 726 de
954 700 1077 726 electio-

473 753 510 773 ne
524 746 621 773 futuri
637 754 741 774 eorum
758 748 894 782 episcopi
911 749 1005 781 agant
1021 755 1073 775 an-

473 798 608 834 tequam
619 797 759 822 nonnulli
777 797 917 823 canonici
936 797 974 823 de
991 796 1076 824 curia

469 845 507 870 ad
533 845 616 878 ipsos
642 845 780 873 redeant.
1071 858 1135 877 tome
1151 856 1181 876 nl

508 894 731 919 Archidiacono
748 895 961 921 Ebrcdunensi
977 901 1062 922 man-
1082 892 1088 932 Ι
1107 894 1160 921 183
1182 892 1188 932 Ι
1207 893 1279 921 1344

467 942 522 968 dat
560 944 593 968 ut
630 943 804 975 Guillelmo,
844 943 928 970 dicto
948 943 1071 978 dammi,

468 998 613 1022 germano
637 991 773 1025 episcopi
799 992 956 1024 Niciensis,
981 999 1071 1019 cano-

468 1039 536 1065 nico
562 1039 763 1068 sistaricensi.
791 1041 828 1066 dc
854 1041 958 1075 aliqua
983 1041 1075 1067 eccle-

468 1087 510 1114 sia
549 1087 579 1113 in
616 1089 754 1122 Aquensi
791 1089 950 1122 provincia
972 1089 1076 1123 provi-

468 1136 552 1163 deat.

502 1189 644 1215 Fratrem
663 1190 919 1217 Bartliolomeum
933 1191 970 1217 de
986 1191 1081 1218 Bene·
1096 1189 1106 1229 -Ι
1121 1189 1181 1218 250
1198 1185 1203 1226 Ι
1222 1191 1280 1218 510

464 1239 567 1270 vento,
603 1238 640 1264 de
673 1238 779 1265 ordine
812 1239 1071 1273 praedicatorum,

463 1286 643 1320 episcopum
676 1288 837 1321 quondam
882 1288 1070 1321 Matrinum,

462 1335 629 1361 Ameliensi
663 1336 806 1363 ecclesiae
840 1337 994 1370 praeficit.

504 1383 539 1409 In
581 1390 606 1411 e.
648 1391 688 1412 m.
729 1385 867 1419 capitulo
907 1386 1085 1414 Ameliensi.

506 1432 541 1458 ln
560 1439 585 1459 e.
605 1440 645 1461 m.
665 1434 746 1460 clero
765 1434 907 1461 civitatis
925 1436 957 1461 et
975 1435 1074 1462 dioce—

463 1481 504 1506 sis
530 1481 760 1510 Ameliensium.

507 1530 541 1555 ln
562 1537 587 1556 e.
607 1538 646 1558 m.
668 1532 782 1565 populo
801 1532 942 1559 civitatis
961 1534 992 1559 et
1011 1533 1074 1559 dio-

463 1578 507 1604 cis
536 1579 768 1609 Ameliensium.

502 1627 655 1662 Episcopo
668 1628 833 1655 Tiburtino
847 1630 976 1657 mandat
990 1631 1030 1656 ci-
1051 1629 1055 1668 Ι
1072 1630 1125 1658 361
1147 1625 1152 1667 Ι
1172 1631 1228 1659 755
1244 1627 1280 1649 bis

462 1675 592 1702 vitatem
634 1676 828 1704 Tiburtinam
870 1678 1074 1706 ecclesiastico
1100 1693 1104 1697 ·

463 1726 618 1759 supponat
649 1726 816 1753 interdicto
848 1727 906 1753 nisi
936 1727 1074 1755 Tiburti-

463 1780 536 1800 num
555 1781 719 1800 commune
741 1782 757 1801 a
777 1776 919 1803 civitatis
935 1776 1073 1810 ejusdem

461 1822 609 1853 regimine
672 1823 840 1850 Ricardum
915 1825 1071 1858 Anibaldi,

462 1870 606 1897 civitatis
669 1873 841 1899 Ostiensis·
889 1873 1071 1907 invasorem,

461 1919 622 1952 repellant.

502 1968 637 1994 Henrico
659 1969 697 1995 de
731 1970 841 2003 Brayo,
868 1971 975 2004 nepoti
1009 1973 1057 2004 G„
1080 1968 1181 2009 [4821
1220 1971 1278 2000 992

465 2016 550 2042 tituli
574 2024 596 2043 s.
621 2018 715 2043 Marci
739 2019 912 2052 presbyteri
934 2019 1072 2047 cardina-

462 2064 507 2097 lis,
541 2066 689 2091 canonico
722 2067 864 2093 eccle-siae
888 2075 910 2094 S.
936 2069 1074 2096 Ursmari

463 2113 628 2146 Lolniensis.
669 2114 897 2142 Cameracensis
936 2117 1071 2150 diocesis,

463 2163 671 2195 praebendam
702 2164 732 2189 in
762 2165 887 2191 ecclesia
918 2166 1070 2199 Lobiensi,

461 2208 689 2237 Cameracensis
733 2212 868 2246 diocesis,
916 2213 1073 2247 adjudica-

467 2260 530 2285 tam
550 2260 703 2286 sententia
724 2262 864 2294 Jordani,
885 2269 924 2289 ss.
942 2262 1072 2290 Cosmac

466 2308 497 2334 et
540 2308 683 2334 wamiam
724 2309 844 2336 diaconi
896 2311 1070 2345 cardinalis,

461 2355 638 2384 confirmat.

497 2405 614 2432 Abbati
647 2406 684 2432 de
716 2407 867 2434 Mei-roliis
889 2409 1061 2436 committit
1081 2408 1158 2448 1485
1180 2408 1184 2448 Ι
1221 2411 1277 2438 993

462 2454 674 2480 executionem
711 2456 882 2483 sententiae
916 2457 947 2483 in
981 2464 1073 2485 causa

461 2502 615 2530 Lobicnsi.

499 2551 686 2586 Raymundo
732 2553 770 2579 de
813 2554 924 2589 (lrosis,
945 2555 1059 2582 rectori
1079 2554 1083 2595 Ι
1100 2556 1157 2584 485
1175 2551 1180 2593 Ι
1219 2558 1277 2585 994

463 2599 607 2626 ecclesiae
633 2601 670 2626 de
695 2602 862 2635 Botenaco,
893 2603 1071 2631 Narbonen-

460 2648 500 2674 sis
539 2648 674 2682 diocesis‚
715 2650 873 2684 capellano
913 2644 1070 2687 Guidonis,

461 2696 595 2730 episcopi
632 2698 816 2732 Sabinensis,
854 2701 1073 2729 canonicatum

462 2746 493 2771 et
520 2746 729 2778 praebendam
758 2749 795 2774 ab
824 2749 931 2776 eodem
959 2749 1072 2777 Gnido-

464 2799 510 2823 ne,
529 2794 672 2828 episcopo
691 2795 863 2828 Sabinensi‚
881 2797 971 2831 cujus
986 2798 1072 2826 litte-

461 2848 562 2868 rarum
594 2843 681 2868 tenor
712 2844 863 2878 sequitur,
895 2845 926 2871 in
957 2847 1082 2875 ccclesia

462 2890 645 2923 Lodovensi,
688 2891 827 2925 ejusdem
880 2894 1070 2922 Lodovensis

1360 504 1432 534 1264

1338 555 1414 583 tevr.
1439 557 1485 585 19.

1372 811 1383 824 ))

1370 1153 1380 1166 ))

1335 1725 1356 1765 ΞΒ]

1368 2618 1378 2631 Ι)

1516 509 1640 538 Ονυίεὶο.

2271 337 2357 364 rages.
2373 336 2501 360 Numera.

1698 395 1834 431 episcopi
1855 398 1887 423 et
1907 397 2040 431 capituli
2059 397 2192 430 nomine,
2215 397 2307 425 colla-

1695 446 1752 479 tos,
1784 446 1959 475 confirmat.

1733 508 1867 538 Officiali
1892 512 1924 537 et
1948 508 2094 536 sacristae
2118 506 2230 533 minori
2253 498 2420 540 se-l4861
2457 503 2516 531 995

1695 560 1807 586 cularis
1838 559 1981 586 ecclesiae
2013 565 2036 584 S.
2069 556 2160 584 Pauli
2192 556 2309 582 Narbo-

1700 609 1803 635 nensis
1831 608 1960 635 mandat
1987 607 2144 642 quatenus
2170 603 2308 639 praedic-

1701 658 1769 684 tum
1789 657 2014 691 Raymundum
2033 656 2071 682 de
2088 654 2192 681 Crosis
2210 653 2241 680 in
2261 659 2307 679 ec-

1699 706 1790 733 clesia
1807 706 1982 733 Lodovensi
1996 711 2052 739 pro
2066 703 2216 730 canonico
2229 703 2310 729 trac-

1701 755 1760 782 tari
1785 755 1912 782 faciant.
2299 762 2363 781 tome
2379 759 2410 780 ln

1735 804 1890 838 Episcopo
1928 803 2106 830 Pictavensi
2154 801 2297 828 concedit
2314 794 2319 835 Ι
2341 799 2396 826 165
2415 796 2421 837 Ι
2440 795 2516 826 1288

1697 852 1881 880 facultatem
1902 860 1997 879 unum
2018 852 2164 879 clericum
2196 851 2309 877 iacien—

1697 902 1729 928 di
1752 902 1849 936 recipi
1873 903 1904 928 in
1928 902 2112 928 canonicum
2138 901 2169 927 in
2194 899 2320 926 ecclesia

1697 951 1886 979 Pictavensi.
1915 951 1946 977 in
1971 957 2034 985 qua
2060 949 2308 984 praebendarum

1696 1000 1820 1026 collatio
1867 1000 1906 1027 ad
1952 1000 2095 1026 eumdem
2130 999 2308 1032 episcopum

1698 1056 1758 1075 una
1784 1056 1854 1075 cum
1880 1049 2018 1083 capitulo
2044 1047 2216 1074 dinoscitur
2241 1053 2309 1081 per-

1696 1097 1806 1124 tinere.
2302 1106 2366 1125 tome
2382 1103 2413 1125 111

1732 1145 1888 1173 Comitem
1915 1147 2121 1173 Juliacensem
2149 1145 2295 1172 hortatur
2312 1138 2317 1179 Ι
2338 1143 2394 1170 174
2413 1135 2419 1178 Ι
2439 1141 2512 1169 1311

1697 1196 1731 1221 υ(1
1749 1196 1786 1221 de
1801 1195 1978 1222 redditibus
2006 1195 2242 1229 praepositurae
2255 1192 2312 1220 Co-

1694 1243 1848 1273 loniensis,
1897 1244 1929 1270 in
1974 1244 2037 1270 suis
2070 1243 2317 1270 consistentibus

1696 1292 1792 1321 terris.
1829 1293 1885 1318 soli
1916 1293 2053 1319 Arnoldo
2087 1293 2124 1319 de
2157 1293 2219 1319 Los
2250 1297 2311 1318 res-

1697 1342 1828 1375 ponderi
1853 1341 1959 1368 saciat.
2303 1352 2368 1371 tome
2383 1344 2415 1370 111

1737 1389 1949 1424 Infrascriptis
1980 1390 2111 1417 mandat.
2133 1390 2296 1424 archiepis-
2313 1383 2319 1424 Ι
2340 1388 2394 1416 174
2413 1381 2419 1423 Ι
2440 1384 2516 1415 1312

1697 1445 1810 1473 copum
1847 1438 2058 1466 coloniensem
2098 1440 2247 1466 inducant
2285 1439 2321 1466 ut
2654 1448 2659 1483 j

1699 1488 1872 1514 Arnoldum
1893 1489 1931 1514 de
1950 1489 2011 1515 Los
2030 1489 2062 1514 in
2082 1488 2308 1523 possessionem
2654 1486 2659 1524 Ι

1697 1537 1933 1571 praepositurae
1962 1538 2080 1564 mittat.
2113 1537 2191 1564 infra
2220 1537 2310 1572 quin-

1699 1585 1799 1612 decim
1833 1586 1899 1612 dies
1929 1588 2001 1620 post
2021 1587 2227 1613 monitionem
2260 1592 2310 1612 eo-
2655 1599 2659 1635 1

1697 1641 1775 1668 rum,
1795 1636 1901 1661 amoto
1917 1636 1955 1661 ab
1973 1642 2008 1662 ea
2026 1635 2160 1662 Henrico
2176 1636 2214 1662 de
2231 1635 2308 1662 Hin-
2653 1640 2659 1680 Ι

1699 1684 1857 1717 sebffl'ssue·
2301 1696 2364 1716 tome
2380 1692 2411 1715 ΙΙΙ

1734 1733 1853 1759 Abbati
1865 1733 2098 1766 Eurebodiensi,
2114 1734 2296 1761 Praemons-
2315 1730 2321 1771 Ι
2339 1733 2395 1760 175
2412 1726 2418 1768 Ι
2438 1730 2514 1760 1313

1696 1781 1842 1808 tratensis
1876 1782 1999 1815 ordinis,
2035 1783 2213 1809 Leodiensis
2245 1782 2309 1809 dio-

1698 1831 1783 1863 cesis,
1802 1832 1858 1858 Th.
1876 1832 1914 1857 de
1929 1831 2127 1858 Blankehem.
2159 1831 2308 1858 archidia-

1696 1886 1774 1905 cono
1794 1880 1825 1905 in
1846 1880 1971 1906 ecclesia
1992 1881 2183 1908 Treverensi.
2206 1881 2237 1907 et
2258 1880 2309 1907 de-

1695 1934 1773 1954 cano
1805 1935 1827 1955 s.
1860 1929 1975 1955 Mariae
2007 1929 2203 1956 Prumiensis
2237 1931 2308 1957 Tre-

1695 1977 1830 2003 verensis
1862 1977 1996 2006 diocesis.
2031 1979 2160 2004 mandat
2193 1978 2233 2004 ad
2264 1984 2309 2004 se-

1696 2025 1766 2052 dem
1791 2026 1996 2060 apostolicam
2019 2027 2116 2053 citent
2143 2026 2308 2061 archiepis-

1695 2081 1807 2108 copum
1839 2074 2061 2103 coloniensem.
2109 2076 2135 2101 si
2179 2076 2308 2102 manda-

1696 2124 1761 2149 tum
1797 2124 2001 2157 apostolicum
2037 2125 2074 2151 de
2107 2125 2244 2151 Arnoldo
2277 2124 2308 2151 in

1694 2173 1915 2206 possessionem
1961 2174 2193 2208 praepositurae
2237 2173 2308 2200 mit-

1695 2222 1796 2249 tendo.
1818 2222 1928 2256 exequi
1944 2223 2092 2250 renuerit.
2300 2233 2364 2252 tome
2380 2230 2411 2252 nl

1731 2270 1878 2296 Magistro
1907 2271 2032 2297 Nicolao
2074 2272 2111 2298 de
2151 2271 2292 2305 visneto,
2312 2265 2318 2306 Ι
2339 2263 2515 2305 18011329

1695 2319 1844 2344 canonico
1875 2320 2082 2348 Laudunensi.
2114 2326 2305 2346 commensa-

1694 2366 1716 2392 li
1747 2367 1918 2394 domestico
1950 2369 1996 2395 ¹.
2031 2369 2118 2395 tituli
2150 2376 2172 2395 s.
2205 2369 2317 2395 Praxe-

1695 2415 1742 2441 dis
1763 2417 1938 2449 presbyteri
1958 2418 2134 2445 cardinalis,
2157 2418 2285 2444 domum

1696 2470 1750 2491 seu
1790 2465 1961 2498 prioratum
2005 2466 2043 2491 de
2081 2467 2224 2494 visneto.
2266 2466 2306 2493 ad

1694 2514 1915 2540 monasterium
1967 2522 1989 2541 s.
2030 2515 2170 2541 medardi
2219 2515 2306 2542 Sues-
2582 2505 2606 2521 ο

1695 2561 1842 2588 sionensis
1861 2565 2062 2596 spectantem.
2083 2563 2214 2590 confert.
2299 2576 2363 2595 tome
2379 2573 2410 2594 ιιι

1734 2610 1887 2645 Episcopo
1930 2611 2164 2639 Constantiensi
2192 2612 2291 2639 indul·
2312 2610 2318 2650 Ι
2336 2612 2387 2640 181
2408 2606 2414 2647 Ι
2434 2610 2510 2639 1334

1695 2660 1745 2691 get
1770 2661 1801 2685 ut
1827 2659 1990 2688 Rodoaero
2013 2661 2051 2687 de
2071 2661 2196 2689 oloton.
2219 2661 2305 2688 cleri-

1694 2714 1730 2733 co
1757 2707 1853 2741 ipsius
1881 2709 2025 2743 episcopi,
2056 2709 2175 2736 nullum
2204 2710 2304 2737 adhuc

1693 2755 1882 2783 beneficium
1912 2757 2155 2784 ecclesiasticum
2185 2765 2303 2785 assecu-

1695 2806 1735 2831 to.
1760 2804 1790 2830 in
1812 2805 1938 2832 ecclesia
1959 2806 2128 2834 luticensi.
2152 2807 2220 2840 ejus
2239 2807 2303 2833 dio-

1694 2853 1779 2881 cesis.
1824 2854 1913 2887 cujus
1953 2855 2174 2882 canonicorum
2198 2861 2303 2889 recep-

1696 2901 1740 2928 tio
1773 2903 1802 2928 et
1838 2903 2084 2936 praebendarum
2106 2903 2232 2930 collatio
2263 2903 2303 2931 ad
