2519 3262
1058 195 1296 234 TROISIEME
1322 193 1484 231 ANNEE.

329 292 423 323 1485
806 289 929 318 ttrvicto,
951 288 980 314 15
998 295 1075 312 mars
1097 286 1171 312 tect.

269 375 441 409 Episcopum
463 375 659 401 Lubucenscm
685 373 847 408 praedictae
868 371 1030 398 collationis
1061 371 1243 396 executorem

234 425 362 459 deputat.
380 425 459 458 tizan.
475 424 517 454 29,
540 422 588 450 fol.
610 422 665 454 114),
685 428 714 448 n⁰
729 422 804 454 535.)

275 542 291 561 «
312 531 465 570 Episcopo
485 529 663 559 Lnbucense'.
686 528 737 557 Ex
755 525 1008 564 dispensatione
1031 526 1092 554 etc.
1115 541 1162 554 —.
1188 525 1247 553 Da-

235 588 306 615 tum
330 584 418 623 apud
437 582 725 614 Urbemveterem,
748 580 824 609 idus
844 578 968 614 martii,
993 585 1080 607 anno
1099 577 1211 607 tertio.
1232 589 1247 603 »

800 744 928 773 (trvieto,
949 744 983 771 23
998 751 1076 770 mars
1098 743 1175 770 1264.

330 751 345 780 1
354 749 424 780 486

272 831 453 866 Dispensatio
478 838 563 864 super
575 828 732 855 residentia
760 828 903 863 personali
926 828 954 854 in
974 827 1119 854 benefieiis
1134 835 1190 854 non
1210 827 1249 854 fa-

236 881 337 907 cienda
350 879 464 906 clericis
481 878 648 905 conceditur
663 878 710 913 qui
729 877 854 904 servitiis
872 877 947 911 regis
965 878 1119 910 Navarrae,
1135 876 1250 903 comitis

236 929 412 963 Campaniae
428 937 461 955 ac
479 928 571 958 Briae,
587 928 723 954 insistunt
743 927 785 953 vel
810 927 839 953 in
855 926 982 953 futurum
1000 925 1146 952 insistent.
1167 926 1249 960 (Rae.

235 979 278 1005 29.
296 977 344 1005 sot
366 978 414 1005 t-to
430 982 471 1010 νῦ,
491 982 521 1003 11Ω
536 977 609 1008 536.)

275 1093 289 1111 1(
309 1082 475 1112 Carissimo
492 1081 522 1110 in
536 1081 660 1111 Christo
679 1079 745 1116 fz‘lz'o
767 1105 770 1110 .
795 1104 800 1108 .
823 1079 935 1108 illustri
948 1078 1014 1117 rcqz'
1030 1077 1181 1114 Navarra»,
1202 1088 1250 1107 co-

236 1137 303 1166 miti
319 1136 488 1175 Campanie
504 1145 538 1164 ac
561 1135 644 1164 Brie.
660 1135 796 1164 Sincere
816 1133 1008 1163 dilectionis
1028 1132 1168 1162 aflectus
1185 1140 1251 1170 qua

234 1199 416 1229 personam
440 1192 533 1219 tuam
560 1188 817 1226 complectimur
846 1194 907 1216 nos
935 1185 1065 1215 inducit
1087 1186 1123 1214 ut
1140 1185 1203 1215 tibi
1219 1186 1252 1215 et

237 1251 296 1282 per
312 1245 343 1273 te
359 1242 421 1272 tibi
439 1240 705 1280 obsequentibus
728 1240 871 1279 gratiam
897 1239 1072 1269 faciamus.
1091 1239 1252 1268 Porrecta

237 1296 407 1335 siquidem
423 1295 521 1325 nobis
541 1303 583 1325 ex
609 1296 702 1333 parte
721 1296 778 1324 tua
801 1293 919 1331 petitio
942 1291 1135 1322 continebat
1163 1291 1252 1330 quod

239 1349 317 1379 olim
338 1349 397 1378 tibi
416 1358 434 1378 a
448 1348 525 1378 sede
543 1347 730 1386 apostolica
744 1347 805 1376 fuit
827 1346 995 1376 indultum
1018 1347 1052 1375 ut
1069 1345 1183 1375 clerici
1201 1345 1251 1375 tui

240 1403 297 1441 qui
327 1401 501 1440 obsequiis
524 1401 593 1431 tuis
614 1400 784 1435 insistent,
802 1400 985 1438 proventus
1011 1398 1252 1428 beneficiorum

240 1464 378 1486 suorum
399 1463 474 1485 cum
492 1463 530 1484 ea
558 1454 747 1492 integritate
766 1455 936 1491 percipere
954 1453 1098 1490 possint,
1114 1452 1251 1482 cotidia-

241 1509 293 1539 nis
326 1506 627 1538 distributionibus
667 1507 844 1536 dumtaxat
875 1505 1039 1543 exceptis,
1074 1514 1149 1534 cum
1187 1514 1253 1543 qua

239 1563 318 1592 illos
334 1561 546 1600 perciperent
559 1560 588 1589 si
605 1559 827 1598 personaliter
845 1559 877 1588 in
893 1558 1060 1591 ecclesiis,
1075 1558 1107 1587 111
1128 1557 1252 1596 quibus

239 1625 277 1646 ea
296 1615 460 1650 obtinent,
480 1614 676 1644 residerent
697 1613 768 1642 Nos
787 1620 920 1650 quoque
945 1611 1014 1641 tuis
1033 1611 1252 1649 supplicatio-

239 1668 340 1698 nibus
367 1667 583 1706 postmodum
609 1665 775 1701 inclinati,
805 1664 1000 1703 hujusmodi
1024 1664 1166 1702 gratiam
1186 1673 1251 1694 am-

240 1722 398 1760 pliantes,
416 1720 480 1750 tibi
498 1719 661 1749 duximus
689 1727 747 1756 per
765 1720 899 1747 nostras
922 1718 1054 1747 litteras
1079 1717 1253 1756 indulgen-

239 1775 319 1805 dum
352 1777 387 1804 ut
407 1773 521 1804 clerici
538 1773 595 1811 qui
623 1775 701 1802 tunc
730 1771 934 1801 insistebant
952 1770 1005 1800 vel
1033 1771 1067 1800 in
1102 1771 1252 1800 futurum

238 1827 431 1867 hujusmodi
444 1826 619 1864 obsequiis
636 1825 845 1857 insisterent,
865 1824 993 1854 eisdem
1010 1824 1186 1862 obsequiis
1206 1825 1253 1854 in-

240 1881 403 1914 sistendo,
422 1880 607 1918 proventus
618 1877 859 1908 beneficiorum
877 1886 941 1916 que
962 1876 1159 1907 obtinebant
1175 1886 1253 1915 que-

240 1943 303 1973 que
336 1934 429 1972 ipsos
461 1932 611 1962 obtinere
643 1931 863 1969 contingeret,
896 1931 1036 1969 integre,
1070 1931 1251 1961 cotidianis

240 1985 540 2018 distributionibus
556 1985 733 2015 dumtaxat
756 1984 919 2022 exceptis
940 1984 1152 2022 perciperent
1169 1993 1204 2014 ac
1222 1985 1251 2014 si

240 2041 274 2071 in
293 2040 459 2074 ecclesiis,
481 2040 516 2069 in
540 2038 665 2078 quibus
683 2038 742 2068 illa
764 2037 961 2068 obtinebant
981 2037 1033 2067 vel
1061 2037 1253 2068 obtinerent

240 2095 272 2124 in
292 2095 479 2133 posterum,
500 2092 718 2123 residentiam
741 2091 888 2121 facerent
906 2091 1130 2129 personalem.
1155 2091 1251 2125 Sane,

240 2145 395 2184 precibus
411 2146 494 2176 tuiis
512 2145 653 2180 inducti,
672 2144 824 2174 volentes
841 2144 950 2182 ipsam
975 2143 1119 2182 gratiam
1143 2143 1252 2174 facere

241 2199 453 2238 ampliorem,
486 2198 695 2237 presentium
723 2197 786 2227 tibi
812 2196 1008 2227 auctoritate
1034 2197 1251 2226 concedimus

240 2254 276 2282 ut
299 2252 425 2288 clerici,
442 2252 499 2291 qui
521 2252 561 2282 ad
577 2259 718 2290 presens
740 2251 809 2281 tuis
829 2250 991 2280 insistunt
1007 2249 1182 2288 obsequiis
1200 2250 1252 2280 vel

242 2306 413 2341 insistent,
435 2314 647 2344 quocumque
664 2305 798 2334 nomine
815 2305 1026 2338 censeantur,
1043 2304 1114 2333 sive
1132 2304 1200 2334 sint
1218 2304 1252 2334 in

242 2358 443 2389 sacerdotali
461 2367 521 2388 seu
542 2359 576 2388 in
606 2357 828 2388 inferioribus
860 2357 1037 2387 ordinibus
1064 2357 1252 2392 constituti,

242 2413 427 2451 proventus
443 2411 685 2442 beneficiorum
705 2411 898 2450 hujusmodi
916 2419 1044 2441 necnon
1058 2412 1090 2440 et
1108 2410 1254 2449 dignita-

242 2468 313 2496 tum
334 2474 370 2495 ac
388 2467 641 2503 personatuum,
662 2464 845 2495 dummodo
871 2473 985 2494 curam
1013 2473 1078 2494 non
1108 2464 1253 2495 habeant

243 2520 447 2555 animarum,
475 2527 560 2557 quos
593 2527 682 2548 nunc
698 2518 861 2554 obtinent,
883 2520 914 2548 et
942 2517 1071 2547 ratione
1098 2518 1252 2556 ipsorum

242 2573 486 2611 personatuum
509 2573 541 2601 et
561 2570 775 2609 dignitatum,
801 2571 840 2600 de
862 2570 1013 2600 faciendo
1033 2570 1253 2600 residentiam

243 2627 277 2656 in
295 2625 449 2656 ecclesiis
467 2625 500 2654 in
526 2624 650 2663 quibus
680 2624 757 2653 illos
777 2623 938 2657 obtinent,
962 2632 1027 2654 non
1042 2624 1255 2662 prestiterint

239 2680 481 2718 juramentum,
502 2686 577 2708 cum
594 2677 786 2715 integritate
809 2677 916 2707 simili
932 2678 1104 2715 percipere
1120 2677 1254 2708 valeant

244 2742 309 2771 qua
341 2731 498 2770 superius
525 2733 574 2761 est
601 2738 814 2768 expressum,
839 2739 904 2759 non
934 2730 1088 2760 obstante
1120 2731 1149 2760 si
1173 2730 1255 2760 dicti

244 2786 357 2816 clerici
377 2794 442 2815 non
467 2784 605 2814 fecerint
623 2783 656 2813 in
673 2783 800 2813 eisdem
827 2783 980 2813 ecclesiis
1004 2783 1149 2821 primam
1171 2784 1255 2813 resi—

245 2839 394 2869 dentiam
419 2838 613 2868 consuetam
643 2838 700 2866 aut
718 2836 887 2866 contraria
918 2836 1069 2874 ipsarum
1100 2836 1256 2866 ecclesia-

246 2901 320 2922 rum
345 2890 588 2921 consuetudine
612 2890 663 2919 vel
688 2890 826 2922 statuto,
853 2888 1057 2927 juramento,
1085 2889 1257 2919 confirma-

2256 203 2313 231 213

1304 283 1395 313 tione
1417 282 1508 312 sedis
1532 282 1715 320 apostolice
1737 283 1793 312 aut
1824 291 2035 321 quacumque
2060 283 2217 313 firmitate
2244 285 2313 314 val-

1304 335 1384 370 lato,
1409 335 1479 365 sive
1499 335 1613 373 aliqua
1644 335 1853 373 indulgentia
1883 336 1973 365 sedis
2003 336 2152 374 ejusdem
2183 337 2223 366 de
2249 347 2314 375 «lna

1305 389 1468 427 cujusque
1487 390 1602 417 tenore
1627 389 1778 426 oporteat
1802 388 1834 417 in
1852 389 1978 418 nostris
1994 389 2116 418 litteris
2137 389 2268 427 plenam
2285 391 2316 420 et

1305 450 1503 480 expressam
1531 441 1737 471 mentionem
1764 441 1836 471 fieri
1865 444 1896 471 et
1923 450 1982 480 per
2003 450 2102 480 quam
2123 442 2315 480 hujusmodi

1305 495 1413 533 gratia
1432 495 1590 533 impediri
1628 494 1737 524 valeat
1765 494 1817 524 vel
1840 494 1979 525 differri.
2013 495 2062 524 Ita
2090 497 2200 524 tamen
2229 496 2316 533 quod

1307 548 1408 577 iidem
1429 547 1554 583 clerici,
1586 556 1659 577 curn
1680 547 1720 577 ab
1739 547 1932 586 hujusmodi
1957 547 2130 586 obsequiis
2162 548 2230 577 tuis
2249 548 2317 577 ‹lis—

1306 600 1484 636 cesserint,
1511 600 1729 630 residentiam
1763 601 1885 631 saciant
1905 601 1938 630 in
1969 601 2041 630 suis
2072 601 2224 630 ecclesiis·
2244 610 2319 631 con-

1307 656 1449 684 suetam.
1469 653 1564 684 Nulli
1595 663 1672 693 ergo
1710 656 1822 684 nostre
1850 655 2078 685 concessionis
2104 657 2165 684 etc.
2194 655 2318 684 Datum

1306 707 1395 745 apud
1426 707 1714 742 Urbemveterem,
1741 718 1757 736 x
1794 708 1956 738 kalendas
1982 708 2112 747 aprilis,
2145 717 2230 738 anno
2256 711 2317 738 ter-

1306 761 1364 790 tio.
1387 771 1401 789 1)

1400 941 1494 971 1487

1875 940 1998 969 Orvieto‚
2021 941 2055 967 23
2071 948 2149 966 mars
2170 940 2245 966 leot.

1343 1024 1485 1051 Abbatem
1505 1033 1525 1050 si
1544 1025 1671 1059 Dionysii
1687 1025 1715 1051 in
1731 1025 1850 1052 Francia
1868 1026 2030 1059 praedictae
2047 1026 2239 1053 concessionis
2252 1033 2317 1052 exc-

1307 1076 1437 1100 cutorem
1453 1075 1581 1108 deputat.
1605 1075 1682 1106 tum.
1700 1075 1744 1107 20,
1762 1074 1810 1101 sol.
1831 1075 1880 1102 140
1896 1081 1936 1106 v⁰‚
1951 1081 1980 1101 11ο
1991 1075 2066 1104 537.)

1349 1189 1364 1208 11
1382 1179 1533 1210 Achates.
1566 1179 1698 1209 Dionisii
1730 1181 1759 1210 in
1786 1180 1932 1210 Francia.
1965 1181 2100 1212 Sincere
2127 1182 2320 1212 dilectionis

1309 1233 1448 1263 affectus
1466 1252 1513 1264 —.
1533 1234 1658 1264 Datum
1683 1234 1771 1273 apud
1795 1234 2085 1269 Urbemveterem,
2110 1246 2126 1264 x
2160 1236 2321 1266 kalendas

1309 1287 1440 1324 aprilis,
1459 1295 1545 1317 anno
1566 1287 1677 1317 tertio.
1700 1297 1713 1316 »

1403 1468 1497 1498 1488

1884 1469 2008 1497 Orvieto.
2025 1471 2058 1497 23
2080 1479 2156 1496 mars
2174 1471 2248 1498 1261.

1346 1551 1484 1585 Episcopo
1503 1551 1631 1586 Sagiensi
1646 1560 1703 1579 non
1726 1553 1842 1580 habenti
1859 1553 1954 1588 aliqua
1968 1554 2104 1580 beneficia
2123 1555 2318 1582 ecclt=sia<¹i0a

1310 1600 1345 1626 ad
1377 1600 1561 1627 oollationem
1592 1610 1673 1628 suam
1701 1603 1871 1635 spectantia,
1898 1603 1953 1629 nisi
1980 1606 2038 1629 tres
2063 1604 2198 1630 ecclesias
2224 1613 2322 1638 parro-

1309 1649 1428 1683 chiales,
1449 1649 1575 1685 indulget
1605 1653 1633 1677 ut
1653 1651 1699 1677 uni
1727 1651 1831 1678 clerIco
1851 1653 1883 1678 de
1907 1652 2043 1679 beneficio
2067 1653 2263 1680 ecclesiastico
2286 1654 2321 1679 ad

1310 1698 1515 1733 cujuscumque
1536 1699 1720 1726 collationem
1752 1703 1910 1734 spectante.
1937 1702 2084 1735 providere
2112 1703 2214 1729 valeat.
2234 1703 2317 1735 titan.

1309 1748 1352 1774 20.
1376 1748 1421 1774 tol.
1452 1748 1497 1774 lto
1512 1754 1548 1781 νο,
1569 1753 1600 1774 n⁰
1615 1750 1689 1782 538.)

1352 1866 1366 1883 «
1387 1854 1543 1894 Episcopo
1570 1855 1824 1894 Saqiensi.·Cum
1849 1856 1936 1887 sicut
1962 1865 2002 1886 ex
2018 1874 2067 1887 —.
2086 1858 2208 1888 Datum
2234 1859 2322 1897 apud

1311 1908 1602 1944 Urbemveterem,
1628 1918 1649 1939 x
1666 1909 1828 1940 kalendas
1850 1910 1983 1948 aprilis,
2002 1919 2088 1941 anno
2109 1912 2220 1942 tertio.
2246 1922 2259 1940 »

1404 2087 1498 2117 1489

1883 2086 2007 2116 ‹ii-vieto,
2024 2087 2055 2113 31
2073 2095 2151 2113 mars
2176 2087 2250 2113 1204.

1346 2170 1484 2204 Episcopo
1500 2169 1689 2195 Anteradensi
1707 2169 1833 2204 indulget
1850 2172 1877 2196 ut
1892 2170 2091 2204 'patriarcham
2113 2171 2323 2198 Antiochenam

1311 2218 1581 2253 metropolitanum,
1609 2219 1663 2245 nisi
1690 2219 1882 2253 personaliter
1897 2220 2070 2246 visitationis
2094 2220 2221 2246 osticium
2245 2228 2323 2247 exer-

1310 2271 1384 2299 ceat,
1400 2269 1434 2294 ad
1452 2268 1629 2294 visitandum
1646 2269 1800 2295 admittere
1816 2268 1937 2294 minime
1954 2271 2095 2295 teneatur.
2109 2270 2179 2301 <Res
2210 2270 2255 2298 29,
2274 2269 2322 2295 t'ol.

1313 2317 1374 2349 141,
1390 2323 1419 2343 11ο
1436 2318 1502 2351 539;
1524 2317 1671 2343 Porriiasr
1688 2318 1796 2351 18845.)

1353 2435 1367 2455 (1
1387 2425 1547 2465 Episcopo
1563 2424 1779 2455 Anteraderlsi.
1797 2425 1867 2455 Tne
1886 2425 1978 2464 pacis
1995 2428 2174 2464 querentes
2191 2444 2238 2457 —-.
2258 2428 2324 2458 Da-

1311 2481 1383 2509 tum
1409 2479 1496 2517 apud
1515 2478 1805 2515 Urbemveterem,
1840 2488 1860 2508 11
1882 2479 2044 2509 kalendas
2070 2480 2200 2518 aprilis,
2235 2488 2323 2511 anno

1311 2533 1423 2563 tertio.
1442 2541 1459 2561 »

1408 2711 1502 2742 1490

1882 2709 2007 2743 Orxieto,
2028 2710 2060 2736 31
2080 2718 2156 2736 mars
2177 2710 2251 2737 1204.

1350 2795 1532 2822 Patriarehae
1547 2794 1793 2825 Jerosolimitano,
1808 2794 1983 2828 apostolicae
1995 2794 2070 2820 sedis
2090 2794 2193 2828 togato,
2209 2795 2326 2821 mandat

1314 2848 1342 2871 ut
1365 2844 1602 2871 constitutionem
1625 2844 1659 2869 de
1680 2845 1757 2870 certo
1773 2842 1977 2869 canonicorum
2004 2851 2124 2870 numero
2144 2843 2326 2877 abepiscopo

1314 2893 1502 2920 Anteradensi
1520 2892 1626 2919 editam
1644 2892 1805 2919 confirmet.
1827 2893 1906 2926 (111-ῖς..
1929 2893 1972 2918 29.
1993 2892 2040 2918 t'ol.
2059 2893 2116 2918 lit.
2135 2892 2252 2925 11οἴ1111.)
