2519 3262
174 230 213 260 78
935 220 1178 252 REGISTRES
1207 219 1421 250 D'L'RBAIN
1451 219 1510 250 IV.

173 313 352 351 episcopus
369 311 409 341 ad
427 309 682 348 inquisitionem
700 309 814 338 contra
830 315 907 337 eum
923 305 1137 340 descendere,
1154 306 1184 334 et

172 364 323 403 probatis
339 365 454 393 contra
465 371 540 392 eum
551 360 751 391 criminibus
771 359 986 398 supradictis,
998 358 1060 388 rite
1076 357 1185 396 potuit

172 418 204 447 et
230 416 345 447 debuit
363 415 565 446 sententiam
591 412 813 452 depositionis
830 421 890 442 seu
909 411 1090 441 amotionis
1113 419 1185 448 pro-

172 470 343 504 ferregnec
357 469 491 499 obstare
504 467 631 497 dit-ebat
645 465 907 504 appellationem
918 464 1079 494 adsedem
1089 472 1184 501 apos—

170 523 307 553 tolicam
319 523 526 561 interJectam
535 530 575 551 ex
587 519 721 558 eoquod
731 518 927 557 p1·et'atus(2l.
937 517 1108 547 admissus
1119 525 1183 546 non

171 576 284 607 extitit
302 576 343 606 ad
359 574 607 614 reprobandmn
624 573 788 611 quosdam
808 571 989 602 monachos
1011 579 1113 609 super
1137 570 1183 608 ip·

170 630 242 660 sius
257 629 396 659 infamia
409 628 588 667 productos
604 626 636 655 in
651 628 766 661 testes,
780 627 850 655 tum
861 625 939 663 quia
950 624 1181 662 exceptionem

169 683 265 713 illam
275 691 340 712 non
351 682 568 720 proposuerat
582 679 668 709 int'ra
685 678 868 709 terminum
879 678 915 707 ad
934 676 1181 715 reprobandum

168 738 273 766 testes
293 735 358 764 sibi
372 733 597 773 peremptorie
617 733 839 771 assignatum.
859 733 931 761 tum
955 731 1057 760 etiam
1080 738 1121 759 ex
1143 737 1181 759 eo

168 788 268 827 qnod,
289 788 317 817 si
345 788 384 817 de
410 795 495 816 novo
520 786 551 815 id
569 785 610 815 ad
628 793 724 815 suam
748 784 903 814 notitiam
921 783 1043 813 diceret
1066 790 1181 820 perve-

168 842 271 875 nisse,
287 841 475 879 proprietas
491 839 729 869 monachorum
746 845 883 867 suorum
899 835 1052 866 abbatem
1068 836 1179 874 ipsum

167 895 271 924 latere
286 894 500 932 aliquatenus
519 901 584 922 non
601 891 753 925 debebat,
774 896 803 920 et
824 891 853 920 si
873 890 998 919 diceret
1015 888 1104 927 quod
1120 889 1180 919 1100

167 956 243 978 011111
258 947 401 977 latuerat
417 954 512 976 suam
530 945 663 983 culpam
678 944 730 974 vel
744 943 984 982 negligentiam
998 941 1177 980 allegabat,

167 1001 224 1039 qui
242 1000 396 1030 curiosus
417 1001 447 1029 et
470 999 614 1038 diligens
633 1006 706 1027 esse
726 996 867 1027 debebat
885 996 924 1026 de
949 998 1038 1026 statu
1066 1004 1178 1025 mona-

166 1054 305 1084 chorum
338 1061 477 1083 suorum
508 1051 654 1081 sollicite
682 1049 919 1089 perquirendo.
951 1049 1029 1079 Alia
1046 1057 1178 1087 quoque

166 1107 272 1137 multa
291 1106 465 1145 proposita
486 1107 516 1136 et
537 1105 680 1144 allegata
711 1104 846 1134 fuerunt
863 1103 904 1132 ad
927 1102 1177 1132 roborationem

165 1168 346 1199 processus
360 1158 510 1198 episcopi
532 1157 727 1196 supradicti.

206 1223 221 1242 «
241 1213 398 1243 Ceterum
412 1221 471 1251 pro
490 1213 583 1249 parte
600 1210 743 1249 predicti
761 1210 813 1245 (1.,
836 1209 981 1245 abbatis,
997 1216 1177 1247 processus

165 1265 245 1296 dicti
269 1264 523 1296 Cameracensis
547 1263 695 1302 episcopi
718 1262 779 1292 fuit
807 1261 1042 1300 multipliciter
1070 1261 1178 1299 impu-

166 1321 288 1358 gnatus
315 1318 425 1357 primo
451 1326 492 1348 ex
519 1326 556 1347 eo
584 1317 673 1355 quod
693 1318 798 1346 testes
820 1324 921 1354 super
949 1324 1008 1344 sua
1038 1314 1179 1344 infamia

166 1372 390 1410 deponentes,
426 1379 461 1401 ac
494 1370 580 1400 nude
609 1378 749 1408 prorsus
785 1368 935 1398 dicentes
962 1368 1074 1406 ipsum
1103 1376 1176 1398 esse

166 1434 268 1463 super
289 1424 388 1454 dictis
414 1422 614 1453 criminibus
639 1422 862 1452 (litl'amatum.
886 1421 1014 1451 nullam
1041 1429 1176 1450 causam

166 1478 219 1507 sui
236 1477 423 1507 testimonii
444 1476 673 1506 reddiderunt.
688 1474 886 1512 Interrogati
912 1474 1001 1503 enim
1018 1474 1046 1503 si
1068 1473 1177 1503 dictus

167 1530 272 1560 abbas
302 1531 391 1560 esset
422 1529 461 1559 de
494 1528 736 1566 dilapidatione
758 1529 935 1565 suspectus
957 1526 1009 1556 vel
1034 1526 1073 1556 de
1099 1526 1176 1556 aliis
1207 1550 1209 1561 ,

168 1583 321 1613 articulis
360 1590 419 1612 seu
455 1581 654 1612 criminibus
700 1580 894 1613 antedictis,
930 1579 1176 1618 responderunt

165 1636 253 1675 quod
275 1636 334 1670 510,
354 1643 413 1665 1100
437 1635 512 1674 plus
543 1634 605 1664 fuit
636 1634 669 1663 in
700 1633 920 1672 responsione
950 1634 1006 1662 aut
1035 1633 1175 1662 interro-

165 1690 299 1729 gatione
336 1696 532 1727 processum
574 1696 631 1718 nec
671 1688 843 1726 quesitum
885 1686 947 1716 t'uit
988 1685 1028 1715 ab
1069 1687 1118 1716 eis
1159 1695 1177 1716 a

166 1742 290 1781 quibus
309 1744 417 1773 ortum
431 1741 521 1771 ‘dicta
538 1741 675 1770 infamia
690 1739 876 1775 habuisset,
901 1742 1013 1770 utrum
1039 1748 1057 1769 a
1083 1740 1177 1769 mali-

164 1796 251 1826 volis
272 1797 302 1825 et
321 1794 497 1825 maledicis
517 1794 568 1824 vel
586 1803 604 1823 a
621 1793 772 1832 providis
791 1795 822 1823 et
839 1792 1003 1829 honestis,
1025 1793 1113 1831 quod
1129 1801 1176 1823 se-

164 1849 309 1880 cundum
337 1848 414 1886 jura
442 1848 481 1878 de
514 1847 705 1877 substantia
739 1846 933 1885 hujusmodi
966 1845 1176 1884 probationis

165 1902 292 1932 existit.
312 1901 423 1931 Sancti
445 1901 568 1931 etenim
588 1903 701 1938 patres
718 1900 894 1938 providere
914 1901 1116 1932 statuerunt,
1136 1908 1176 1929 ne

164 1955 338 1985 concussis
364 1953 553 1992 columpnis
582 1955 715 1983 corruat
741 1953 924 1987 editicium,
947 1954 981 1981 ut
1007 1953 1175 1982 accusatio

164 2008 371 2047 prelatorum
388 2016 453 2037 non
472 2006 568 2036 facile
588 2006 794 2036 admittatur.
812 2006 954 2043 Propter
970 2006 1057 2044 quod
1077 2014 1176 2044 appa-

165 2070 237 2091 rere
254 2060 385 2091 dicebat
400 2060 510 2090 dictus
527 2061 560 2089 u.
577 2059 664 2098 quod
682 2059 771 2089 idem
785 2059 965 2097 episcopus
982 2067 1047 2089 non
1067 2067 1108 2089 ex
1124 2068 1175 2088 ca-

165 2114 275 2144 1110115
290 2114 373 2150 zelo,
391 2113 449 2143 sed
462 2122 502 2143 cx
518 2121 655 2142 rancore
673 2112 786 2150 potius
805 2114 1038 2150 preconeepto,
1056 2114 1089 2141 ut
1109 2120 1174 2141 non

164 2167 294 2197 dicatur
317 2175 358 2196 ex
386 2166 454 2196 odii
468 2166 583 2195 fomite
602 2174 662 2195 sue
681 2165 866 2195 voluntatis
883 2165 1117 2203 prosequendo
1137 2165 1174 2194 li-

163 2219 284 2256 bitum,
297 2220 330 2250 in
341 2219 561 2258 inquisitione.
572 2218 763 2257 hujusmodi
776 2217 987 2256 procedebat.
1000 2218 1052 2254 Et,
1062 2227 1174 2256 quam-

164 2282 265 2312 quam
284 2272 343 2302 alii
359 2274 464 2303 testes
482 2272 622 2305 nullam,
644 2274 677 2301 ut
696 2271 884 2309 predictum
905 2273 968 2306 est,
988 2271 1174 2301 testimonii

164 2326 218 2356 sui
237 2334 373 2356 causam
394 2325 584 2358 reddentes,
606 2325 717 2363 ipsum
746 2332 847 2362 super
865 2323 1007 2362 prefatis
1026 2325 1175 2355 crimini—

163 2378 227 2408 bus
251 2378 339 2418 apud
362 2378 469 2408 bonos
494 2380 523 2408 et
549 2387 668 2416 graves
689 2377 836 2407 dixerint
857 2377 1079 2413 ditlanmtum,
1099 2378 1174 2407 sub·
1206 2403 1207 2407 ,

167 2432 277 2462 ductis
294 2433 405 2462 tamen
418 2431 564 2461 testibus
582 2433 695 2461 contra
713 2439 798 2469 quos
809 2430 897 2460 dicta
909 2431 1177 2461 excommunica·
1206 2458 1207 2463 ,

164 2485 268 2515 1101115
278 2485 429 2523 exceptio
441 2484 501 2515 t'uit
514 2484 698 2523 proposita,
711 2485 765 2522 qui
787 2483 927 2513 subduci
944 2483 1064 2513 debent
1077 2492 1175 2523 prop-

164 2539 216 2568 ter
235 2538 497 2577 appellationem
514 2537 712 2576 predictam,
734 2546 820 2567 unus
841 2537 935 2567 solus
952 2537 1050 2568 testis
1069 2546 1175 2567 rema-

166 2593 221 2622 net
239 2591 308 2629 qui,
330 2590 422 2621 nulla
442 2599 543 2621 causa
571 2590 758 2621 testimonii
775 2590 828 2620 sui
844 2590 986 2626 reddita,
1009 2590 1096 2629 apud
1115 2590 1174 2621 bo-

166 2653 227 2675 nos
247 2645 277 2674 et
295 2652 414 2683 graves
429 2644 554 2673 dictum
570 2644 608 2674 G.
630 2644 774 2674 asseruit
792 2644 1014 2674 diffamatum.
1033 2644 1175 2682 Propter

166 2697 255 2736 quod
273 2696 416 2727 ulterius
442 2696 605 2727 inferebat
626 2697 713 2735 quod
736 2705 795 2735 per
812 2696 872 2726 hoc
895 2697 979 2726 satis
1001 2697 1175 2728 constabat

165 2750 205 2780 de
225 2749 402 2788 iniquitate
420 2758 600 2788 processus
619 2750 772 2788 predicti,
793 2752 822 2780 et
841 2749 929 2789 quod
947 2758 1007 2780 sua
1026 2749 1173 2789 appella-

165 2803 210 2834 tio
231 2802 271 2833 ab
296 2802 446 2841 episcopi
465 2803 630 2833 sententia
649 2803 846 2841 interposita
865 2803 1016 2842 legItima
1034 2811 1175 2842 pronun-

166 2855 243 2885 tiari
261 2854 414 2888 debebat,
429 2856 459 2885 et
475 2855 562 2885 dicta
580 2855 744 2885 sententia
763 2857 791 2885 et
811 2855 954 2894 quiquid
971 2864 1012 2885 ex
1029 2863 1067 2885 ea
1084 2864 1176 2886 secu-

166 2909 237 2938 tum
263 2909 324 2943 est,
351 2908 513 2938 revocari.
543 2908 717 2947 Allegabat
751 2908 888 2947 insuper
916 2911 947 2939 et
970 2909 1171 2939 sententiam

1246 303 1396 342 episcopi
1409 305 1440 334 et
1453 311 1650 341 processum
1664 302 1899 341 inquisitionis
1911 303 2047 342 penitus
2060 303 2172 333 nullos
2182 310 2257 333 esse

1246 366 1320 386 cum
1345 357 1428 395 ipse,
1447 359 1523 386 ante
1546 356 1816 395 inquisitionem,
1836 356 1877 386 ad
1896 356 2011 386 sedem
2034 355 2258 394 apostolicam

1246 419 1287 440 ex
1314 410 1407 448 Justo
1431 410 1626 449 gravamine
1659 409 1876 448 appellasset,
1904 409 1990 439 sicut
2021 409 2179 448 superius
2207 410 2260 438 est

1245 471 1463 501 expressum,
1483 471 1542 492 nec
1562 463 1745 493 terminum
1757 462 2024 501 peremptorium
2040 461 2105 492 sibi
2123 461 2259 492 obstare

1244 515 1387 551 dicebat,
1415 524 1490 546 cum
1522 516 1706 545 secundum
1730 515 1807 554 jura
1825 517 1965 554 paratus
1984 516 2086 549 esset.
2106 514 2183 544 licet
2201 514 2257 544 ad-

1244 569 1371 598 missus
1386 577 1451 599 non
1466 569 1579 604 fuerit,
1598 569 1698 598 tidem
1711 568 1820 598 facere
1835 568 1924 607 quod
1936 568 1976 598 de
1987 576 2073 598 novo
2090 567 2133 597 ad
2148 567 2258 606 ipsius

1244 622 1400 651 notitiam
1429 624 1629 660 pervenerat
1647 621 2012 651 excommunicationis
2033 621 2198 659 exceptio,
2216 628 2259 650 ex

1243 683 1344 704 causa
1368 675 1585 713 proprietatis
1611 674 1822 714 quorundam
1852 674 2093 705 monachorum
2119 673 2260 712 produc-

1242 730 1354 758 torum
1368 729 1400 757 in
1418 730 1538 762 testes;
1556 728 1644 767 quod
1660 728 1733 766 ipse
1746 727 1837 766 juste
1852 728 1961 766 potuit
1980 727 2166 766 ignorasse,
2180 734 2257 756 cum

1243 781 1348 811 multa
1373 782 1564 820 frequenter
1582 790 1601 811 a
1617 780 1791 811 monachis
1812 781 2068 811 committantur
2089 788 2153 819 que
2175 787 2257 810 suos

1241 835 1345 864 latent
1375 834 1514 864 abbates
1531 836 1567 864 ut
1584 833 1721 864 beatum
1740 833 1942 873 Gregorium
1970 834 2067 864 latuit
2085 833 2255 871 quendam

1241 888 1441 917 monachum
1473 896 1573 917 suum
1592 887 1855 926 proprietarium
1874 886 1982 917 fuisse
2001 887 2035 916 in
2052 887 2133 922 vita,
2154 894 2255 924 quem

1241 943 1423 974 mortuum,
1438 943 1618 979 postquam
1637 949 1714 970 eum
1731 940 1834 970 talem
1856 940 1964 970 fuisse
1980 940 2156 978 comperit,
2177 939 2257 969 fecit

1240 995 1274 1024 in
1292 994 1507 1033 sterquilinio
1525 993 1674 1032 sepeliri.
1693 993 1868 1032 Adjiciens
1886 995 2023 1031 propter
2037 993 2253 1023 interdictam

1240 1047 1306 1077 sibi
1317 1047 1660 1082 administrationem,
1670 1048 1707 1076 ut
1717 1046 1877 1085 superius
1886 1046 2014 1076 dictum
2023 1049 2085 1082 est,
2096 1048 2172 1076 ante
2182 1054 2258 1084 pro-

1239 1100 1400 1130 lationem
1428 1099 1557 1139 prefate
1585 1100 1767 1130 amotionis
1793 1099 1973 1135 sententie,
1993 1108 2053 1137 pro
2071 1101 2165 1137 parte
2194 1106 2256 1128 sua

1239 1153 1346 1184 fuisse
1359 1154 1399 1183 ad
1412 1153 1526 1183 sedem
1537 1153 1758 1191 apostolicam
1769 1153 1989 1191 appellatum.
2001 1151 2142 1182 Dicebat
2152 1152 2255 1182 etiam

1238 1207 1368 1237 cedulis
1394 1207 1465 1236 illis
1493 1207 1528 1236 in
1558 1205 1682 1245 quibus
1712 1205 1886 1236 dicebatur
1905 1206 1991 1236 facta
2007 1207 2124 1236 contra
2141 1206 2255 1244 ipsum

1238 1260 1417 1299 inquisitio
1434 1259 1613 1295 contraria,
1634 1259 1733 1289 tidem
1751 1268 1817 1289 non
1835 1267 1910 1289 esse
1927 1258 2078 1297 aliquam
2095 1257 2254 1288 adhiben-

1239 1313 1316 1343 dam
1332 1322 1373 1343 ex
1388 1322 1425 1344 eo
1443 1313 1533 1352 quod
1550 1321 1616 1343 non
1631 1311 1836 1351 apparebant
1856 1321 1957 1342 manu
1975 1311 2109 1350 publica
2125 1311 2177 1342 vel
2194 1320 2254 1350 per

1238 1367 1323 1396 duos
1351 1366 1538 1405 fidedignos
1568 1366 1769 1404 conscripte,
1797 1365 1855 1395 sed
1881 1367 1974 1395 erant
2001 1365 2114 1404 sigillo
2141 1365 2252 1403 ipsius

1239 1420 1389 1458 episcopi
1410 1419 1643 1449 tantummodo
1666 1418 1825 1457 sigillam,
1854 1427 1913 1457 per
1931 1419 2027 1457 cujus
2053 1426 2252 1457 processum

1238 1473 1322 1503 satis
1332 1471 1506 1502 constabat
1517 1471 1606 1510 quod
1615 1479 1698 1501 suus
1708 1473 1779 1501 erat
1789 1471 2003 1501 adversarius
2017 1471 2052 1501 in
2064 1470 2124 1501 hac
2137 1479 2250 1502 causa.

1237 1526 1312 1561 Sed,
1327 1528 1359 1555 et
1376 1526 1405 1555 si
1422 1525 1506 1555 actis
1519 1524 1681 1563 sigillatis
1698 1524 1812 1563 sigillo
1827 1524 1978 1563 episcopi
1996 1524 2079 1554 fides
2101 1523 2251 1554 adhiberi

1238 1578 1384 1612 deberet,
1402 1578 1502 1608 dictis
1513 1580 1627 1608 tamen
1642 1577 1838 1607 cedularum
1853 1577 1937 1607 fides
1953 1578 2043 1607 esset
2056 1577 2252 1607 nullatenus

1238 1631 1438 1668 adhibenda,
1452 1631 1543 1670 quia,
1557 1631 1644 1660 sicut
1661 1632 1792 1661 constat
1810 1639 1852 1661 ex
1869 1631 1943 1669 ipso
1959 1638 2133 1668 processu,
2149 1630 2191 1660 ad
2205 1630 2253 1660 in-

1238 1685 1458 1724 quisitionem
1484 1693 1543 1723 per
1567 1693 1603 1714 se
1629 1684 1812 1722 episcopus
1829 1692 1896 1714 non
1911 1683 2078 1722 processit
2096 1683 2156 1713 sed
2172 1683 2252 1714 aliis

1238 1740 1426 1770 faciendam
1449 1739 1631 1774 commisit,
1664 1747 1809 1778 quorum
1830 1738 1944 1777 sigilla
1967 1746 2034 1768 non
2052 1740 2130 1768 sunt
2149 1737 2183 1767 in
2200 1746 2252 1768 ce-

1207 1810 1208 1814 =
1237 1793 1328 1823 dulis
1344 1793 1430 1832 ipsis
1445 1801 1609 1831 appensa;
1626 1793 1764 1830 propter
1777 1791 1867 1830 quod
1881 1791 2062 1830 episcopus
2075 1799 2135 1829 per
2152 1799 2252 1821 suum

1238 1846 1388 1885 sigillum
1413 1855 1478 1876 non
1506 1845 1545 1875 de
1567 1854 1628 1875 suo
1652 1853 1814 1883 processu
1840 1844 2040 1875 testificatur
2058 1844 2117 1874 sed
2138 1844 2251 1882 potius

1237 1900 1395 1935 aliorum,
1413 1902 1443 1930 et
1459 1900 1507 1930 sic
1521 1900 1595 1938 ipsa
1611 1901 1685 1929 acta
1697 1907 1763 1929 non
1780 1900 1859 1929 sunt
1873 1898 2053 1937 originalia
2064 1897 2252 1936 reputanda

1237 1954 1319 1992 quin
1336 1953 1440 1984 inuno
1468 1953 1508 1983 ab
1533 1951 1758 1991 originalibus
1775 1952 1912 1982 illorum
1932 1950 2056 1990 quibus
2070 1951 2251 1990 episcopus

1206 2021 1208 2031 ι
1237 2007 1345 2045 ipsam
1369 2005 1626 2045 inquisitionem
1644 2005 1872 2037 commiserat.
1892 2004 2099 2042 exemplata;
2123 2004 2155 2034 et
2175 2011 2251 2033 cum

1237 2059 1326 2089 idem
1345 2059 1525 2098 episcopus
1542 2060 1647 2089 testes
1666 2066 1732 2087 non
1750 2058 1912 2096 receperit
1932 2065 1991 2087 nec
2003 2056 2251 2087 examinaverit

1237 2114 1352 2142 contra
1374 2112 1542 2151 prefatum
1570 2111 1609 2142 G.
1637 2111 1830 2150 productos,
1864 2119 1966 2149 super
1992 2110 2052 2140 1100
2074 2109 2250 2140 testificari

1237 2174 1302 2196 non
1320 2165 1427 2204 potuit
1444 2165 1510 2194 nisi
1526 2167 1694 2203 quatenus
1712 2163 1772 2194 hoc
1791 2163 1908 2194 habuit
1927 2163 1968 2193 ab
1987 2162 2251 2202 inquisitoribus

1236 2218 1443 2249 memoratis.
1466 2218 1531 2248 Sed
1555 2219 1585 2248 et
1611 2218 1640 2247 si
1666 2217 1750 2248 actis
1766 2217 1853 2256 ipsis
1870 2216 1953 2247 stari
1976 2216 2112 2247 deberet
2131 2225 2191 2246 nec
2208 2216 2249 2247 de

1236 2272 1300 2302 tide
1327 2271 1550 2306 dubitaretur,
1572 2272 1686 2301 tamen
1716 2270 1869 2308 ipsorum
1893 2270 1922 2300 si
1943 2269 2124 2308 diligenter
2145 2270 2252 2299 atten-

1236 2326 1358 2356 dantur
1384 2324 1531 2363 qualitas
1559 2332 1780 2362 personarum
1798 2323 1939 2353 testium
1959 2322 2200 2361 productorum
2216 2323 2251 2352 et

1237 2378 1337 2414 dicta,
1358 2377 1442 2408 satis
1461 2386 1519 2416 per
1541 2377 1599 2406 1100
1627 2377 1799 2407 evidenter
1821 2383 1982 2414 apparere
2006 2377 2137 2414 poterat
2160 2375 2250 2414 quod

1237 2430 1330 2460 nulla
1343 2432 1458 2461 contra
1473 2430 1586 2468 ipsum
1601 2429 1751 2460 efficacia
1767 2431 1846 2459 sunt.
1858 2428 2011 2468 probata,
2031 2430 2169 2467 propter
2184 2436 2249 2467 que

1237 2484 1316 2514 ferri
1330 2485 1445 2514 contra
1461 2492 1538 2514 eum
1556 2482 1780 2521 depositionis
1801 2491 1861 2513 seu
1879 2481 2061 2512 amotionis
2081 2481 2250 2512 sententia

1236 2537 1421 2567 debuisset.
1440 2537 1492 2568 Ad
1510 2536 1581 2570 hec,
1601 2537 1635 2566 in
1659 2536 1789 2575 prefata
1812 2535 1998 2575 apostolica
2018 2535 2131 2565 littera
2153 2534 2250 2574 quus

1236 2590 1434 2621 auctoritate
1451 2590 1632 2629 episcopus
1653 2589 1694 2620 ad
1716 2588 1972 2628 inquisitionem
1990 2587 2156 2627 processit
2174 2595 2248 2627 pre-

1235 2644 1371 2680 dictam,
1381 2643 1491 2674 eidem
1504 2643 1660 2682 episcopo
1675 2642 1899 2673 mandabatur
1910 2645 1958 2677 ut,
1968 2644 2037 2672 tam
2049 2641 2249 2672 auctoritate

1237 2697 1421 2735 apostolica
1441 2704 1542 2736 quam
1559 2705 1632 2731 sua,
1657 2696 1699 2726 ad
1717 2695 1960 2726 correctionem
1978 2703 2119 2725 suorum
2135 2701 2250 2733 proce—

1235 2750 1328 2780 deret
1347 2749 1572 2780 subditorum.
1591 2749 1666 2779 Non
1684 2757 1762 2788 ergo
1778 2748 1840 2779 fuit
1859 2748 1988 2779 domini
2005 2756 2090 2787 pape
2106 2746 2249 2778 intentio

1236 2805 1271 2834 ut
1288 2803 1377 2833 idem
1402 2803 1581 2841 episcopus
1607 2801 1794 2840 apostolica
1812 2803 1943 2832 tantum
1960 2800 2158 2831 auctoritate
2176 2808 2249 2838 pro-

1236 2855 1379 2891 cederet,
1392 2864 1506 2886 verum
1521 2855 1622 2885 etiam
1634 2854 1815 2885 ordinaria.
1832 2854 1873 2885 Et
1889 2854 1950 2890 sic,
1961 2862 2037 2884 011111
2048 2855 2175 2892 posset,
2186 2860 2249 2883 sua

1236 2911 1349 2939 tamen
1368 2909 1567 2939 auctoritate
1594 2907 1714 2939 nolens
1733 2907 1925 2946 procedere,
1947 2906 2036 2946 quod
2055 2914 2122 2937 non
2137 2906 2248 2945 potuit
