2659 3242
183 281 245 311 242

205 471 279 500 1264

182 520 251 555 juin
268 519 304 549 21

212 962 224 976 n
294 963 304 976 ι

209 1344 221 1359 D
289 1344 301 1358 D

208 1638 220 1652 Δ
290 1637 302 1652 D

206 2125 218 2139 n
288 2125 299 2139 n

202 2513 214 2529 »
267 2500 308 2531 22

199 2853 211 2870 D
279 2854 291 2869 D

367 473 485 501 Orvieio

1025 278 1194 309 TABLES
1213 278 1271 308 DU
1291 276 1510 307 REGISTRE
1526 276 1736 307 D’URBAIN
1754 277 1797 306 lv

1113 372 1200 398 Pages.
1215 370 1350 392 Numeros.

1139 426 1202 447 tome
1224 424 1255 446 lll

592 472 748 507 Episcopo
783 473 814 498 et
849 471 989 506 capitulo
1029 472 1130 499 Lodo-
1148 466 1153 507 Ι
1169 466 1254 507 28οΙ
1274 470 1349 498 1786

549 521 699 547 vensibus
724 521 855 547 mandat
880 520 915 546 ut
940 519 1141 547 Guillelmum

538 570 585 596 -dc
610 570 731 601 Pereto,
756 569 901 595 clericum
926 568 1034 595 fratris
1057 569 1142 595 Ron-

545 618 647 645 cellini
666 619 704 644 de
725 619 793 650 Fos,
815 617 957 651 magistri
976 617 1141 644 domorum

546 667 678 693 Militiae
720 666 842 701 'lempli
885 666 916 692 in
960 666 1137 699 Provincia,

545 715 796 742 consideratione
830 715 971 748 ejusdcm
1007 714 1140 741 Roncel-

544 764 599 791 lini
627 766 659 791 et
687 765 821 790 obtentu
850 763 957 790 fratris
985 762 1138 794 Gaufridi,

545 813 718 839 marescalli
747 812 922 847 apostolici,
951 812 982 838 in
1011 811 1139 838 canoni-

545 869 615 889 cum
646 862 810 896 recipiant.

1137 913 1199 932 tome
1222 909 1251 932 ln

582 951 744 979 Bonisacio
769 952 806 977 de
828 950 1000 982 Coconato,
1014 948 1124 975 clerico
1143 944 1147 983 Ι
1164 945 1225 973 280
1247 946 1251 985 Ι
1271 948 1346 974 1787

542 1000 740 1032 verzellensi,
757 999 865 1034 nepoti
880 999 930 1031 U.‚
947 1004 960 1023 s
975 997 1139 1024 Eustachii

542 1049 665 1077 diaconi
695 1048 872 1080 cardinalis,
902 1046 1137 1079 canonicatum,

542 1098 753 1133 praebendam
774 1098 805 1123 et
825 1095 928 1122 omnia
948 1094 1136 1129 praestimo-

542 1147 592 1173 nia
611 1146 758 1172 vacantia
778 1152 832 1179 per
851 1145 984 1170 mortem
1002 1142 1135 1176 Alberti,

541 1195 682 1228 ejusdem
708 1193 876 1221 cardinalis
901 1191 1036 1226 nepotis,
1063 1198 1134 1218 con-

540 1244 611 1270 sert.

1135 1292 1197 1311 tome
1227 1291 1256 1312 lll

578 1331 751 1359 Martinum
773 1330 940 1362 JohanniS,
958 1329 1116 1356 archidia·
1137 1324 1141 1364 Ι
1158 1327 1219 1355 280
1239 1324 1243 1363 Ι
1265 1329 1341 1355 1788

540 1389 654 1409 conum
671 1381 709 1407 de
723 1379 1027 1413 Ceyaffiapellanum
1044 1385 1135 1412 apos-

542 1431 672 1457 tolieum
690 1430 721 1455 et
739 1427 1061 1455 cantoremecclesiae
1078 1429 1134 1454 Le-

541 1478 710 1514 gionensis,
733 1478 916 1512 praedictae
952 1475 1131 1503 collationis

542 1528 678 1563 deputat
718 1528 913 1553 executores.

1131 1585 1195 1606 tome
1217 1585 1246 1606 lll

583 1627 742 1661 Episcopo
754 1624 907 1651 Gurcensi
921 1623 1054 1649 mandat
1068 1624 1114 1655 ut,
1134 1617 1139 1657 Ι
1156 1621 1217 1649 282
1239 1618 1242 1657 Ι
1265 1623 1342 1650 1799

541 1676 666 1702 cassata
689 1674 870 1709 provisione
892 1673 931 1699 de
953 1671 1083 1698 ecclesia
1106 1671 1138 1698 in

550 1726 711 1756 Petauwe,
722 1721 977 1756 salzeburgensis
986 1720 1131 1755 diocesis,

541 1774 580 1801 ab
599 1773 746 1808 episcopo
755 1769 994 1803 salzeburgensi
1007 1776 1133 1796 excom-

541 1823 704 1849 municato
719 1820 876 1852 Conrado,
898 1818 1014 1844 rectori
1033 1818 1129 1845 eccle-

540 1872 604 1898 siae
611 1872 649 1898 de
658 1867 885 1897 Walcherstorf
893 1867 988 1902 facta,
999 1867 1132 1893 eandem

541 1919 704 1946 ecclesiam
749 1917 890 1945 ,Iohanni
930 1916 1128 1951 presbytero,

539 1968 653 1995 rectori
674 1967 824 1993 ecclesiae
844 1973 867 1991 s.
890 1964 977 1992 Petri
989 1964 1021 1990 in
1040 1963 1131 1990 Bich-

540 2016 685 2049 zolfdori',
711 2014 855 2042 conferat

1128 2072 1191 2093 tome
1214 2072 1242 2094 ΙΙΙ

574 2109 1113 2140 Areliidiaeono(laincraeineccle-
1133 2104 1137 2143 Ι
1154 2108 1214 2135 283
1238 2108 1242 2148 Ι
1262 2110 1337 2137 1804

539 2162 584 2189 sia
609 2160 844 2195 Pampiloncnsi
868 2159 1001 2185 mandat
1019 2159 1053 2184 ut
1073 2159 1128 2184 Pe-

541 2212 623 2238 trum
664 2209 814 2241 lfixiinini,
854 2207 975 2233 nullum
1026 2206 1130 2232 adhuc

539 2258 728 2286 beneficium
750 2256 941 2288 assecutum,
962 2255 994 2281 in
1013 2253 1143 2281 ecclesia

538 2306 745 2341 Albaydcnsi,
757 2304 1005 2337 calaguritanae
1027 2303 1130 2330 dioce-

537 2356 588 2389 sis,
610 2356 642 2382 in
671 2354 859 2382 canonicum
897 2352 993 2387 recipi
1025 2351 1124 2379 faciat

537 2413 609 2432 cum
632 2404 826 2439 praebenda.

1123 2461 1186 2483 tome
1209 2460 1238 2483 lll

575 2502 769 2537 Episcopoet
783 2500 923 2535 capitulo
935 2498 1111 2525 Conchensi
1130 2493 1134 2533 Ι
1155 2497 1215 2525 283
1235 2493 1241 2533 Ι
1263 2499 1339 2526 1809

537 2552 670 2578 mandat
709 2552 743 2577 ut
774 2548 966 2576 Rodericum
982 2547 1124 2580 Garsiae,

533 2599 763 2635 portionarium
772 2603 778 2623 ι
786 2597 962 2625 :oncliensis
970 2596 1128 2631 ecclesiae,

533 2649 583 2676 cui
606 2655 661 2683 per
671 2647 785 2682 viginti
809 2653 908 2674 annos
931 2647 959 2671 et
986 2644 1122 2679 amplius

532 2697 675 2730 servivit,
694 2697 725 2723 in
745 2695 932 2723 canonicum
951 2701 1023 2721 cum
1037 2700 1126 2728 prae-

533 2747 636 2773 benda
669 2745 835 2780 recipiant.

1123 2802 1186 2823 tome
1209 2801 1237 2824 111

567 2843 685 2870 Abbati
708 2841 891 2869 monasterii
914 2848 936 2867 s.
965 2839 1051 2866 Petri
1077 2839 1108 2866 in
1130 2838 1208 2878 1284
1233 2837 1238 2878 Ι
1258 2840 1333 2866 1810

525 2892 660 2925 Colorio,
669 2892 830 2926 Papiensis
842 2890 983 2922 diocesiS,
992 2889 1123 2916 mandat

528 2943 564 2968 ut
581 2941 721 2974 Bellono,
740 2940 825 2968 dicto
845 2938 1044 2972 coculos-sico,
1063 2938 1122 2965 cle-

1426 941 1503 972 1264
1559 946 1687 973 Orvieto.

1402 992 1471 1027 juin
1492 991 1533 1020 22

2337 370 2424 396 Paga.
2438 369 2579 392 Numano«

1766 425 1829 453 rico
1871 426 2017 453 ecclesiae
2055 425 2274 459 Madociensis,
2301 425 2367 453 Me-

1768 475 1958 502 diolanensis
1980 475 2124 507 diocesis,
2147 475 2239 502 claris
2261 474 2365 502 atavis

1769 524 1864 557 edito,
1888 524 1943 559 qui
1967 524 2020 550 diu
2046 524 2077 550 in
2101 525 2210 550 eadem
2235 523 2363 551 ecclesia

1768 572 1898 599 servivit
1919 574 1950 599 et
1970 572 2001 599 in
2021 580 2084 608 qua
2104 573 2225 599 nullum
2245 571 2364 599 beneti-

1767 622 1850 648 cium
1875 623 2038 648 assecutus
2055 623 2112 654 est,
2129 621 2187 647 nisi
2201 621 2363 656 quoddam

1767 672 1861 697 tenue
1889 678 1924 697 ac
1952 670 2031 696 exile
2059 670 2176 696 valoris
2204 670 2300 696 trium
2326 669 2362 696 li-

1766 719 1891 746 brarum
1931 726 2101 754 parvorum
2152 718 2364 745 Mediolanen-

1765 769 1856 801 sium,
1877 768 1915 794 de
1934 768 2039 802 aliqua
2061 768 2180 802 capella
2200 767 2248 793 vel
2269 767 2376 802 aliquo

1764 816 1917 843 beneficio
1933 816 2146 843 ecclesiastico
2162 817 2201 843 ad
2217 816 2360 842 eamdem

1754 866 1915 893 ecclesiam
1922 865 2156 900 spectantibus,
2164 864 2341 899 provideat.

1790 946 1981 978 Borchardo,
2041 945 2150 972 comiti
2197 916 2474 985 Vindoeisf’ssesaffi
2492 946 2566 974 1811

1761 995 1849 1021 nensi
1892 994 2122 1027 crucesignam,
2155 995 2359 1022 carnotensis

1764 1044 1905 1076 diocesis,
1930 1043 2073 1075 indulget
2097 1044 2142 1075 ut,
2167 1043 2242 1069 dum
2270 1043 2361 1071 insti—

1763 1093 1838 1119 terit
1879 1096 1894 1120 ’1
1906 1099 1992 1118 errae
2035 1092 2170 1118 Sanctae
2205 1092 2357 1126 subsidio,

1763 1142 1866 1168 nullus
1888 1142 2012 1175 legatus
2035 1148 2088 1167 seu
2112 1141 2275 1173 delegatus
2299 1143 2356 1168 aut

1762 1192 1911 1216 executor
1938 1191 2037 1216 terras
2064 1189 2162 1223 ipsius
2189 1189 2360 1217 interdicto

1762 1246 1937 1273 supponere
1976 1238 2188 1265 ecclesiastico
2229 1238 2360 1265 minime

1761 1288 1877 1314 valeat.

2356 1339 2420 1360 tome
2442 1337 2473 1361 111

1801 1375 1957 1409 Episcopo
1985 1375 2215 1401 Cenomanensi
2255 1382 2343 1401 man·
2364 1373 2444 1414 1284
2466 1372 2570 1415 11815

1760 1424 1816 1451 dat
1833 1430 1872 1450 ne
1888 1423 2057 1457 permittat
2075 1423 2224 1449 comitem
2242 1423 2360 1450 Vindo-

1760 1473 1928 1505 cinensem‚
1956 1472 2031 1499 dum
2071 1475 2185 1500 Terrae
2225 1472 2360 1499 Sanctae

1761 1521 1900 1548 subsidio
1919 1520 2080 1553 institerit,
2100 1519 2232 1555 ejusque
2250 1520 2282 1546 in
2300 1518 2359 1548 h'oc

1760 1570 1885 1603 negotio
1904 1569 2036 1596 comites
2055 1569 2094 1595 ab
2114 1569 2273 1604 aliquibus
2292 1575 2359 1596 mo-

1760 1618 1877 1645 lestari.

2354 1665 2419 1686 tome
2439 1663 2472 1687 ln

1801 1702 2085 1737 Priorietcapitulo
2094 1701 2344 1729 seculariseccle-
2365 1700 2444 1741 1284
2466 1700 2472 1742 Ι
2490 1702 2569 1731 1816

1761 1751 1824 1778 siae
1845 1758 1868 1777 s.
1887 1751 1980 1778 Cirici
2008 1750 2250 1783 Exoldunensis‚
2270 1751 2361 1778 Bitu·

1759 1801 1887 1827 ricenS1s
1896 1800 2037 1833 diocesis,
2045 1800 2187 1833 indulget
2197 1801 2231 1826 ut
2240 1800 2361 1827 Johan-

1760 1857 1831 1876 nem
1848 1850 1886 1876 de
1904 1849 2018 1877 Uriaco
2037 1849 2196 1881 clericum,
2215 1849 2253 1875 de
2269 1848 2360 1875 nobi-

1758 1899 1841 1925 libus
1866 1900 1981 1930 ortum‚
2009 1898 2039 1924 in
2070 1897 2256 1924 canonicum
2287 1904 2359 1924 cum

1758 1947 1937 1981 praebenda
1954 1946 2091 1980 recipere
2106 1946 2245 1972 valcant.

2357 1997 2420 2018 tome
2448 1996 2480 2019 ln

1797 2035 2079 2069 Archipresbylero
2123 2036 2151 2060 et
2203 2033 2343 2068 capitulo
2364 2031 2444 2073 1286
2465 2033 2471 2074 Ι
2489 2032 2567 2063 1824

1756 2084 1903 2110 ecclesiae
1935 2083 2123 2110 Veronensis
2157 2083 2289 2110 mandat
2322 2083 2359 2110 ut

1756 2133 1943 2164 Guidonem,
1959 2134 2070 2158 nalum
2085 2131 2246 2166 quondam
2261 2132 2358 2158 Jaco-

1757 2181 1822 2207 bini
1833 2181 1871 2207 de
1895 2181 2084 2211 Lonordino,
2096 2180 2243 2206 clericum
2256 2179 2356 2207 eccle-

1757 2230 1820 2256 siae
1836 2236 1859 2255 s.
1879 2230 2019 2256 'llioniac
2039 2228 2236 2262 VeronensiS‚
2253 2228 2356 2255 consi-

1757 2278 1919 2305 deratione
1944 2277 2082 2312 episcopi
2113 2276 2299 2310 Prenestini,
2323 2276 2356 2304 in

1757 2326 1943 2353 canonicum
1968 2333 2039 2353 cum
2075 2326 2254 2360 praebenda
2279 2325 2356 2352 reci-

1756 2375 1856 2410 piant.

2349 2413 2415 2434 tone
2434 2411 2466 2435 m

1756 2455 1913 2490 Episcopo
1959 2453 2155 2481 Bononiensi
2202 2454 2335 2481 mandat
2356 2450 2437 2492 1286
2458 2451 2562 2494 {1825

1755 2504 1923 2538 compellat
1967 2503 2143 2538 capitulum
2203 2502 2352 2530 ecclesiae

1753 2552 1941 2580 Veronensis
1969 2553 2004 2578 ut
2029 2551 2191 2584 carulum,
2219 2551 2351 2578 canoni-

1753 2609 1826 2629 cum
1841 2600 2095 2635 Strigoniensein,
2112 2600 2143 2627 in
2158 2600 2346 2627 canonicum

1754 2650 1917 2685 recipiant.

2345 2701 2409 2722 tome
2430 2699 2462 2723 ΙΙΙ

1791 2737 2196 2766 Abbatissaeetconventui
2208 2743 2334 2764 monas·
2353 2735 2435 2776 1287
2456 2734 2463 2776 Ι
2480 2736 2559 2765 1833

1752 2788 1822 2815 terii
1852 2794 1875 2814 s.
1906 2787 2025 2814 Mariae
2055 2787 2095 2814 de
2122 2786 2347 2821 cereo-Plano,

1749 2838 1841 2872 Juxta
1863 2836 2027 2864 civitatem
2042 2836 2288 2867 Massanensem,
2299 2841 2348 2861 οι·-

1750 2885 1831 2913 dinis
1851 2892 1873 2912 S.
1893 2885 2013 2918 Clarae,
2035 2885 2075 2911 ad
2094 2890 2175 2919 quas
2193 2882 2344 2910 nonnulla

1749 2935 1788 2962 de
1820 2933 1910 2961 bonis
1941 2934 2103 2969 quondam
2138 2931 2347 2965 Dulcebenae,
