2519 3262
240 153 298 183 384

240 235 438 266 tradictores
474 238 535 267 etc.
571 237 610 267 Et
636 237 713 266 licet
749 237 932 275 capitulum
968 238 1077 276 ipsius
1108 238 1247 269 ecclesie

241 289 347 319 sancti
377 289 541 319 ,Iohannis
571 292 743 319 vacantem
782 290 1003 328 capellaniam
1035 292 1175 321 ecclesie
1207 292 1246 322 de

240 340 404 378 Chiriaco,
425 342 572 381 ejusdem
591 342 749 379 diocesis,
762 351 821 381 per
837 345 978 373 mortem
990 343 1094 378 Petri,
1107 344 1246 374 ecclesie

239 393 278 423 de
298 393 451 424 Chiriaco
468 395 645 433 capellani,
664 395 705 425 ad
725 404 839 425 eorum
860 395 1073 427 collationem
1096 399 1243 435 spectan-

238 448 317 482 tem,
327 447 475 477 Gerardo
488 447 526 477 de
537 447 759 484 Chandardia,
771 448 904 485 clerico,
919 449 1076 480 canonice
1087 450 1244 480 contulis-

239 501 515 538 sent,antequam
538 509 597 539 per
620 501 846 538 collationem,
871 501 1118 537 inhibitionem,
1140 512 1245 533 reser-

236 552 405 582 vationem
424 554 479 583 aut
495 553 664 584 decretum
683 563 742 584 seu
765 554 831 584 alio
855 555 953 585 modo
968 555 1057 586 dicto
1075 556 1243 592 Oudardo‚

236 606 434 636 auctoritate
453 606 642 637 litterarum
662 607 866 645 hujusmodi,
895 608 1016 639 fuisset
1044 609 1076 638 in
1100 609 1173 648 ipsa
1194 619 1245 640 ca-

236 659 383 697 pellania
396 658 452 698 jus
466 659 602 698 aliquod
619 660 833 699 acquisitum,
848 662 960 692 tamen
972 663 1132 702 magister
1146 663 1243 702 Hugo

236 711 275 741 de
293 711 446 746 Larvias,
469 712 623 747 clericus,
643 713 694 743 cui
721 713 831 744 dictus
848 715 1043 753 prepositus
1066 724 1168 754 super
1184 715 1243 746 hoc
1275 730 1277 750 ς

235 765 469 795 commisserat
495 765 642 796 totaliter
666 766 756 796 vices
785 776 876 803 suaS,
900 767 986 798 falso
1011 777 1167 799 asserens
1193 778 1242 799 ca·

184 849 187 851 ,
234 817 418 856 pellaniam
445 818 631 856 predictam
658 819 697 849 de
720 819 874 850 Chiriaco
898 822 977 851 tunc
1002 830 1131 858 vacare,
1155 822 1243 853 dicto

236 871 392 902 Oudardo
408 871 447 902 de
465 872 651 910 capellania
671 872 757 911 ipsa,
777 873 943 904 dictarum
962 874 1150 905 litterarum
1168 884 1241 906 auc-

235 924 382 960 toritate,
402 925 442 954 de
461 924 547 955 facto
566 925 725 963 providit,
756 934 792 956 ac
811 927 919 957 eidem
944 927 1092 959 Roberto
1109 929 1242 959 manda-

233 977 325 1007 davit
352 978 387 1007 ut
426 977 569 1008 cundem
594 978 791 1009 Oudardum
820 980 854 1010 in
889 981 1101 1019 capellanum
1133 982 1243 1021 ipsius

234 1030 376 1061 ecclesie
401 1031 441 1062 de
469 1031 623 1062 Chiriaco
651 1033 800 1071 recipere
830 1035 1038 1072 procuraret.
1068 1035 1119 1065 Ex
1147 1036 1242 1074 parte

233 1090 312 1113 vero
338 1083 447 1122 ipsius
475 1085 626 1115 canonici
655 1085 720 1116 fuit
743 1095 855 1117 coram
875 1087 991 1118 eodem
1017 1088 1181 1127 magistro
1197 1089 1240 1119 H.

234 1136 433 1175 excipiendo
451 1138 662 1177 propositum
684 1139 783 1178 quod,
805 1148 880 1170 cum
902 1141 1019 1171 eadem
1041 1141 1240 1180 capellania,

233 1191 333 1228 prout
349 1191 505 1229 superius
522 1192 572 1221 est
590 1200 800 1230 expressum,
815 1193 903 1223 dicto
917 1193 1066 1224 Gerardo
1083 1195 1241 1225 canonice

233 1242 355 1272 collata
370 1241 502 1277 fuisset,
525 1243 582 1282 qui
600 1244 795 1283 possidebat
815 1246 966 1281 eandem,
986 1246 1098 1285 ipsum
1114 1247 1240 1279 Oudar-

233 1295 312 1325 dum
341 1295 382 1325 ad
404 1296 625 1334 capellaniam
648 1298 800 1328 eamdem
820 1299 970 1337 recipere
992 1300 1131 1331 minime
1152 1302 1242 1332 tene-

232 1347 350 1382 batur3
365 1350 396 1378 et
406 1349 484 1388 quia
494 1349 603 1379 dictus
618 1351 779 1389 magister
796 1352 1028 1391 exceptionem
1045 1353 1239 1392 hujusmodi

233 1401 410 1432 admittere
429 1404 541 1433 contra
555 1403 724 1441 justitiam
738 1404 926 1444 denegavit,
946 1405 1018 1444 ipse
1033 1407 1185 1437 sentiens
1198 1416 1238 1437 ex

230 1453 292 1483 hoc
310 1453 458 1485 indebite
478 1463 512 1485 se
529 1456 673 1494 gravari,
688 1457 727 1487 ad
745 1459 895 1488 nostram
915 1458 1011 1489 duxit
1032 1460 1237 1490 audientiam

231 1506 481 1545 appellandum.
510 1509 553 1538 At
572 1509 660 1539 idem
684 1510 856 1549 magister,
880 1510 1074 1550 hujusmodi
1092 1513 1239 1551 appella-

230 1559 321 1590 tione
348 1562 551 1599 conteinpta,
570 1562 603 1592 in
627 1571 702 1592 eum
723 1565 1084 1595 excommunicationis
1105 1568 1238 1597 senten-

230 1613 311 1643 tiam
326 1613 561 1653 promulgavit.
581 1615 743 1650 Quocirca
762 1617 958 1648 discretioni
975 1620 1085 1649 vestre
1103 1621 1237 1650 manda-

230 1674 305 1695 mus
323 1667 493 1704 quatinus,
512 1669 639 1698 vocatis
658 1669 713 1708 qui
731 1669 855 1701 suerint
874 1672 1046 1708 evocandi,
1064 1674 1095 1703 et
1113 1674 1238 1703 auditis

230 1718 307 1749 hinc
326 1719 402 1750 inde
420 1721 618 1759 propositis,
638 1723 725 1761 quod
743 1724 941 1754 canonicum
959 1724 1072 1761 fuerit,
1089 1727 1237 1765 appella-

228 1771 319 1802 tione
346 1773 546 1811 postposita,
570 1774 770 1811 decernatis,
802 1777 961 1807 facientes
978 1778 1066 1816 quod
1086 1778 1239 1809 decreve-

230 1824 304 1854 ritis
324 1833 383 1863 per
403 1834 580 1857 censuram
602 1828 865 1859 ecclesiasticam
887 1830 1030 1861 firmiter
1051 1831 1235 1862 observari.

229 1878 347 1908 Testes
371 1881 479 1909 autem
508 1881 568 1910 etc.
589 1890 695 1920 usque
717 1882 904 1920 peiliibere.
921 1884 1045 1914 Datum
1064 1885 1151 1924 apud
1176 1886 1237 1916 Ur-

229 1930 466 1966 bemveterem,
484 1942 517 1962 111
536 1933 612 1963 idus
625 1934 725 1972 junii,
746 1944 831 1966 anno
847 1937 1003 1967 secundo.
1022 1947 1037 1966 ›>

319 2104 412 2135 2321
723 2105 845 2137 Oiw'ieto,
870 2106 901 2134 13
916 2107 1067 2134 decembre
1084 2108 1162 2135 1203.

264 2185 518 2222 Archipresbytero
539 2190 565 2214 et
582 2188 706 2222 capitulo
725 2189 862 2217 ccclesiae
881 2199 902 2217 s.
922 2191 1027 2219 Mariae
1043 2192 1187 2219 ltotundae
1203 2194 1236 2220 de

229 2233 300 2261 Urbe
318 2235 443 2270 indulget
466 2238 495 2263 ut
523 2236 653 2269 Paulum,
676 2238 812 2265 clericum
836 2239 972 2267 ccclesiae
999 2249 1021 2267 s.
1041 2241 1183 2269 Vincentii
1201 2244 1235 2269 dc

227 2282 312 2314 Urbe,
328 2283 355 2309 in
371 2284 541 2311 canonicum
558 2286 685 2320 recipere
713 2287 823 2314 valeant
843 2288 924 2323 cique
944 2290 978 2316 de
996 2290 1124 2324 portione
1143 2291 1235 2325 prori-

226 2331 302 2358 dere,
321 2332 400 2366 (iim.
416 2334 460 2364 ⁴29,
479 2333 603 2366 r0].:257,
623 2340 653 2361 n⁰
672 2335 761 2365 1370.)

268 2449 282 2468 <t
302 2440 567 2479 .›tt·cl1ip7·esbitero
588 2446 615 2471 cc
637 2442 774 2482 capitulo
799 2443 920 2474 ecclesie
935 2454 958 2474 s.
977 2444 1074 2475 Mar-ie
1097 2445 1236 2476 Rotunde

226 2491 261 2522 de
281 2491 372 2523 Urbe.
391 2493 492 2530 Olim,
507 2494 594 2525 sicut
612 2495 763 2526 exhibita
776 2514 825 2526 —.
843 2497 968 2528 Datum
987 2499 1074 2537 apud
1094 2499 1235 2531 Urbem-

226 2547 390 2584 veterem,
410 2547 486 2578 idus
503 2548 701 2584 decembris,
722 2559 808 2581 anno
831 2552 941 2582 tertio.
960 2563 974 2579 »

315 2710 411 2741 2322
716 2713 840 2747 Orvicto,
866 2715 896 2742 19
912 2715 1063 2742 decembre
1084 2717 1160 2744 1263.

260 2792 398 2828 Episcopo
406 2796 432 2821 et
442 2795 567 2829 capitulo
577 2795 735 2824 Caiaciauis
744 2798 860 2825 maudut
874 2802 902 2826 ut
914 2800 1069 2829 Andream.
1082 2801 1230 2833 clericum,

225 2843 322 2868 uatum
350 2842 454 2877 judicis
474 2845 603 2872 Andreae
630 2845 707 2872 Paldi
736 2846 769 2873 dc
795 2847 919 2881 Caiacia,
950 2849 1069 2877 obtentu
1098 2850 1230 2885 magistri

995 155 1238 185 ltlfjtils'rtzES
1266 155 1478 186 D'URBAIN
1509 156 1565 186 IV.

1279 250 1281 252 ·
1305 239 1441 266 Johannis
1457 240 1492 266 de
1507 241 1613 274 Capua,
1630 240 1734 268 notarii
1749 241 1910 275 apostolici,
1927 242 1955 269 in
1971 243 2107 270 clericum
2125 243 2203 270 chori
2215 252 2314 271 eorum

1305 288 1443 315 ecclesiae
1457 288 1606 323 recipiant.
1626 290 1705 321 <Ram
1722 290 1765 324 29,
1783 290 1832 317 sol.
1853 291 1905 318 257
1922 297 1958 323 v0,
1978 296 2011 318 n⁰
2026 291 2117 323 1371.)

1345 410 1359 429 (ι
1388 400 1558 430 Venerabili
1586 401 1683 440 fratri
1705 401 1843 441 episcopo
1871 408 1898 431 et
1926 401 2046 432 dilectis
2074 402 2150 442 filiis
2178 404 2313 443 capitulo

1277 475 1278 488 ἶ
1307 452 1491 483 Caiacianis.
1525 454 1757 493 Apostolicam
1785 455 1927 494 gratiam
1951 455 2095 486 dilectus
2118 474 2166 486 —.
2189 456 2313 487 Datum

1304 507 1393 546 apud
1422 506 1711 544 Urbemveterem,
1744 517 1820 538 xiiii
1854 508 2018 538 kalendas
2041 509 2201 547 januarii,
2228 517 2314 539 anno

1303 560 1414 590 tertio.
1434 570 1448 589 n

1394 737 1490 767 2323
1797 736 1923 770 Orvieto‚
1944 737 1977 764 18
1991 738 2142 764 decembre
2165 738 2241 765 1203.

1342 818 1479 853 Magistro
1496 819 1648 846 Lainbcrto
1660 820 1694 846 de
1706 819 1835 852 ibisne&
1845 820 2018 848 subdiacono
2031 823 2058 848 ct
2072 821 2220 856 capellano
2233 829 2315 856 apos-

1302 866 1404 899 tolico,
1421 868 1560 895 canonico
1572 868 1753 900 Yirdunensh
1767 869 1892 904 indulget
1908 873 1947 901 nt,
1965 870 1992 896 in
2005 870 2125 897 ecclesia
2143 870 2314 898 Yirdunensi

1302 916 1429 951 primam
1461 917 1647 944 residentiam
1667 918 1856 946 inchoandam
1875 927 1891 946 a
1918 919 1990 946 sesto
2007 928 2030 946 s.
2049 919 2187 947 Johannis
2208 920 2314 955 Baptis-

1302 969 1348 993 tae
1367 966 1499 1001 proximo
1523 966 1630 1000 futuro,
1649 967 1791 999 faciendo,
1816 967 1925 995 fructus
1948 969 2126 1003 praebendae
2149 969 2314 1002 furnensis,

1303 1023 1360 1042 non
1395 1015 1528 1043 obstante
1559 1016 1700 1046 absentia,
1732 1024 1797 1043 cum
1831 1016 1997 1051 integritate
2031 1017 2176 1052 percipere
2208 1018 2312 1045 valeat.

1302 1064 1377 1098 (Rae.
1392 1065 1438 1099 29,
1457 1064 1506 1091 sol.
1525 1066 1576 1092 257
1589 1070 1627 1096 νο,
1644 1069 1676 1091 n⁰
1694 1065 1783 1097 1372.)

1343 1188 1357 1203 «
1378 1176 1526 1217 Mayislro
1544 1176 1702 1206 Lamberto
1717 1176 1753 1206 (Ic
1775 1177 1898 1206 Thisnes
1912 1178 2001 1215 (sic),
2018 1177 2200 1207 subdiacono
2219 1183 2246 1207 el
2265 1188 2313 1208 ca·

1296 1229 1421 1269 pellano
1437 1234 1552 1266 nostro,
1573 1231 1717 1259 canonico
1741 1230 1935 1260 virdunensi.
1953 1231 2153 1262 Laudabilia
2166 1234 2222 1262 tue
2235 1240 2311 1271 pro-

1303 1282 1423 1314 bitatis
1447 1301 1496 1312 —-.
1518 1284 1643 1314 Datum
1664 1284 1751 1322 apud
1769 1283 2058 1320 Urbemveterem,
2083 1293 2127 1314 xv
2147 1285 2311 1316 kalendas

1298 1336 1458 1375 januarii,
1475 1345 1560 1367 anno
1576 1337 1686 1367 tertio.
1707 1347 1722 1365 »

1388 1509 1482 1541 2324
1802 1508 1927 1543 Officio,
1945 1509 1976 1537 18
1990 1509 2142 1536 decembre
2160 1509 2237 1538 1203.

1336 1592 1437 1620 Abbati
1463 1592 1615 1626 Andrensi,
1641 1592 1748 1620 ordinis
1766 1601 1788 1620 s.
1806 1593 1962 1626 Benedicti,
1985 1593 2155 1620 Morincnsis
2173 1593 2310 1626 diocesis,

1299 1642 1418 1669 mandat
1435 1645 1463 1669 ut
1492 1643 1599 1669 fructus
1618 1643 1795 1677 praebendae
1815 1643 1981 1675 Furnensis,
2002 1643 2143 1677 magistro
2158 1643 2310 1670 Lamberto

1297 1690 1331 1716 dc
1356 1690 1475 1718 Ghisnes
1500 1692 1562 1723 (sic)
1589 1699 1655 1718 cum
1678 1691 1844 1726 integritate
1865 1691 1950 1719 saciat
1974 1691 2145 1719 ministrari.
2164 1691 2243 1727 (Bao.
2264 1692 2308 1722 29,

1294 1738 1346 1779 psol.
1364 1740 1416 1767 257
1434 1745 1470 1771 v0,
1486 1745 1516 1766 n‘¹
1535 1740 1626 1775 1373.)

1339 1860 1353 1879 (ι
1376 1849 1489 1880 Abbati
1506 1849 1671 1886 ,indi-ensi,
1689 1850 1806 1880 ordinis
1820 1861 1843 1880 s.
1862 1850 2032 1886 Benedicti,
2050 1850 2231 1880 Morinensis
2246 1850 2310 1880 dio-

1298 1903 1382 1932 cesis.
1399 1903 1597 1933 Laud-abilin
1611 1904 1725 1934 dilecti
1743 1904 1804 1934 filii
1819 1922 1868 1933 -.
1886 1905 2010 1934 Datum
2029 1903 2117 1942 apud
2126 1903 2308 1934 Urbemve-

1297 1958 1414 1992 terem,
1431 1965 1474 1985 xv
1490 1956 1654 1986 kalendas
1670 1957 1830 1995 januarii,
1847 1965 1934 1987 anno
1952 1957 2061 1987 tertio.
2081 1968 2096 1984 η

1787 2129 1916 2163 Orvieto,
1938 2130 1967 2156 19
1985 2131 2136 2157 decembre
2157 2132 2232 2159 1263.

1387 2131 1484 2161 2325

1330 2213 1449 2240 Ofticiuli
1479 2214 1681 2240 tlaineraceusi
1709 2216 1735 2240 ct
1763 2214 1902 2248 magistro
1927 2214 2011 2241 l‘etro
2035 2214 2146 2249 Angeli,
2171 2215 2307 2242 canonico

1295 2262 1434 2289 ccclesiae
1454 2271 1477 2289 s.
1500 2262 1639 2293 Quiutini,
1661 2262 1861 2289 Noviomcusis
1882 2262 2016 2293 diocesis,
2034 2264 2150 2291 mandat
2169 2267 2196 2291 ut
2213 2266 2306 2299 Ange·

1296 2312 1365 2343 lum,
1384 2314 1484 2338 natum
1497 2311 1639 2338 Ubizionis
1656 2311 1689 2338 dc
1708 2311 1877 2346 Columpua,
1895 2315 2029 2347 nepotem
2051 2313 2184 2348 magistri
2206 2313 2306 2348 Augeli

1294 2360 1327 2387 de
1357 2360 1441 2393 Urbe,
1465 2360 1639 2387 canonicum
1667 2360 1806 2388 ccclesiae
1835 2361 2019 2396 Nigellensis,
2038 2362 2066 2388 in
2093 2362 2306 2397 possessiouem

1294 2409 1473 2443 praebendae
1499 2409 1529 2435 in
1547 2410 1646 2436 cadem
1664 2410 1784 2436 ccclesia
1809 2409 1935 2437 mittant.
1960 2411 2041 2443 (Rae.
2061 2411 2105 2441 29,
2127 2410 2178 2438 rol.
2196 2412 2248 2439 257
2265 2415 2306 2443 v0,

1295 2463 1324 2484 n⁶
1342 2458 1433 2492 1374.)

1334 2578 1349 2597 ((
1372 2567 1510 2607 Officiuli
1531 2567 1743 2598 Carum-acensi
1759 2573 1785 2597 (Ἰ
1802 2569 1945 2608 mayistro
1964 2568 2054 2598 Petro
2070 2568 2194 2608 Anyest,
2214 2578 2304 2598 cano-

1293 2620 1486 2650 nicoecclesie
1495 2621 1750 2658 sanctiOuintini,
1764 2621 1973 2652 Noviomensi‘s
1984 2621 2122 2652 diocesis.
2138 2621 2304 2661 Exposuit

1293 2673 1390 2704 nobis
1409 2674 1553 2705 dilectus
1578 2692 1626 2703 -.
1648 2675 1773 2705 Datum
1798 2675 1884 2714 apud
1913 2674 2203 2709 Urbemveterem,
2229 2683 2299 2704 xm!

1292 2726 1455 2758 kalendas
1467 2727 1629 2766 januarii,
1649 2736 1736 2758 anuo
1755 2728 1865 2758 tertio.
1888 2739 1902 2753 »
