2519 3262
1033 196 1270 235 TROISIEME
1296 196 1458 234 ANNEE.

302 287 397 318 1779

806 286 929 319 Orvieto,
950 287 980 313 24
991 286 1053 322 juin
1071 287 1149 313 1264.

242 370 324 396 Petro
344 370 521 405 presbytero,
538 370 641 398 rectori
666 370 803 397 ecclesiae
831 371 865 397 de
893 371 1063 401 Briancono,
1093 371 1220 397 Ebredu-

208 419 304 445 nensis
323 419 456 453 diocesis,
475 419 593 446 obtentu
610 420 654 450 11.‚
668 419 806 446 Ostiensis
822 422 850 446 et
876 418 1060 445 Velletrensis
1081 418 1220 453 episcopi,

207 468 287 503 eujus
312 468 474 503 capellanus
502 468 611 499 existit,
640 468 803 495 sacristiam
825 468 853 494 in
875 467 1067 494 Ebredunensi
1096 467 1221 495 ecclesia

209 524 257 550 per
271 520 395 544 mortem
412 518 556 552 quondam
573 517 698 552 Hugonis
714 517 747 544 dc
763 516 899 544 Marcult'o
915 518 1075 543 vacantem,
1090 524 1155 543 cum
1171 525 1220 543 ca-

208 566 294 592 nonia
309 565 437 602 ejusdem
460 566 608 597 ecclesiae,
626 574 683 593 non
702 566 832 593 obstante
852 565 926 599 quod
954 567 1047 592 rector
1063 566 1096 591 de
1119 565 1221 592 Brian-

207 622 278 646 cono
294 614 401 645 existit,
414 615 534 643 confert.
548 615 626 649 (Bao.
643 615 688 646 29,
708 614 756 641 t'ol.
778 614 839 647 182,
860 619 889 640 11·
903 614 980 645 829.)

250 734 264 753 1(
284 724 374 754 Petro
390 724 568 764 presbitero,
581 723 692 753 rectori
708 722 828 752 ecclesie
847 721 882 752 dc
905 722 1090 759 Ιίνίαηςοηο,
1120 721 1221 752 Ebre-

209 777 350 806 dunensis
375 776 509 806 diocesis.
537 776 682 806 Obtentu
710 774 916 806 venerabilis
937 775 1056 805 fratris
1082 793 1130 805 —.
1159 776 1223 806 Da-

209 831 279 860 tum
300 830 387 868 apud
412 829 699 864 Urbemveterem,
724 838 807 859 xviii
832 828 994 858 kalendas
1018 828 1108 867 julii,
1134 837 1222 859 anno

209 883 320 913 tertio.
339 895 353 910 »

304 1068 398 1099 1780

799 1065 924 1097 Orvieto,
944 1066 974 1092 14
986 1065 1049 1101 juin
1068 1066 1144 1093 1264.

244 1150 382 1186 Episcopo
395 1150 657 1186 Gratianopolitano
680 1151 797 1178 mandat
817 1153 846 1178 ut
863 1150 977 1178 Petrum
994 1150 1174 1186 praedictum
1193 1150 1222 1178 in

207 1200 356 1227 sacristiae
379 1202 407 1227 et
424 1200 560 1227 canoniae
579 1199 825 1227 Ebreduncnsium
852 1200 1063 1235 possessionem
1091 1199 1222 1228 inducat.

209 1249 289 1285 (Rae.
305 1250 349 1282 29,
366 1249 414 1277 fol.
435 1250 496 1283 182,
513 1255 543 1276 n⁰
560 1249 637 1284 830.)

250 1371 266 1392 «
300 1361 456 1401 Episcopo
490 1360 787 1400 Giatianopotitano.
825 1359 970 1391 Obtentu
1015 1359 1224 1391 venerabilis

211 1413 326 1445 fratris
343 1431 390 1443 -—.
414 1414 539 1444 Datum
571 1414 660 1453 apud
684 1413 971 1449 Urbemveterem,
998 1422 1080 1443 xvin
1108 1413 1224 1444 kalen-

212 1468 271 1498 das
285 1468 375 1507 julii,
396 1476 481 1498 anno
500 1467 611 1498 tertio.
629 1476 645 1497 >›

307 1652 399 1683 1781

824 1649 947 1676 Orvieto.
967 1649 1057 1684 9juin
1076 1650 1151 1676 1261.

249 1735 413 1770 Praeposito
426 1735 562 1762 ccclesiae
590 1743 612 1761 5.
630 1734 766 1762 Johannis
786 1735 1013 1769 Osnaburgensis
1039 1736 1157 1761 mandat
1196 1737 1226 1761 ut

211 1784 372 1818 Guillelmo,
385 1784 501 1819 pauperi
514 1784 617 1811 clerico
635 1785 668 1810 de
684 1784 812 1819 Trajecto
831 1785 849 1817 ί,
862 1784 895 1810 110
912 1783 1006 1818 aliquo
1025 1784 1179 1817 beneficio,
1191 1784 1226 1810 ad

212 1833 396 1861 collationem
411 1833 686 1868 praepositi,decani
698 1836 725 1860 et
737 1833 854 1868 capituli
867 1842 889 1860 s,
906 1832 1042 1860 Johannis
1057 1833 1228 1868 Trajectcn·
1258 1825 1259 1840 ¹

216 1883 254 1910 sis
272 1885 430 1917 spectante,
448 1882 605 1917 provideat.
621 1882 698 1917 (Rae.
716 1882 760 1915 29,
779 1881 827 1909 fol.
846 1882 895 1910 182
912 1888 940 1908 n‘¹
957 1882 1035 1916 831.)

257 2005 270 2024 11
290 1995 449 2034 Preposito
467 1994 588 2024 ecclesie
601 2005 624 2025 s.
652 1994 801 2025 Jolmnnis
825 1993 1077 2033 Osnahurqensis.
1096 1993 1230 2024 Consti·

217 2049 311 2078 tutus
328 2049 361 2078 in
378 2049 547 2087 presentia
564 2065 612 2077 —.
635 2048 759 2078 Datum
784 2048 873 2086 apud
897 2048 1190 2084 Urbemveterem,
1210 2056 1229 2075 v

218 2102 294 2131 idus
307 2102 407 2140 junii,
427 2110 513 2132 anno
528 2102 640 2132 tertio.
659 2111 675 2131 »

312 2284 408 2316 1782

825 2282 948 2313 OrvietO,
969 2283 985 2309 9
998 2282 1060 2318 juin
1079 2283 1156 2310 12134.

255 2368 395 2395 Sacristae
410 2366 625 2394 Monasteriensi
642 2367 759 2394 mandat
772 2369 803 2393 ut
820 2367 935 2394 Alberto
949 2368 982 2394 dc
999 2367 1142 2403 Trajccto,
1161 2376 1229 2402 pau-

220 2418 278 2451 peri
297 2417 411 2448 clerico,
429 2417 463 2443 de
475 2416 569 2451 aliquo
586 2416 723 2442 beneficio
740 2416 775 2442 ad
788 2416 974 2444 collationem
995 2417 1164 2452 praepositi,
1183 2418 1232 2444 de-

218 2466 281 2493 cani
302 2469 330 2493 et
345 2465 462 2500 capituli
482 2465 618 2492 ecclesiae
637 2474 660 2492 5.
679 2465 833 2492 salvatoris
854 2465 1042 2501 Trajectensis
1062 2469 1230 2501 spectante,

220 2515 375 2550 provideat.
400 2515 476 2549 (Res.
493 2515 538 2547 29,
558 2513 606 2540 fol.
629 2513 678 2541 182
695 2518 735 2546 v0,
754 2518 785 2540 n⁰
799 2513 882 2549 832.)

261 2637 276 2657 «
295 2626 430 2657 Sacrislc
451 2624 690 2655 monasteriensi.
710 2625 924 2656 Constitutus
939 2626 973 2656 in
994 2626 1166 2665 presentia
1179 2644 1232 2656 —.

220 2679 345 2711 Datum
363 2678 451 2718 apud
470 2677 758 2714 Urbcmveterem,
785 2686 805 2707 v
831 2677 1021 2717 idusjunii,
1048 2687 1135 2710 anno
1164 2680 1234 2710 ter-

222 2732 280 2763 tio.
297 2742 314 2762 »

255 2850 276 2874 l.
292 2849 333 2874 En
353 2856 450 2880 marge
466 2854 471 2874 ε
492 2857 505 2872 <t
520 2848 589 2873 Satis
604 2849 776 2880 competenter
789 2849 889 2875 cantat,
905 2847 966 2879 legit
981 2849 1006 2872 et
1022 2850 1151 2874 construit
1170 2859 1179 2872 ι

2227 209 2285 238 279

1369 287 1463 318 1783
1858 286 1982 319 Orvieto,
2000 287 2031 314 13
2046 288 2116 314 avril
2139 289 2213 315 1:204.

1313 368 1532 403 Archiepiscopo
1552 369 1784 403 Compostellano
1812 369 1937 405 indulget
1966 374 1994 397 ut
2025 371 2209 398 Laurentium
2228 373 2286 399 Mu-

1277 417 1383 451 nionis,
1400 417 1609 452 portionarium
1627 418 1764 445 ecclesiae
1783 419 2044 453 Compostellanae,
2061 421 2286 448 commensalem

1277 465 1349 501 ejus,
1371 466 1399 492 in
1412 467 1512 493 eadem
1530 466 1651 493 ccclesia
1670 467 1696 493 in
1721 468 1891 494 canonicum
1919 468 2006 503 recipi
2024 469 2119 496 faciat.
2141 470 2221 504 (Bac.
2242 470 2286 501 29,

1280 514 1327 542 fol.
1345 516 1406 548 182,
1425 520 1465 548 v⁰‚
1482 520 1513 542 η’
1533 515 1609 549 833.)

1319 631 1336 652 (1
1353 621 1592 662 Archiepiscopo
1619 622 1872 662 Compostellano.
1896 624 1945 653 Ex
1963 626 2056 662 parte
2078 626 2133 654 tua
2153 642 2201 654 —.
2226 626 2287 656 Da-

1280 677 1351 706 tum
1369 675 1457 714 apud
1476 676 1765 712 Urbemveterem,
1786 677 1862 707 idus
1886 677 2018 715 aprilis,
2039 687 2124 708 anno
2142 679 2253 710 tertio.
2274 688 2290 707 »

1372 845 1467 876 1784

1855 844 1980 878 Orvieto,
2000 845 2029 871 12
2049 844 2119 871 avril
2139 845 2215 872 1264.

1316 936 1510 971 infrascriptis
1528 936 1646 963 mandat
1659 938 1690 963 ut
1706 936 1800 969 Petro,
1821 937 1897 964 dicto
1913 939 2072 967 Manem-io,
2094 936 2230 964 canonico
2248 945 2291 964 ec·

1280 985 1384 1013 clesiae
1417 994 1439 1012 s.
1461 985 1574 1012 Martini
1603 985 1638 1012 de
1662 984 1831 1017 pinchonio,
1864 986 2066 1013 Ambianensis
2091 986 2225 1017 diocesis,
2256 987 2289 1013 de

1279 1035 1441 1070 praebenda
1460 1034 1639 1069 provideant,
1657 1033 1679 1061 si
1700 1035 1850 1069 episcopus
1868 1035 2068 1062 Ambianensis
2083 1035 2110 1062 id
2127 1035 2225 1070 exequi
2244 1042 2292 1062 nc·

1280 1084 1409 1121 glexerit.
1427 1084 1505 1119 (nm.
1525 1084 1569 1115 29,
1596 1083 1646 1111 fol.
1668 1084 1718 1112 182
1735 1090 1772 1116 v⁰‚
1794 1089 1825 1110 11ο
1841 1084 1915 1116 834.)

1321 1202 1335 1221 «
1355 1191 1490 1226 Deeano,
1505 1192 1658 1232 mayistris
1671 1191 1790 1220 Matheo
1810 1190 1845 1221 de
1860 1191 2025 1231 Saveynz'es
2045 1197 2073 1221 et
2091 1192 2238 1232 Philippo
2255 1192 2293 1222 de

1283 1244 1425 1285 Gornayo
1457 1246 1612 1275 canonicis
1629 1244 1903 1275 Suessionensibus.
1933 1245 1999 1275 Sua
2033 1245 2130 1275 nobis
2149 1246 2293 1276 dilectus

1282 1299 1374 1329 filius
1405 1300 1536 1335 Petrus,
1571 1299 1681 1329 dictus
1710 1297 1906 1331 Monam-sus,
1942 1298 2123 1329 canonicus
2153 1299 2293 1329 ecclesie

1283 1352 1389 1383 sancti
1407 1352 1542 1383 Martini
1554 1352 1593 1383 de
1606 1351 1803 1388 Pinchonio,
1816 1351 2056 1382 Ambianensis
2069 1352 2226 1387 diocesis,
2240 1361 2294 1391 pe-

1282 1406 1401 1436 titione
1416 1406 1630 1441 monstravit,
1648 1405 1736 1444 quod
1750 1404 1859 1435 felicis
1875 1405 2119 1435 recordationis
2135 1406 2295 1436 Innocen-

1283 1459 1351 1489 tius
1369 1467 1465 1497 papa,
1485 1459 1703 1497 predecessor
1723 1459 1847 1492 noster,
1866 1457 1951 1487 bone
1972 1458 2133 1488 memorie
2152 1459 2292 1496 Thome,

1284 1512 1443 1543 Remensi
1465 1511 1887 1550 archiepiscopo,faciendi
1905 1511 2009 1550 recipi
2028 1511 2060 1541 in
2075 1512 2225 1550 qnalibet
2242 1521 2294 1543 ec-

1284 1565 1465 1595 clesiarum
1479 1573 1537 1594 sue
1553 1564 1737 1603 provincie,
1752 1564 1784 1593 in
1799 1564 1922 1603 quibus
1937 1564 2182 1602 prebendarum
2195 1565 2295 1596 colla-

1285 1619 1331 1648 tio
1350 1618 1390 1648 ad
1409 1626 1572 1657 personas
1591 1617 1839 1648 ecclesiasticas
1864 1617 2058 1656 pertineret,
2077 1619 2227 1657 exceptis
2246 1628 2296 1649 ca·

1284 1671 1507 1707 thedralibus‚
1525 1680 1629 1701 unum
1649 1671 1689 1701 de
1706 1670 1838 1701 clericis
1860 1671 1932 1700 suis
1953 1679 2052 1709 quem
2077 1672 2193 1702 mallet
2209 1673 2240 1702 et
2256 1672 2295 1702 ad

1284 1725 1345 1755 hoc
1374 1725 1543 1763 ydoneum
1569 1732 1644 1754 esse
1669 1725 1894 1763 cognosceret,
1923 1724 1956 1753 in
1985 1725 2180 1754 canonicum
2210 1727 2241 1755 et
2263 1725 2296 1754 in

1286 1778 1436 1813 fratrem,
1462 1779 1494 1807 et
1511 1777 1709 1816 providendi
1736 1777 1785 1807 eis
1815 1777 1854 1806 de
1878 1776 2071 1815 prebendis,
2093 1778 2121 1807 si
2147 1780 2225 1808 tunc
2243 1787 2296 1808 va-

1285 1831 1399 1860 carent
1431 1829 1482 1859 vel
1517 1829 1769 1867 ‹fluampriinum
1797 1829 1836 1858 ad
1868 1829 1898 1858 id
1925 1837 1960 1859 se
1982 1828 2123 1859 facultas
2150 1830 2296 1866 offerret,

1286 1882 1468 1913 dummodo
1493 1882 1631 1912 illorum
1658 1882 1699 1911 ad
1718 1890 1801 1920 quos
1829 1882 1863 1911 in
1891 1882 2019 1912 eisdem
2042 1883 2197 1913 ecclesiis
2224 1892 2298 1921 pre-

1287 1937 1473 1967 bendarum
1494 1935 1630 1965 collatio
1650 1935 1849 1973 pertinebat,
1872 1935 1912 1965 ad
1931 1935 1965 1965 id
1983 1944 2146 1965 assensus
2166 1937 2298 1966 accede-

1288 1992 1350 2024 ret,
1369 1992 1400 2019 et
1417 1988 1682 2019 contradictores
1701 1997 1803 2026 super
1826 1988 1887 2018 1106
1906 1997 1965 2027 per
1994 1998 2170 2019 censuram
2197 1990 2298 2020 eccle-

1288 2044 1474 2078 siasticam,
1500 2042 1727 2081 appellatione
1752 2043 1951 2081 postposita,
1971 2044 2205 2081 compescendi
2232 2044 2300 2082 ple-

1260 2117 1262 2124 1
1289 2106 1364 2127 nam
1386 2098 1418 2127 01
1433 2095 1575 2126 liberam
1593 2095 1759 2125 concessit
1778 2104 1927 2133 persnas
1944 2096 2074 2126 litteras
2090 2097 2299 2132 facultatemJ

1289 2152 1321 2180 et
1346 2149 1574 2188 postmodum,
1607 2149 1661 2187 pie
1695 2149 1857 2178 memorie
1888 2148 2081 2179 Alexander
2112 2158 2209 2188 papa,
2230 2158 2301 2188 pre-

1289 2204 1446 2234 decessor
1466 2204 1591 2238 noster,
1613 2202 1721 2232 eidem
1748 2202 1999 2240 archiepiscopo
2019 2204 2055 2232 ut
2079 2203 2118 2232 ad
2140 2203 2302 2241 receptio-

1291 2265 1366 2287 nem
1394 2258 1425 2286 et
1450 2255 1679 2294 provisionem
1713 2255 1940 2293 predictorum
1973 2255 2301 2295 clericoru1n‚juxta

1291 2309 1355 2340 sihi
1378 2317 1573 2339 concessam
1601 2309 1635 2338 in
1658 2308 1786 2338 eisdem
1810 2308 1934 2338 litteris
1957 2308 2162 2339 facultatem,
2189 2317 2305 2347 proce-

1291 2364 1368 2394 dere
1381 2363 1496 2401 posset
1520 2371 1577 2400 per
1595 2370 1673 2391 suas
1692 2361 1788 2391 duxit.
1806 2361 1937 2391 litteras
1951 2361 2212 2392 concedendum.
2231 2362 2299 2392 Hu-

1287 2416 1437 2456 Jusmodi
1457 2417 1568 2445 autem
1593 2415 1783 2445 litterarum
1801 2415 2011 2450 auctoritate,
2033 2415 2143 2444 dictus
2172 2415 2303 2446 archie-

1291 2469 1451 2508 piscopus
1471 2467 1614 2498 eundem
1647 2467 1785 2497 Petrum
1809 2467 1842 2496 in
1867 2467 2008 2497 ecclesia
2028 2468 2134 2498 sancti
2164 2468 2300 2499 Nicolai

1293 2521 1544 2557 Ambianensis,
1560 2521 1711 2560 ejusdem
1728 2520 1910 2559 provincie,
1930 2520 1969 2551 de
1982 2529 2147 2551 consensu
2163 2530 2300 2551 venera-

1291 2575 1373 2606 bilis
1392 2575 1509 2605 fratris
1527 2574 1633 2604 nostri
1655 2597 1660 2602 .
1682 2597 1687 2602 .
1706 2573 1945 2604 Ambianensis
1963 2574 2124 2613 episcopi,
2144 2574 2185 2604 ad
2201 2583 2301 2613 quem

1293 2628 1429 2660 collatio
1446 2627 1693 2667 prebendarum
1710 2627 1743 2656 in
1755 2626 1840 2665 ‘ipsa
1857 2627 2000 2657 ecclesia
2018 2628 2175 2666 pertinet,
2197 2627 2306 2666 recipi

1294 2682 1371 2713 fecit
1390 2682 1423 2712 in
1444 2680 1643 2712 canonicum
1661 2681 1693 2711 et
1721 2680 1755 2710 in
1781 2679 1930 2711 fratrem.
1951 2680 2016 2711 Sed
2040 2681 2150 2711 dictus
2180 2681 2304 2711 Petrus

1294 2735 1443 2766 nondum
1469 2737 1520 2765 est
1554 2735 1587 2764 in
1615 2743 1654 2764 ea
1684 2733 1890 2773 prebendam
1924 2734 2074 2773 aliquam
2112 2737 2305 2764 assecutus.

1294 2789 1406 2824 Quare
1425 2788 1522 2819 nobis
1539 2787 1712 2817 humiliter
1729 2787 1929 2826 supplicavit
1942 2789 1978 2817 ut
1989 2788 2158 2825 provideri
2172 2788 2211 2817 de
2228 2795 2286 2825 pre
2299 2805 2308 2810 -

1295 2841 1405 2872 benda
1434 2844 1465 2871 in
1491 2841 1579 2871 dicta
1602 2841 1745 2871 ecclesia
1770 2841 1877 2871 sancti
1902 2840 2033 2871 Nicolai
2062 2841 2306 2870 mandaremus

1297 2895 1419 2926 eidem.
1447 2894 1610 2930 Quocirca
1635 2893 1834 2924 mandamus
1856 2893 2029 2933 quatinus,
2057 2894 2086 2923 si
2113 2895 2163 2924 est
2193 2893 2249 2928 ita,
2276 2894 2308 2924 et
