2519 3262
139 223 196 251 114

229 304 325 335 1125
737 299 859 331 Orvieto,
878 300 909 327 19
924 300 980 326 mai
1000 299 1076 327 1204.

174 376 324 404 Ribahlum
341 376 369 403 in
381 377 515 403 abbatem
533 375 710 402 monasterio
725 385 748 402 s.
763 376 893 402 Andreae
908 376 942 402 dc
955 375 1091 405 Brosono,
1106 383 1150 401 or-
1180 389 1181 396 1

138 427 213 453 dinis
231 435 252 452 s.
271 425 427 452 llcncdivti.
443 425 595 452 Janucnsis
610 425 743 452 diocesis.
765 425 799 451 ab
815 425 966 451 (1110110110-
984 434 1006 452 s.
1031 424 1150 450 Adriani

139 476 257 502 diacono
277 474 425 505 cardinali,
444 474 624 509 praecscctum,
641 474 802 501 confirmat.
822 474 905 503 «aaa.
924 474 969 506 20,
988 473 1036 500 sol.
1059 474 1091 501 73
1109 477 1149 506 νῦ,

138 529 170 550 n⁰
185 524 260 557 ¹174.)

181 630 195 648 t(
219 618 357 655 letbaldo,
381 618 483 647 abbati
505 617 678 647 monasterii
695 619 791 647 saneti
811 617 932 647 Amlrec
947 616 982 646 (Ie
1001 617 1148 653 Brosono,

140 673 257 703 ordinis
289 673 387 701 sancti
420 671 594 707 Benedicti,
623 671 786 700 ,luvinensis
819 670 953 700 diocesis.
987 671 1079 700 Licet
1113 678 1151 700 ea

139 736 203 766 que
222 727 261 756 de
291 726 449 756 mandato
475 726 590 755 nostro
618 724 699 754 fiunt
723 726 785 754 etc.
814 733 921 763 usque
942 723 1148 754 firmitatem.

137 780 223 811 Sane
243 779 361 817 petitio
378 780 434 808 tua
455 777 552 807 nobis
574 777 725 807 exhibita
749 777 940 807 continebat
958 776 1059 815 quod,
1076 785 1148 806 1110-

138 830 286 860 nasterio
304 830 411 859 sancti
439 830 572 860 Andree
591 830 630 860 de
648 831 799 860 Brosono
827 830 958 860 abbatis
985 830 1148 868 regimine

137 883 311 919 destituto,
323 884 507 913 conventus
520 883 629 922 ipsius
639 883 801 914 dilectum
817 884 925 913 11111131
936 883 1147 919 Τ110(11513111,

135 936 337 966 monachum
357 936 509 973 ejusdem
542 937 755 971 monasterii,
786 937 818 966 in
848 945 965 967 eorum
992 936 1148 967 abbatem

136 990 344 1020 concorditer
355 990 539 1029 elegerunt.
552 990 669 1026 Porro,
681 998 755 1020 cum
766 989 960 1028 hujusmodi
972 990 1148 1020 electionis

136 1043 347 1073 confirmatio
376 1043 725 1082 differreturpropter
747 1044 835 1082 quod
863 1044 1052 1082 predictum
1079 1053 1148 1074 mo-

135 1097 322 1126 nasterium
337 1097 529 1135 patiebatur
546 1097 579 1126 in
595 1096 833 1135 spiritualibus
854 1100 884 1127 et
902 1097 1148 1136 temporalibus

136 1150 388 1184 detrimentum,
401 1150 544 1180 dilectus
559 1150 651 1180 filius
663 1149 833 1180 Johannes
844 1151 884 1180 de
894 1150 1023 1186 Cumis,
1036 1159 1149 1181 1110113-

135 1203 216 1233 chus
229 1203 371 1242 predicti
391 1203 601 1239 monasterii,
612 1206 1004 1242 procuratorconventus
1019 1206 1051 1234 et
1064 1204 1147 1234 Tbe-

135 1257 215 1287 disii
232 1257 472 1295 predictorum,
492 1256 620 1286 habens
642 1257 682 1286 ad
699 1256 760 1287 hoc
777 1256 817 1286 ab
830 1257 880 1287 eis
896 1258 1098 1295 potestatem
1117 1259 1147 1287 et

136 1310 281 1348 speciale
311 1310 519 1346 mandatum,
544 1310 777 1348 procuratorio
796 1310 932 1340 nomine
957 1319 992 1340 ac
1010 1310 1082 1340 vice
1102 1311 1149 1349 ip-

135 1372 263 1399 sorum,
284 1363 468 1402 resignavit
491 1363 588 1401 plene
609 1364 641 1392 et
666 1362 772 1393 libere
793 1372 828 1393 ac
846 1372 1007 1401 expresse
1026 1364 1060 1393 in
1078 1372 1147 1393 ma-

134 1416 235 1446 nibus
252 1416 365 1446 dilecti
384 1416 443 1445 filii
458 1416 565 1446 nostri
579 1416 629 1451 O„
647 1417 754 1446 sancti
771 1417 913 1446 Adriani
928 1417 1060 1446 diaconi
1077 1425 1146 1447 car-

134 1469 272 1504 dinalis,
300 1469 508 1507 recipientis,
527 1469 598 1499 vice
626 1471 739 1499 nostra
758 1471 789 1499 et
817 1469 1016 1500 auctoritate
1044 1479 1081 1499 ac
1107 1470 1147 1500 de

134 1522 273 1560 speciali
291 1522 449 1552 mandato
469 1524 582 1552 nostro
599 1521 685 1552 facto
706 1521 771 1552 sibi
794 1522 929 1552 oraculo
948 1523 1023 1552 vive
1041 1523 1147 1557 vocis,

134 1575 398 1613 resignationem
420 1575 626 1613 hujusmodi,
646 1584 744 1605 omne
758 1575 814 1614 jus
838 1576 926 1614 quod
939 1575 1099 1606 Tbedisio
1116 1578 1147 1606 et

134 1629 314 1659 conventui
331 1629 493 1667 predictis
511 1637 551 1658 ex
564 1629 681 1658 eadem
698 1629 863 1659 electione
878 1629 987 1659 fuerat
1002 1630 1146 1668 acquisi-

101 1713 106 1718 ,
132 1683 217 1712 tum.
229 1682 450 1712 Postmodum
463 1690 542 1712 vero
553 1682 725 1720 predictus
738 1682 932 1719 cardinalis,
947 1683 1147 1713 auctoritate

134 1737 166 1766 et
182 1736 338 1765 mandato
358 1735 563 1774 hujusmodi,
584 1735 623 1765 de
636 1737 680 1771 te,
694 1737 773 1766 tunc
791 1736 903 1774 priore
922 1736 1092 1774 prioratus
1108 1736 1147 1766 de

134 1789 232 1825 Taro,
250 1788 379 1818 ordinis
396 1789 503 1818 sancti
520 1789 705 1824 Benedicti,
720 1789 918 1819 Placentiae
934 1789 1091 1826 diocesis,
1107 1790 1148 1819 ad

134 1842 245 1880 ipsum
271 1841 515 1872 monasterium
533 1842 748 1880 pertinentis,
773 1842 920 1881 providit
940 1843 1147 1874 monasterio

135 1895 327 1933 supradicto
347 1904 383 1925 ac
410 1895 470 1925 tibi
489 1895 659 1925 abbatiam
682 1895 824 1934 predicti
849 1896 1046 1926 monasterii
1075 1905 1148 1926 con-

133 1948 225 1983 tulit,
239 1948 571 1978 administrationem
585 1949 616 1978 et
634 1957 749 1978 curam
767 1957 803 1979 ac
821 1949 971 1987 regimen
990 1949 1147 1987 prelibati

134 2001 333 2031 monasterii
349 2010 385 2031 ac
403 2001 632 2031 membrorum
652 2003 683 2032 et
700 2002 982 2040 pertinentiarum
995 2002 1068 2041 ejus
1084 2002 1146 2033 tibi

133 2055 203 2085 tam
232 2055 266 2084 in
287 2055 525 2093 spiritualibus
552 2063 653 2094 quam
673 2055 705 2085 in
725 2055 971 2094 temporalibus
997 2057 1148 2086 commit-

133 2108 246 2143 tendo,
262 2110 360 2146 prout
381 2109 414 2138 in
432 2108 657 2138 instrumento
675 2108 810 2147 publico
830 2109 906 2139 inde
923 2109 1084 2146 confecto,
1103 2110 1145 2139 si·

133 2161 250 2200 gillato
284 2161 397 2200 sigillo
431 2162 540 2200 ipsius
570 2162 754 2192 cardinalis
777 2162 912 2201 plenius
941 2164 1143 2194 continetur.

131 2215 202 2245 Nos
222 2215 347 2253 itaque,
370 2215 439 2245 tuis
458 2214 766 2253 supplicationibus
794 2215 960 2250 inclinati,
984 2217 1071 2254 quod
1091 2226 1145 2247 su-

131 2276 191 2307 per
207 2267 274 2297 hiis
296 2267 336 2297 ab
354 2268 471 2297 eodem
490 2268 653 2298 cardinali
672 2268 796 2298 factum
823 2272 884 2305 est,
905 2271 1014 2300 ratum
1039 2272 1070 2300 et
1091 2271 1142 2300 tir-

131 2330 224 2351 mum
240 2321 412 2358 habentes,
435 2321 467 2351 id
483 2322 683 2352 auctoritate
699 2322 885 2360 apostolica
904 2323 1144 2354 confirmamus

131 2376 163 2405 et
178 2375 347 2413 presentis
364 2375 481 2413 scripti
500 2375 686 2413 patrocinio
705 2376 968 2406 communimus.

170 2428 335 2458 Tenorcm
361 2428 469 2466 ipsius
497 2428 714 2459 instrumenti
741 2429 781 2459 de
806 2429 908 2460 verbo
933 2430 973 2460 ad
1004 2430 1143 2461 verbum

130 2481 346 2520 presentibus
366 2481 470 2511 inseri
490 2481 650 2512 facientes
667 2482 822 2520 qui-talis
839 2485 889 2513 est
908 2493 913 2511 :

169 2544 186 2564 «
204 2534 378 2570 OUobomcs,
397 2535 589 2564 miseratione
611 2534 717 2565 divina
731 2536 975 2566 sanceiAclriani
995 2536 1143 2567 diaconus
1172 2559 1173 2563 ,

131 2586 310 2623 cardinalis,
332 2587 372 2617 ml
396 2588 530 2617 robure!
562 2589 735 2619 memoriam
754 2590 798 2619 rei
822 2595 913 2629 gyeslc.
938 2590 1071 2620 Dudum
1090 2600 1142 2621 va-

129 2642 225 2670 cante
245 2641 450 2671 monasterio
465 2659 513 2671 —.
534 2642 636 2672 Facta
656 2642 715 2672 suit
737 2643 969 2682 suprascripta
993 2643 1140 2680 collatio,

129 2693 326 2724 commissio
348 2695 379 2723 et
403 2694 604 2724 investitura
631 2694 764 2726 abbatie
782 2696 930 2734 predicte
952 2705 1010 2735 per
1026 2706 1141 2735 supra-

130 2746 293 2784 scriptum
323 2747 496 2777 dominum
523 2747 740 2783 Ottobonum,
762 2749 868 2780 sancti
901 2750 1042 2780 Adriani
1072 2750 1140 2780 dia-

129 2807 248 2829 conum
275 2800 493 2837 cardinalem,
522 2801 609 2840 apud
630 2802 920 2839 Urbemveterem,
950 2803 984 2833 in
1011 2804 1141 2842 capella

128 2851 238 2891 ipsius
263 2853 390 2883 domini
423 2854 618 2890 cardinalis,
636 2864 723 2886 anno
752 2865 769 2886 a
797 2856 984 2887 Nativitate
1002 2856 1139 2887 Domini

127 2905 312 2936 M⁰CC⁰LX⁰
335 2908 465 2945 quarte,
488 2907 541 2938 die
561 2917 653 2938 xviiii
678 2909 806 2939 mensis
829 2909 1003 2946 februarii,
1030 2910 1139 2949 ponti-
1169 2910 1171 2929 s

893 214 1137 246 REGISTRES
1169 214 1386 246 D'URBAIN
1416 215 1474 245 lv.

1211 298 1331 329 ficatus
1352 299 1481 330 domini
1505 299 1632 330 Urbani
1652 308 1737 339 pape
1752 299 1829 336 ΙΙΙΙ,
1852 308 1938 330 anno
1955 300 2067 334 tertio.
2085 308 2226 339 presen-

1210 352 1303 382 tibus
1318 353 1505 383 venerabili
1522 354 1616 392 patre
1633 352 1791 392 Philippo
1807 353 2029 383 Bruniacensi
2049 353 2225 392 episcopm

1212 405 1314 436 fratre
1331 405 1480 436 Gerardo
1498 406 1538 436 de
1557 406 1736 445 Campilio,
1757 406 1796 436 de
1816 406 1934 436 ordine
1948 406 2135 442 Minorum3
2153 415 2226 436 ma-

1211 458 1317 497 gistro
1335 459 1506 498 Campano
1523 459 1563 489 de
1583 460 1749 495 Novaria,
1769 459 1930 490 Thedisio
1946 460 1986 489 (le
2003 459 2159 495 Camilla,
2177 468 2227 489 ca-

1212 511 1332 541 nonico
1363 512 1591 551 Tripolitan03
1622 512 1814 548 Benedicto,
1838 513 1999 543 canonico
2027 512 2225 551 Anagnino:

1181 591 1182 594 ,
1212 565 1375 603 magistro
1391 565 1555 601 Johanne,
1572 566 1733 596 canonico
1751 567 1857 596 sancti
1875 566 2012 606 Georgii
2028 567 2224 603 Januensis,

1181 611 1183 625 ¹
1212 620 1242 648 et
1266 618 1344 648 aliis
1364 618 1512 649 testibus
1529 619 1568 649 ad
1585 619 1646 649 hoc
1670 619 1808 650 vocatis.
1827 620 1867 650 Et
1891 628 1950 659 ego
1969 620 2133 658 magister
2148 621 2227 650 Bar-

1210 670 1402 702 tholomeus
1424 672 1463 702 de
1482 673 1600 711 Regio,
1623 675 1737 703 sancte
1758 673 1943 711 apostolice
1964 673 2058 703 sedis
2085 672 2229 703 auctori-

1210 725 1278 754 tate
1305 725 1469 761 notarius,
1490 725 1675 760 collationi,
1704 726 1939 756 commissioni
1967 728 1999 756 et
2024 726 2227 756 investiture

1210 777 1405 816 hujusmodi
1423 778 1561 808 interfui
1586 781 1617 809 et
1644 779 1684 809 de
1701 779 1859 810 mandato
1878 779 1957 810 dicti
1975 779 2103 809 domini
2121 779 2229 809 cardi-

1210 831 1298 860 nalis
1311 833 1486 869 presentes
1503 832 1635 862 litteras
1653 832 1775 870 scripsi
1793 834 1824 863 et
1843 832 1876 862 in
1890 832 2063 871 publicam
2082 833 2227 863 formam

1210 884 1276 914 mei
1299 884 1388 923 signi
1410 886 1626 915 annotatione
1640 885 1764 925 redegi.
1780 886 1816 915 In
1835 886 1985 916 omnium
2004 894 2137 925 quoque
2151 893 2225 924 pre-

1210 937 1378 968 dictorum
1398 939 1633 969 testimonium
1654 941 1685 969 et
1704 941 1902 978 perpetuam
1920 939 2129 975 firmitatem,
2149 947 2225 977 pre-

1211 991 1300 1021 fatus
1325 992 1483 1022 dominus
1500 992 1683 1022 cardinalis
1700 993 1761 1023 1135
1778 993 1911 1023 litteras
1932 1001 1993 1023 suo
2015 993 2093 1023 fecit
2110 992 2225 1032 sigillo

1210 1046 1350 1075 muniri.
1373 1055 1388 1075 11
1410 1079 1413 1081 μ

1249 1099 1343 1128 Nulli
1379 1107 1458 1139 ergo
1490 1102 1552 1130 etc.
1586 1102 1702 1131 nostre
1733 1100 2003 1131 confirmationis
2039 1099 2226 1139 infringere

1209 1153 1271 1182 etc.
1292 1153 1415 1182 11313111
1434 1154 1522 1192 apud
1542 1153 1834 1186 [rbemveterem.
1855 1163 1930 1183 xiiii
1944 1153 2108 1184 kalendas
2123 1153 2225 1192 junii,

1210 1213 1296 1235 anno
1313 1206 1424 1237 tertio.
1448 1217 1462 1235 )›

1806 1364 1932 1398 Orvieto,
1949 1366 1981 1391 ΞΤ
1997 1365 2055 1391 mai
2077 1365 2153 1392 1264.

1303 1365 1399 1396 112ss

1244 1439 1460 1466 Ordinationcm
1477 1440 1511 1465 «lc
1531 1439 1693 1473 pracbcnda
1712 1439 1737 1465 in
1758 1439 1880 1466 ecclesia
1896 1441 1931 1466 de
1952 1440 2059 1472 Lcnno,
2078 1441 2226 1468 Cumanae

1209 1488 1343 1520 diocesis,
1373 1498 1389 1515 a
1418 1489 1555 1519 (ierardo,
1580 1489 1685 1515 abbate
1706 1488 1864 1519 Lcsatcnsi,
1887 1497 2040 1516 causarum
2071 1490 2227 1524 apostolici

1209 1537 1309 1572 palatii
1329 1537 1456 1572 generali
1473 1538 1616 1568 auditore,
1635 1538 1755 1570 saetam,
1772 1538 1936 1565 confirmat.
1954 1539 2034 1575 (nm.
2049 1540 2092 1571 29,
2113 1540 2151 1567 rol
2180 1540 2225 1572 74,

1209 1592 1238 1613 11ο
1259 1587 1333 1620 175.)

1250 1694 1266 1714 «
1284 1683 1440 1713 Tliomasio
1456 1682 1491 1712 de
1508 1682 1748 1722 Lamberlenqis,
1761 1683 1908 1712 canonico
1922 1682 2044 1713 ecclesie
2058 1684 2094 1714 de
2109 1685 2226 1722 Lemno,

1212 1738 1346 1768 szmne
1361 1736 1498 1766 diocesis.
1517 1736 1612 1766 Licet
1629 1744 1667 1766 ea
1679 1745 1744 1774 que
1756 1753 1805 1765 —.
1821 1736 1906 1767 Sane
1922 1737 2042 1776 petitio
2059 1740 2115 1769 tua
2127 1739 2227 1770 nobis

1210 1791 1361 1822 exhibita
1379 1789 1572 1821 continebat
1600 1789 1689 1828 quod
1710 1790 1798 1819 inter
1823 1792 1855 1820 te
1873 1799 1910 1820 ac
1936 1791 2098 1822 dilectum
2115 1792 2226 1823 filium

1209 1845 1411 1884 magistrum
1426 1843 1613 1874 Johannem
1633 1843 1673 1872 de
1688 1843 1808 1879 Macio,
1822 1843 1862 1873 de
1875 1843 2005 1880 Cumis,
2023 1845 2226 1884 scriptorem

1209 1900 1376 1933 nostrum,
1393 1897 1592 1928 canonicum
1602 1896 1743 1926 ecclesie
1754 1896 1794 1926 de
1807 1897 1934 1931 Lenno,
1950 1898 2101 1929 Cumane
2115 1899 2225 1930 dioce-

1210 1952 1270 1988 515,
1292 1960 1394 1990 super
1412 1951 1557 1989 quadam
1573 1949 1744 1988 prebenda
1762 1958 1826 1988 que
1844 1951 1975 1980 vacavit
1993 1951 2027 1981 in
2044 1952 2162 1982 eadem
2176 1961 2227 1984 ec-

1209 2004 1314 2035 clesia
1338 2012 1397 2042 per
1416 2005 1558 2033 mortem
1582 2002 1759 2034 Octoboni,
1782 2002 1972 2041 presbyteri
1992 2004 2134 2035 ecclesie
2150 2014 2225 2044 pre-

1209 2057 1294 2088 dicte
1313 2056 1476 2092 canonici,
1494 2057 1525 2086 et
1555 2064 1654 2094 quam
1684 2055 1772 2085 idem
1804 2056 1949 2094 scriptor
1971 2056 2012 2086 ad
2038 2066 2074 2087 se
2095 2058 2134 2089 (10
2147 2058 2224 2097 jure

1209 2111 1361 2149 spectare
1382 2111 1483 2148 teque
1512 2117 1572 2148 per
1595 2108 1711 2147 plures
1743 2117 1848 2139 annos
1877 2109 2067 2140 detinuisse
2091 2111 2224 2143 dicebat

1208 2165 1323 2194 contra
1343 2163 1513 2202 justitiam
1539 2163 1748 2200 occupatam,
1765 2170 1824 2191 300
1845 2171 1911 2192 non
1935 2164 1965 2193 et
1985 2172 2088 2202 super
2108 2164 2225 2196 fructi-

1207 2217 1271 2247 bus
1289 2226 1330 2247 ex
1347 2216 1463 2247 eadem
1482 2215 1651 2254 prebenda
1677 2215 1857 2253 perceptis,
1879 2218 1950 2246 orta
1969 2218 2111 2247 materia
2127 2227 2224 2257 ques-

1206 2270 1323 2302 tionis,
1342 2269 1476 2300 tandem
1503 2270 1629 2308 partes,
1647 2268 1887 2307 dispendiosos
1910 2269 2099 2308 litigiorum
2116 2271 2224 2303 vitare

1175 2325 1177 2341 ³
1207 2324 1378 2354 anfractus
1396 2326 1427 2354 et
1455 2322 1547 2361 pacis
1576 2321 1736 2360 prosequi
1763 2322 1903 2352 semitas
1925 2323 2102 2362 eligentes,
2130 2325 2221 2356 idem

1207 2378 1351 2416 scriptor
1364 2385 1423 2415 pro
1440 2384 1486 2410 se,
1506 2384 1542 2405 ac
1557 2375 1702 2405 dilectus
1719 2375 1882 2414 magister
1895 2376 2116 2414 Bertrandus,
2137 2378 2224 2409 civis

1206 2431 1391 2466 Cumanus,
1409 2431 1606 2468 procurator
1623 2430 1714 2464 tuus,
1728 2437 1788 2467 pro
1803 2430 1834 2459 tc
1848 2438 1865 2459 a
1881 2437 1947 2468 quo
1961 2438 2064 2468 super
2079 2430 2140 2461 hoc
2151 2432 2223 2471 ple-

1205 2493 1285 2514 num
1308 2483 1451 2514 habebat
1481 2483 1689 2512 mandatum.
1719 2481 1751 2511 in
1769 2482 1932 2512 dilectum
1964 2482 2074 2514 filium
2101 2484 2223 2516 Gerar—

1204 2538 1296 2572 dum,
1334 2536 1490 2567 abbatem
1527 2535 1726 2566 monasterii
1765 2535 1973 2573 Lesatensis,
2006 2537 2221 2575 capellanum

1205 2593 1357 2621 nostrum
1392 2592 1423 2620 et
1456 2598 1634 2619 causarum
1666 2588 1781 2627 palatii
1814 2589 1922 2618 nostri
1946 2589 2138 2628 generalem
2163 2600 2222 2622 au-

1203 2645 1359 2674 ditorem.
1377 2646 1549 2682 tamqnam
1569 2643 1603 2672 in
1626 2641 1803 2678 arbitrum,
1828 2641 2064 2673 arbitratorem
2089 2645 2122 2674 et
2139 2645 2222 2676 ami-

1203 2697 1346 2728 cabilem
1364 2696 1637 2735 compositorem,
1651 2695 1714 2725 51111
1723 2704 1808 2734 pena
1823 2696 1957 2725 centum
1976 2695 2141 2727 librarum
2160 2698 2221 2728 1111-

1203 2750 1382 2789 porialium
1412 2750 1541 2788 aparte
1562 2757 1626 2779 non
1651 2750 1808 2778 servante
1833 2748 2081 2779 ordinationem
2108 2750 2218 2789 ipsius

1203 2803 1369 2835 auditoris
1388 2803 1476 2842 parti
1497 2811 1570 2832 eam
1595 2802 1744 2832 servanti
1773 2801 1943 2838 solvenda,
1973 2804 2003 2832 et
2024 2802 2217 2841 juramento

1201 2857 1277 2887 hinc
1296 2856 1372 2887 inde
1389 2857 1542 2895 prestito,
1559 2855 1834 2894 compromittere
1852 2863 1980 2894 sueque
1995 2855 2214 2895 ordinationi,

1202 2909 1398 2940 diffinitioni
1415 2911 1446 2940 01
1464 2909 1603 2940 arbitrio
1619 2917 1721 2948 super
1741 2908 1802 2939 hoc
1819 2916 1854 2939 se
1878 2907 2079 2940 submittere
2096 2913 2218 2950 sponte
