2519 3262
235 242 294 271 278

327 325 421 356 1777
825 317 951 350 Orvieto,
971 318 1001 345 13
1014 317 1077 353 juin
1095 317 1172 344 1264.

270 407 491 442 Archiepiscopo
518 404 750 440 Composlellano
769 404 884 430 mandat
904 406 933 429 ut
949 404 1032 430 Petro
1053 401 1149 429 Didaci
1166 409 1244 428 secu-

235 457 288 484 lari
307 457 482 491 presbytero,
499 455 618 482 alumno
635 452 802 480 monasterii
825 461 848 479 s.
866 452 1007 479 Vereximi
1025 452 1059 478 dc
1076 452 1164 482 Cona,
1183 451 1244 486 ejus

236 505 367 533 diocesis.
384 505 431 539 qui
450 504 577 530 nondum
603 502 656 529 nisi
677 502 791 529 unicum
820 500 1048 528 ecclesiasticum
1076 499 1245 527 beneficium

235 558 328 584 tenue,
346 554 425 588 cujus
441 555 596 587 proventus
614 551 742 579 valorem
758 558 815 578 non
829 551 967 577 excedunt
981 557 1108 577 annuum
1125 549 1245 584 quadra-

236 603 315 638 ginta
339 602 497 629 solidorum
513 604 569 628 tur.
589 603 631 628 est
651 601 781 635 adeptus,
797 600 832 626 de
849 598 944 634 aliquo
962 598 1098 626 beneficio
1117 599 1151 625 ad
1168 605 1247 633 prae-

236 651 426 678 sentationem
441 650 603 677 abbatissae
617 651 643 675 ct
659 648 866 682 conventus—de
887 648 963 674 Cona
978 650 1134 682 spectante,
1153 646 1246 681 provi-

237 701 312 727 deat.
329 700 408 734 ritae.
430 700 475 730 29,
497 698 544 726 sol.
566 698 612 727 181
630 702 672 729 ν’,
689 703 718 724 n⁰
733 697 810 731 827.)

277 818 294 838 «
316 807 556 846 Arclziepiscopo
590 804 845 845 Compostellano.
875 805 1088 834 Constitutus
1115 803 1147 833 in
1175 811 1248 841 pre-

239 861 349 891 sentia
379 878 427 889 -—.
461 860 585 890 Datum
615 859 704 898 apud
729 858 1016 893 Urbemveterem,
1047 857 1124 886 idus
1147 856 1247 895 junii,

239 922 326 944 anno
343 913 454 944 tertio.
475 924 490 939 »

332 1096 428 1127 1778
855 1092 977 1123 Orvieto⁷
993 1093 1010 1120 9
1022 1091 1085 1128 juin
1100 1091 1178 1119 1205.

271 1169 469 1213 infrascriptis
497 1178 615 1204 mandat
638 1179 667 1204 ut
690 1176 808 1203 Radult'o
828 1177 862 1203 de
885 1176 1018 1209 Clameti,
1037 1175 1176 1203 canonico
1192 1183 1252 1201 mo·

242 1227 359 1254 nastes-ii
381 1236 403 1254 s.
426 1226 549 1261 Crispini
575 1226 603 1253 in
630 1227 721 1253 Cavea
748 1225 959 1257 suessionensi,
976 1225 1084 1252 ordinis
1104 1233 1126 1252 s.
1145 1226 1252 1259 Augus-

241 1276 306 1307 tini,
332 1275 421 1311 ipsius
444 1275 554 1302 Radulfi
569 1283 635 1302 cum
661 1275 763 1302 abbate
788 1274 918 1310 ejusdem
937 1273 1104 1302 monasterii
1119 1273 1169 1301 lite
1185 1282 1253 1309 pen-

242 1325 337 1358 dente,
351 1325 384 1352 de
398 1325 479 1352 bonis
493 1324 620 1360 ejusdem
634 1323 803 1351 monasterii
819 1324 968 1358 prox-idere
984 1323 1097 1350 faciant.
1112 1323 1190 1358 (nse.
1206 1323 1251 1354 29,

243 1373 291 1401 sol.
311 1373 357 1401 181
376 1378 414 1405 vo,
430 1379 460 1400 n⁰
473 1373 548 1407 828.)
568 1375 575 1394 ¹

282 1496 298 1515 «
317 1508 323 1514 .
341 1507 348 1513 .
368 1485 472 1514 abbati
486 1485 586 1514 sancti
602 1484 747 1520 Dioni-rii,
766 1484 882 1514 ordinis
902 1485 1001 1514 sancti
1019 1485 1200 1525 Auyuslini‚
1217 1511 1223 1516 .
1244 1507 1251 1514 .

242 1538 367 1575 decano,
397 1542 424 1567 el
441 1561 447 1567 .
468 1563 474 1568 .
495 1537 627 1578 officiali
648 1561 654 1566 .
675 1562 681 1567 .
700 1539 828 1577 majoris
850 1538 1059 1568 archidiaconi
1087 1539 1252 1570 Bemensis.

242 1592 364 1623 Petitio
382 1591 495 1622 dilecti
511 1591 572 1622 filii
589 1591 724 1622 Radulfi
735 1592 775 1622 de
790 1592 945 1628 Clameti,
957 1593 1107 1623 canonici
1122 1602 1253 1623 monas-

242 1645 318 1676 terii
346 1645 453 1675 sancti
484 1645 634 1684 Crispini
663 1645 697 1675 in
715 1645 824 1676 Cavea
845 1646 1095 1682 Suessionensi,
1123 1647 1253 1677 ordinis

243 1699 348 1729 sancti
378 1698 573 1736 Augustini,
593 1697 691 1728 nobis
722 1698 872 1728 exhibita
898 1699 1089 1730 continebat
1116 1700 1204 1738 quod
1220 1723 1250 1728 ..

243 1750 346 1780 abbas
361 1751 469 1790 ipsius
480 1751 689 1781 monasterii.
701 1751 828 1781 habens
840 1753 1036 1782 canonicum
1053 1753 1164 1791 ipsum
1179 1753 1252 1782 sine

244 1804 438 1834 rationabili
467 1813 569 1834 causa
599 1813 752 1838 exosum,
780 1813 870 1841 eum,
890 1814 954 1835 non
974 1806 1045 1836 sine
1073 1806 1252 1845 injectione

244 1865 404 1887 manuum
427 1857 460 1886 in
477 1857 600 1896 ipsum,
622 1858 684 1888 Dei
701 1858 823 1888 timore
840 1859 1043 1898 postposito,
1063 1859 1252 1890 temeritate

243 1909 390 1940 violenta
409 1911 504 1949 ejecit
524 1919 543 1940 a
558 1911 764 1941 monasterio
783 1913 981 1942 memorato.
999 1911 1150 1951 Cumque
1164 1913 1252 1943 idem

244 1963 436 1995 canonicus,
459 1971 615 1993 asserens
635 1972 670 1993 se
691 1964 732 1993 ad
754 1965 998 1995 monasterium
1023 1965 1133 2004 ipsum
1155 1975 1173 1996 a
1188 1975 1253 2005 quo

243 2016 356 2046 taliter
375 2015 502 2054 ejectus
530 2016 650 2051 fuerat,
679 2017 764 2047 velle
791 2026 864 2047 cum
886 2017 1075 2048 bumilitate
1096 2019 1217 2055 redire,
1236 2028 1255 2049 a

245 2068 343 2099 nobis
358 2068 534 2099 humiliter
551 2069 706 2108 petiisset
725 2072 758 2100 ut
773 2070 884 2109 ipsum
905 2070 1029 2100 ibidem
1049 2071 1152 2110 recipi
1171 2071 1253 2102 face-

243 2130 370 2156 remus,
405 2130 465 2152 nos
491 2122 626 2152 tandem
656 2123 908 2161 presidentibus
935 2124 1083 2162 generali
1105 2125 1254 2163 capitulo

244 2174 402 2205 abbatum
427 2177 459 2205 et
477 2175 628 2214 priorum
652 2176 795 2214 predicti
826 2176 956 2206 ordinis
990 2177 1161 2216 provincie
1192 2179 1255 2209 Re-

243 2228 372 2259 mensis
387 2228 544 2259 dedimus
565 2229 628 2259 sub
649 2231 739 2260 certa
766 2229 873 2260 forma
891 2239 950 2269 per
972 2233 1105 2261 nostras
1121 2231 1254 2262 litteras

244 2282 277 2312 in
293 2281 461 2312 mandatis
480 2284 527 2318 ut,
543 2282 630 2312 circa
646 2282 814 2321 prefatum
828 2284 879 2318 R„
899 2285 1063 2314 statutum
1082 2284 1191 2315 felicis
1209 2294 1254 2316 re-

243 2334 450 2365 cordationis
467 2335 621 2375 Gregorii
639 2344 734 2375 pape,
757 2336 1009 2375 predecessoris
1028 2338 1148 2373 nostri,
1168 2339 1255 2369 circa

244 2388 418 2427 regulares
446 2389 614 2428 fugientes
641 2392 672 2419 et
691 2389 815 2428 ejectos
838 2390 878 2420 de
902 2391 1019 2421 ordine
1035 2400 1096 2421 suo
1113 2391 1253 2428 editum,

245 2440 390 2472 facerent
410 2441 595 2479 observari,
612 2443 879 2474 contradictores
903 2446 965 2474 etc.
982 2453 1089 2484 usque
1103 2453 1254 2484 compes-

244 2494 360 2525 cendo.
384 2494 471 2525 Sane
491 2495 635 2526 dilectus
653 2495 745 2526 filius
762 2519 790 2526 ..
813 2496 917 2527 abbas
940 2497 1112 2533 Arroasie,
1137 2499 1188 2529 cui
1207 2508 1256 2529 re·

244 2547 329 2586 liqui
354 2548 566 2586 presidentes
583 2548 692 2579 eidem
709 2549 858 2588 capitulo
881 2551 1124 2582 commiserunt
1146 2551 1178 2582 in
1195 2551 1254 2582 hac

244 2601 338 2639 parte
354 2600 503 2631 totaliter
519 2601 610 2632 vices
625 2609 718 2638 suas,
731 2602 964 2641 supradictum
974 2603 1128 2635 abbatem
1146 2605 1255 2644 ipsius

245 2653 443 2684 monasterii
469 2655 577 2684 sancti
593 2654 742 2694 Crispini
760 2656 902 2692 monuit,
927 2657 1123 2688 auctoritate
1140 2657 1256 2698 hujus-

245 2706 337 2743 modi
358 2706 562 2741 litterarum,
591 2709 627 2738 ut
655 2709 800 2739 eundem
826 2709 867 2740 R.
885 2712 1075 2742 resumeret
1105 2711 1138 2741 in
1167 2711 1255 2743 dicto

246 2759 464 2795 monasterio,
494 2760 588 2791 salva
619 2761 748 2792 ordinis
779 2762 972 2802 disciplina,
1000 2765 1033 2794 et
1057 2765 1193 2795 tandem
1224 2768 1255 2796 in

247 2812 360 2851 ipsum
379 2811 545 2850 abbatem.
557 2813 636 2853 quia
651 2813 711 2845 boc
730 2815 839 2847 facere
854 2816 905 2847 vel
922 2825 1059 2848 cansam
1074 2818 1255 2850 rationabi-

281 2930 302 2953 1.
321 2929 362 2954 En
379 2936 475 2961 marge
490 2936 496 2955 2
513 2942 525 2952 u
539 2931 687 2956 Collatiam
703 2932 791 2958 habita
802 2934 827 2958 in
841 2934 1012 2962 cancellaria.
1026 2936 1080 2966 suit
1096 2937 1224 2968 expedita.
1245 2947 1254 2960 ι

983 233 1227 265 REGISTRES
1258 232 1475 263 D'URBAIN
1507 233 1564 263 lv.

1305 316 1372 347 lem
1390 318 1590 356 proponeret
1603 326 1706 356 quare
1722 317 1756 347 id
1774 317 1848 348 fieri
1865 326 1930 348 non
1945 317 2092 354 deberet,
2110 318 2315 349 contumaci-

1304 372 1355 400 ter
1373 379 1438 400 non
1457 371 1599 405 curavit.
1617 370 1980 401 excommunicationis
1993 371 2220 410 promulgavit
2239 379 2315 401 sen-

1303 423 1456 458 tentiam,
1477 423 1612 462 justitia
1639 423 1806 463 exigente,
1833 432 1934 463 quam
1965 423 2054 454 idem
2072 423 2177 455 abbas
2208 425 2315 455 sancti

1305 477 1454 516 Crispini
1472 477 1736 515 dampnabiliter
1752 477 1975 516 vilipendens,
1993 486 2057 508 non
2071 477 2182 508 solum
2200 477 2315 507 divina

1304 529 1416 560 officia
1432 529 1613 566 celebrare,
1639 530 1720 569 quin
1736 530 1851 569 potius
1867 532 2031 570 quantum
2050 531 2084 560 in
2106 539 2145 561 eo
2161 532 2225 566 est,
2242 539 2317 570 pro-

1304 583 1451 622 phanare
1479 583 1658 622 presumit,
1685 592 1802 613 verum
1831 584 1933 614 etiam
1960 584 2081 614 exinde
2106 584 2318 614 insolescens

1305 635 1473 676 prefatum
1492 637 1531 667 R.
1545 645 1606 676 per
1622 646 1657 667 se
1676 646 1712 667 ac
1731 637 1817 667 tilios
1831 645 1933 668 manu
1948 639 2097 668 armatos
2108 646 2318 676 persequens

1307 689 1474 728 quendam
1496 689 1724 728 presbiterum
1748 691 1874 721 temere
1901 690 1974 728 capi
1991 692 2022 720 et
2042 690 2248 729 supradictis
2265 689 2318 720 lit-

1307 742 1390 772 teris
1411 742 1548 778 nostris,
1563 751 1706 781 quarum
1723 742 1922 773 auctoritate
1939 741 2044 773 abbas
2058 743 2131 782 ipse
2147 742 2319 773 denuntia-

1308 795 1406 825 batur
1423 796 1750 830 excommunicatus,
1769 795 1910 835 spoliari
1933 795 2088 835 nequiter
2111 795 2317 835 procuravit,

1309 849 1342 879 in
1353 849 1488 888 proprie
1501 849 1622 879 salutis
1635 849 1864 888 dispendium,
1880 849 2106 888 plurimorum
2121 848 2319 880 scandalum

1309 902 1449 942 ejusque
1466 902 1600 935 Radnlfi
1613 902 1838 942 prejudicium
1850 904 1882 933 et
1897 901 2126 933 ecclesiastice
2140 902 2321 941 discipline

1309 958 1552 995 contemptum.
1574 957 1669 987 L'nde
1685 956 1818 987 tandem
1834 956 1982 988 Radulfo
1999 956 2174 987 humiliter
2187 957 2321 995 petente

1309 1019 1328 1040 a
1356 1008 1455 1040 nobis
1480 1011 1517 1040 ut
1550 1010 1690 1040 eandem
1724 1010 2086 1041 excommunicationis
2118 1009 2321 1041 sententiam

1309 1062 1412 1094 robur
1438 1063 1610 1094 firmitatis
1635 1063 1787 1094 debitum
1816 1063 1979 1100 obtinere,
2005 1063 2201 1103 dictumque
2223 1062 2321 1094 abba·

1310 1118 1378 1147 tem
1398 1125 1458 1156 pro
1481 1117 1738 1156 presumptione
1762 1117 1958 1157 hujusmodi
1985 1126 2072 1156 pena
2094 1117 2208 1157 puniri
2227 1125 2324 1148 cano-

1311 1170 1398 1205 nice,
1414 1170 1588 1209 dictasque
1609 1171 1742 1201 litteras
1759 1170 1826 1201 sibi
1848 1171 1984 1201 restitui
2004 1171 2206 1207 faceremus,
2225 1169 2322 1201 vobis

1313 1223 1444 1254 litteras
1462 1225 1597 1254 nostras
1613 1223 1802 1254 direximus
1818 1227 1866 1260 ut,
1883 1224 1912 1254 si
1928 1226 2017 1254 esset
2041 1224 2100 1259 ita,
2119 1223 2322 1254 sententiam

1313 1277 1434 1316 ipsam,
1456 1277 1541 1307 sicut
1555 1277 1804 1308 rationabiliter
1819 1280 1869 1308 est
1881 1277 2024 1317 prolata,
2041 1277 2198 1308 faceretis
2212 1278 2326 1308 aucto-

1312 1330 1412 1360 ritate
1426 1332 1552 1366 nostra,
1569 1339 1676 1370 usque
1696 1331 1737 1361 ad
1753 1330 2021 1361 satisfactionem
2037 1330 2250 1370 condignam,
2269 1338 2325 1369 ap-

1312 1383 1495 1423 pellatione
1522 1385 1663 1418 remota,
1689 1384 1934 1415 inviolabiliter
1950 1384 2144 1422 observari;
2169 1393 2272 1424 super
2288 1391 2326 1417 eo

1313 1446 1392 1468 vero
1410 1437 1500 1476 quod
1521 1438 1608 1468 idem
1639 1437 1743 1468 abbas
1766 1439 1872 1469 sancti
1901 1438 2050 1477 Crispini
2073 1439 2189 1469 taliter
2210 1438 2327 1470 divina

1313 1491 1525 1530 prophanare
1555 1491 1691 1528 dicitur,
1715 1492 1804 1531 quod
1829 1492 2028 1523 canonicum
2052 1492 2152 1530 foret,
2175 1492 2324 1531 appella-

1311 1545 1403 1574 tione
1435 1545 1624 1583 postposita
1650 1545 1858 1580 statueretis,
1882 1545 2046 1576 facientes
2063 1545 2153 1585 quod
2170 1545 2326 1576 decerne·

1313 1598 1396 1628 retis
1428 1607 1487 1637 per
1517 1607 1695 1628 censuram
1727 1598 1993 1630 ecclesiasticam
2025 1599 2099 1630 fieri
2133 1598 2325 1635 observari;

1313 1652 1455 1682 eundem
1473 1661 1607 1691 quoque
1623 1651 1778 1683 abbatem
1796 1653 1903 1683 sancti
1920 1653 2070 1691 Crispini
2086 1653 2175 1692 quod
2192 1652 2326 1683 litteras

1312 1705 1419 1744 ipsas,
1432 1705 1556 1744 quibus
1570 1706 1713 1736 eundem
1725 1705 1951 1745 presbiterum
1966 1706 2107 1745 spoliari
2118 1707 2326 1746 procuravit,

1313 1759 1460 1798 predicto
1487 1758 1634 1789 Radulfo
1663 1760 1868 1796 restitueret,
1900 1761 1936 1790 ut
1968 1761 2114 1794 tenetur.
2140 1760 2326 1791 monitione

1311 1812 1492 1851 premissa,
1507 1820 1566 1851 per
1580 1820 1758 1842 censuram
1776 1812 1930 1850 eandem,
1949 1813 2177 1852 appellatione
2189 1815 2326 1852 postpo-

1312 1867 1390 1901 sita,
1413 1866 1590 1905 cogeretis.

1353 1919 1459 1949 Porro
1491 1919 1643 1957 prefatus
1674 1919 1854 1954 Radulfus.
1881 1928 1957 1950 cum
1977 1920 2154 1959 proprium
2183 1928 2249 1950 non
2272 1920 2326 1951 ha-

1311 1971 1399 2008 beat,
1421 1972 1518 2002 nobis
1531 1972 1706 2002 humiliter
1719 1973 1923 2011 supplicavit
1938 1975 1984 2008 ut,
1995 1973 2035 2003 ad
2052 1974 2325 2012 prosecutionem

1311 2025 1506 2064 hujusmodi
1534 2025 1671 2064 negotii,
1704 2026 1893 2056 ministrari
1917 2025 1984 2056 sibi
2011 2026 2051 2057 de
2076 2025 2176 2057 bonis
2202 2026 2324 2066 prefati

1313 2078 1513 2109 monasterii
1529 2087 1697 2117 expensas
1718 2079 1928 2110 necessarias
1949 2079 2152 2117 faceremus,
2173 2088 2214 2110 ne
2231 2088 2330 2119 prop-

1313 2134 1362 2162 ter
1394 2132 1544 2170 ipsarum
1574 2131 1742 2162 defectum
1772 2141 1790 2162 a
1807 2133 2043 2171 prosecutione
2067 2133 2178 2172 ipsius
2199 2133 2325 2173 negotii

1312 2184 1536 2224 compellatur
1553 2185 1729 2221 desistere,
1745 2194 1782 2216 ac
1794 2194 1853 2225 per
1871 2194 2084 2226 consequens
2098 2195 2157 2225 per
2171 2186 2324 2218 seculum

1313 2237 1556 2268 miserabiliter
1580 2238 1726 2278 evagari.
1743 2239 1906 2275 Quocirca
1928 2239 2130 2270 mandamus
2151 2240 2324 2279 quatinus.

1313 2291 1341 2321 si
1374 2291 1470 2321 vobis
1505 2291 1696 2322 constiterit
1738 2292 1924 2331 predictam
1962 2293 2326 2324 excommunicationis

1312 2345 1516 2375 sententiam
1546 2345 1579 2375 in
1606 2345 1750 2376 eundem
1774 2345 1930 2377 abbatem
1951 2347 2058 2378 sancti
2085 2347 2234 2386 Crispini
2254 2346 2325 2378 sore

1312 2398 1562 2429 rationabiliter
1588 2398 1849 2439 promulgatam,
1875 2399 2054 2439 dictusque
2084 2399 2190 2431 abbas
2216 2400 2325 2431 sancti

1312 2451 1461 2491 Crispini
1485 2452 1518 2481 in
1541 2452 1734 2491 receptione
1757 2452 1837 2484 dicti
1863 2453 1999 2484 Radulfi
2026 2453 2183 2493 pertinax
2212 2453 2327 2490 suerit,

1312 2504 1463 2543 predicto
1494 2504 1651 2541 Radulfo,
1678 2505 1782 2536 donec
1805 2505 2001 2545 hujusmodi
2019 2515 2121 2537 causa
2137 2506 2323 2544 duraverit,

1313 2556 1458 2594 faciatis,
1478 2557 1520 2588 ad
1535 2559 1810 2597 prosecutionem
1826 2559 1907 2590 dicti
1921 2560 2060 2599 negotii,
2079 2559 2120 2590 de
2137 2559 2237 2591 bonis
2252 2567 2327 2599 pre·

1313 2610 1410 2641 libati
1427 2612 1627 2642 monasterii
1646 2620 1816 2652 expensas
1831 2613 2044 2644 necessarias
2067 2613 2268 2649 ministrari,
2289 2619 2326 2644 ac

1313 2663 1347 2693 in
1362 2663 1557 2703 hujusmodi
1571 2665 1706 2704 negotio
1718 2665 1920 2705 procedatis,
1931 2665 2030 2705 juxta
2043 2665 2274 2705 predictarum
2284 2664 2326 2697 ad

1312 2725 1373 2748 vos
1397 2719 1591 2748 nostrarum
1615 2718 1821 2749 directarum
1851 2719 2096 2750 continentiam
2123 2719 2326 2750 litterarum.

1313 2770 1586 2802 Contradictores
1601 2773 1664 2802 etc.
1685 2780 1792 2811 usque
1809 2771 2065 2812 compescendo.
2080 2772 2156 2803 Non
2170 2771 2325 2803 obstante

1313 2823 1343 2853 si
1360 2841 1409 2852 -.
1429 2824 1553 2855 Datum
1570 2824 1660 2864 apud
1682 2823 1971 2862 Urloemveterem,
1992 2834 2010 2854 v
2028 2825 2105 2856 idus
2118 2824 2220 2864 junii,
2237 2833 2325 2856 anno

1314 2877 1425 2908 tertio.
1444 2887 1460 2906 ))
