2519 3262
247 297 287 328 48
956 289 1035 320 LES
1058 288 1300 320 REGISTRES
1322 287 1536 318 D'URBAIN
1560 287 1617 318 IV.

248 388 387 422 subditi,
405 386 605 427 persistatis.
622 384 816 415 Gaudemus
835 383 947 422 itaque
965 381 1073 417 vobis,
1094 381 1182 421 quod
1204 389 1255 411 ce-

249 442 326 472 dere
342 442 452 481 potest
468 440 508 469 ad
524 438 695 478 gaudium,
713 436 802 476 quod
820 435 970 475 primitie
987 435 1198 466 redeuntium
1214 434 1255 464 ad

248 495 387 526 eandem
403 492 579 524 ecclesiam
597 492 628 521 in
647 490 801 530 partibus
819 489 888 519 illis
905 489 1000 524 estis,
1018 497 1059 519 ex
1076 496 1141 527 quo
1162 488 1254 517 tanto

247 547 386 578 uberius
425 545 632 585 apostolicus
673 543 770 574 vobis
804 542 902 573 debet
939 541 1032 572 favor
1066 548 1254 571 accrescere
1286 572 1287 580 ἵ

248 602 372 640 quanto
393 599 498 637 major
518 597 744 628 remuneratio
767 596 906 626 debetur
921 595 987 625 hiis
1008 594 1065 633 qui
1087 594 1134 624 sic
1151 594 1191 624 ad
1209 593 1256 632 ip-

247 662 319 684 sam
336 652 512 683 devotione
532 651 692 681 festinant
711 648 801 688 quod
818 649 940 679 ceteris
957 648 1197 687 preponantur.
1216 647 1255 676 Et

248 706 383 745 quidem
401 713 461 735 vos
483 704 565 735 estis
583 703 653 734 illis
669 703 709 733 de
727 701 875 733 Marchia
891 700 1101 731 Anconitana
1119 708 1204 738 quos
1220 699 1252 729 in

248 759 383 790 devium
409 757 535 788 similis
560 765 653 787 error
674 755 790 790 traxit,
809 753 1003 794 proficiendi
1031 752 1204 791 speculum
1224 753 1255 782 et

247 812 430 851 exemplar,
448 811 481 841 in
499 819 564 850 quo
577 810 687 840 omnis
700 808 831 838 macula
849 806 1075 837 indevotionis
1090 805 1253 841 abstersa,

243 867 311 905 jam
339 863 528 895 devotionis
555 863 701 902 insignia
729 860 940 891 relucescunt
963 859 1045 889 adeo
1068 858 1156 898 qnod
1179 867 1255 897 pos-

247 920 324 949 sunt
351 917 523 949 salubrem
541 916 630 946 viam
656 914 817 945 redeundi
836 913 877 943 ad
895 912 1058 952 prefatam
1075 911 1253 942 ecclesiam

246 978 381 1000 cernere
396 979 433 1000 ac
451 971 618 1008 patentem
640 969 689 998 eis
707 967 774 998 vite
788 967 926 1006 januam
940 965 1010 1005 jam
1026 965 1150 995 videre.
1169 964 1253 995 Cum

245 1023 356 1062 itaque
381 1023 533 1053 votivum
555 1022 599 1052 sit
620 1021 718 1052 nobis
735 1020 825 1051 filios
841 1020 883 1050 ad
901 1027 962 1049 nos
977 1018 1145 1049 attrahere
1162 1017 1255 1048 ober-

245 1077 369 1112 rantes,
403 1077 495 1106 tanto
528 1075 687 1106 libentius
720 1074 803 1104 tales
839 1073 1045 1111 suscipimus
1078 1071 1254 1102 redeuntes

244 1131 368 1168 quanto
390 1129 496 1168 major
514 1137 591 1168 spes
610 1129 716 1167 potest
734 1126 850 1158 haberi
864 1126 903 1156 de
925 1125 1069 1156 aliorum
1089 1124 1209 1160 reditu,
1226 1123 1255 1153 si

244 1183 338 1221 pater
360 1181 502 1221 benigne
529 1181 672 1220 suscipit
700 1181 877 1211 redeuntes
904 1178 993 1209 filios
1017 1187 1102 1217 quos
1128 1177 1253 1208 salvari

245 1235 423 1271 desiderat,
444 1243 509 1265 non
527 1234 648 1273 perire.

283 1288 376 1319 Licet
406 1288 530 1327 itaque,
556 1287 629 1322 filii,
649 1286 849 1326 jamdudum
872 1285 913 1316 ab
936 1285 1086 1325 ejusdem
1113 1283 1254 1314 ecclesie

243 1341 418 1372 devotione
455 1340 694 1371 subtraxeritis
732 1339 973 1377 vosmetipsos,
1008 1346 1096 1368 nunc
1129 1339 1253 1373 tamen,

242 1395 342 1425 corda
358 1395 468 1425 vestra
481 1394 719 1432 Redemptoris
735 1393 839 1423 vestri
854 1391 1034 1422 clementia
1049 1390 1252 1425 illustrante,

242 1448 351 1479 debite
379 1447 552 1478 fidelitatis
574 1448 606 1478 et
629 1446 764 1485 proprie
789 1445 910 1476 salutis
934 1452 1114 1479 memores,
1140 1444 1180 1474 ad
1204 1452 1255 1474 ec-

242 1501 343 1532 clesie
371 1501 537 1540 gremium
566 1499 765 1530 cucurristis
794 1501 830 1529 ut
850 1498 1056 1529 sortiremini
1081 1497 1255 1527 fidelitatis

242 1562 376 1590 nomen,
409 1553 465 1592 qui
500 1553 594 1592 prius
628 1551 842 1588 dicebamini,
880 1551 989 1590 culpis
1025 1550 1149 1580 vestris
1183 1549 1251 1580 exi-

243 1606 408 1646 gentibus,
438 1606 564 1637 subditi
591 1605 754 1636 infideles.
780 1605 925 1635 Multum
947 1603 1114 1643 siquidem
1136 1602 1170 1632 in
1194 1603 1254 1633 hoc

243 1659 434 1698 profecistis
453 1659 542 1699 quod
565 1659 631 1690 tale
659 1658 770 1697 adepti
790 1658 874 1688 estis
897 1657 1097 1687 vocabulum
1121 1665 1162 1687 ex
1188 1665 1253 1695 quo

244 1721 364 1752 magna
386 1712 483 1743 vobis
507 1712 732 1743 remuneratio
755 1710 921 1750 provenit,
941 1719 1007 1750 qua
1024 1711 1174 1740 nostram
1194 1718 1254 1749 per

243 1766 303 1796 hoc
328 1765 574 1804 consequimini
602 1765 756 1804 gratiam,
788 1765 883 1802 cuius
910 1763 1016 1793 multa
1044 1762 1252 1802 ingratitudo

244 1820 368 1850 fecerat
392 1828 450 1849 vos
476 1819 642 1858 expertes.
669 1818 713 1848 Ut
744 1818 847 1857 igitur
874 1826 933 1856 per
958 1817 1111 1847 effectum
1139 1815 1252 1854 hujus-

244 1873 333 1903 modi
364 1872 506 1911 gratiam
537 1871 691 1902 sentiatis
723 1873 754 1901 et
790 1870 905 1901 nullus
937 1869 1096 1900 cordibus
1131 1869 1253 1899 vestris

242 1926 282 1956 de
316 1926 428 1957 favore
461 1925 601 1956 ecclesie
633 1924 817 1955 dubietatis
847 1923 955 1963 possit
985 1922 1164 1961 scrupulus
1201 1923 1252 1952 in-

242 1979 372 2014 herere,
403 1987 476 2009 ecce
509 1978 648 2008 dilectos
681 1978 771 2008 filios
804 1977 968 2015 Jacopum
1005 1976 1109 2013 Petri,
1137 1975 1252 2014 syndi-

244 2040 331 2068 cum,
363 2031 514 2070 aliosque
550 2030 811 2060 ambasciatores
840 2030 984 2064 vestros,
1014 2029 1105 2059 viros
1137 2029 1252 2067 utique

243 2084 402 2123 providos
418 2085 449 2115 et
470 2084 663 2122 prudentes,
683 2083 784 2113 solita
799 2081 1005 2121 benignitate
1024 2081 1207 2120 recipimus
1223 2082 1253 2111 et

243 2141 310 2168 tam
338 2147 397 2168 vos
419 2138 554 2177 propter
582 2137 642 2167 hoc
661 2145 760 2176 quam
787 2135 956 2165 civitatem
975 2136 1118 2165 vestram
1135 2134 1197 2164 sub
1220 2134 1252 2164 b.

243 2191 335 2221 Petri
351 2190 556 2230 protectione
572 2189 777 2228 suscipimus
795 2189 892 2227 atque
908 2190 1023 2218 nostra
1041 2189 1083 2221 et,
1103 2187 1253 2217 volentes

244 2252 303 2274 vos
320 2243 354 2273 in
370 2243 546 2274 devotione
563 2242 795 2282 persistentes,
813 2241 1006 2280 hujusmodi
1024 2240 1121 2279 pleno
1139 2240 1252 2270 favore

243 2296 401 2336 prosequi
425 2298 455 2327 et
474 2295 672 2326 muneribus
693 2294 886 2334 gratiarum,
906 2294 1114 2333 presentium
1142 2296 1252 2324 aucto-

244 2350 341 2380 ritate
367 2358 482 2380 omnes
500 2349 644 2380 offensas
667 2351 698 2378 et
724 2348 865 2387 inJurias
883 2356 978 2386 quas,
1000 2346 1131 2386 prefato
1150 2347 1251 2377 adhe-

244 2403 346 2433 rendo
359 2403 532 2433 Manfredo
548 2402 688 2441 ejusque
705 2401 905 2435 fautoribus,
926 2409 986 2431 vos
1001 2400 1054 2430 vel
1072 2400 1196 2439 aliquis
1211 2409 1252 2430 ex
1282 2391 1284 2408 ³

243 2456 376 2487 civibus
394 2456 515 2486 vestris
533 2455 629 2485 nobis
646 2457 677 2485 et
689 2454 798 2486 eidem
815 2454 954 2485 ecclesie
971 2454 1158 2492 irrogastis,
1179 2462 1251 2484 nec-

245 2518 311 2539 non
334 2511 365 2540 et
383 2517 485 2548 penas
505 2509 534 2539 si
550 2517 634 2548 quas
656 2509 723 2538 tam
745 2516 846 2547 super
862 2507 1049 2546 privatione
1077 2507 1252 2546 dignitatis

243 2562 447 2601 episcopalis
461 2570 561 2601 quam
576 2561 676 2592 etiam
693 2561 781 2595 aliis,
793 2560 968 2591 occasione
981 2560 1186 2599 hujusmodi,
1206 2560 1252 2590 in-

243 2616 412 2652 curristis,
434 2615 529 2645 vobis
550 2623 591 2645 ex
613 2614 717 2645 inulta
741 2613 946 2653 benignitate
963 2613 1126 2643 duximus
1142 2613 1254 2643 remit-

243 2668 374 2700 tendas.

284 2722 451 2757 Ceterum,
474 2722 768 2760 quantumcunque
794 2721 945 2750 vestrum
967 2719 1150 2758 diligamus
1176 2728 1252 2758 pro-

243 2775 367 2805 fectum
390 2774 578 2813 vestrisque
601 2773 864 2805 condescendere
889 2772 1068 2803 desideriis
1091 2781 1253 2811 propona-

244 2836 330 2863 mus,
352 2827 393 2858 ad
420 2836 559 2866 presens
586 2828 698 2858 tamen
725 2826 920 2865 petitionem
939 2827 1085 2856 vestram
1110 2825 1150 2856 de
1177 2834 1250 2855 con·

244 2880 390 2912 cedendo
417 2880 513 2911 vobis
534 2880 694 2910 comitatu
716 2888 775 2910 seu
803 2879 957 2909 districtu
985 2878 1162 2917 Eugubino
1185 2887 1251 2908 non

245 2933 405 2964 duximus
432 2933 685 2968 admittendam,
712 2933 801 2971 quia,
833 2940 908 2962 cnm
933 2931 1073 2962 ecclesia
1100 2931 1252 2962 Romana

246 2986 441 3017 comitatum
472 2986 582 3025 ipsum
618 2985 694 3016 aliis
727 2985 861 3015 duxerit
892 2983 1153 3019 concedendum,
1184 2992 1250 3014 non

1286 391 1289 403 v
1313 381 1425 419 posset
1445 379 1610 410 revocatio
1628 379 1715 409 infra
1732 380 1864 418 tempu<
1881 379 2110 410 concessionis
2127 380 2321 419 hujusmodi

1313 433 1385 463 fieri
1409 433 1481 464 sine
1500 433 1724 463 inconstantie
1743 435 1820 463 nota
1837 435 1869 463 et
1888 441 2004 463 eorum
2023 433 2180 463 scandalo
2198 433 2323 472 quibus

1313 486 1485 517 concessio
1510 486 1595 516 facta
1621 485 1693 522 fuit,
1712 485 1869 524 quamvis
1887 486 1919 516 in
1944 486 2116 525 proposito
2139 486 2322 516 habeamus

1311 539 1351 570 de
1376 540 1534 570 comitatu
1557 539 1643 578 ipso,
1661 539 1802 569 decurso
1818 539 2047 570 concessionis
2063 539 2214 577 ejusdem
2241 540 2323 569 tem-

1311 601 1402 631 pore,
1430 592 1471 622 ad
1496 592 1681 631 augendam
1708 591 1919 622 devotionem
1946 594 2104 627 vestram,
2131 592 2321 631 disponere,

1312 647 1409 685 prout
1437 645 1545 684 ipsius
1570 645 1711 675 ecclesie
1728 645 1934 675 utilitatibus
1949 645 2135 675 viderimus
2151 644 2321 683 expedire.

1312 699 1362 730 Ad
1379 699 1449 734 hec,
1469 700 1503 728 ut
1521 698 1668 737 quietius
1684 698 1787 728 vitam
1804 698 1943 737 possitis
1959 699 2079 728 ducere
2099 698 2133 728 in
2146 698 2322 728 devotione

1311 752 1471 791 predicta,
1491 752 1576 782 scire
1604 760 1663 781 vos
1691 751 1849 782 voluinus
1875 751 1963 790 quod
1995 751 2106 781 taliter
2127 750 2323 781 curabimus

1284 802 1286 822 ³
1311 806 1489 844 procedere
1511 807 1627 835 contra
1655 804 1732 835 illos
1753 805 1811 843 qui
1830 804 1958 843 aliquid
1978 804 2010 834 in
2034 806 2183 834 vestrum
2210 803 2323 834 moliri

1284 860 1286 870 ’
1311 858 1534 897 prejudicium
1552 857 1763 888 attentabunt
1783 857 1882 896 quod,
1895 866 1981 896 pena
1998 857 2147 893 docente,
2165 859 2322 896 poterunt

1312 911 1484 942 advertere
1510 913 1674 950 quantum
1707 911 1741 941 in
1774 910 1898 941 vestris
1930 910 2096 941 molestiis
2129 918 2190 940 nos
2222 910 2322 940 offen-

1311 964 1402 995 dant.
1431 965 1574 1003 Insuper
1598 964 1780 994 scribimus
1802 963 1925 994 dilecto
1951 963 2020 994 filio
2044 963 2102 1000 M..¹
2133 963 2322 994 Veronensi

1311 1017 1428 1053 electo,
1447 1018 1568 1048 rectori
1585 1018 1725 1048 ducatus
1751 1017 1935 1057 spoletani,
1954 1019 1988 1047 ut
2006 1017 2046 1047 ad
2065 1017 2321 1056 requisitionem

1284 1096 1285 1099 ,
1311 1072 1458 1101 vestram
1476 1070 1572 1100 vobis
1589 1071 1750 1102 assis-tere
1768 1070 1885 1101 debeat
1898 1070 2071 1109 explicitis
2087 1070 2227 1106 viribus,
2246 1078 2322 1101 cum

1313 1124 1411 1154 fuerit
1433 1124 1649 1162 oportunum.
1672 1124 1796 1154 Datum
1814 1124 1901 1163 apud
1917 1123 2239 1160 Montemssasconis,
2263 1131 2321 1152 vin

1312 1177 1389 1207 idus
1407 1175 1608 1216 septembris
1626 1180 1648 1213 ¹,
1667 1177 1881 1215 pontificatus
1900 1177 2007 1207 nostri
2023 1185 2110 1207 anno
2129 1175 2287 1206 secundo.
2307 1186 2322 1205 »

1402 1332 1499 1363 2925

1711 1331 1941 1362 Montefiaseone,
1958 1330 1975 1358 8
1990 1331 2153 1365 septembre
2172 1331 2248 1358 1262.

1347 1419 1485 1446 Omnibus
1509 1418 1699 1446 ecclesiarum
1718 1418 1854 1452 praelatis
1870 1425 1921 1452 per
1939 1425 2060 1452 regnum
2081 1418 2218 1445 Franciae
2240 1425 2322 1445 cous·

1312 1469 1406 1496 titutis
1426 1468 1545 1495 mandat
1558 1467 1682 1494 habeant
1701 1467 1919 1494 commendatos
1935 1466 2050 1492 nuntios
2070 1467 2207 1501 episcopi,
2219 1467 2321 1494 decani

1311 1520 1339 1545 et
1369 1516 1486 1551 capituli
1507 1516 1791 1544 claromontensium
1817 1515 2026 1550 indulgentiam
2053 1515 2251 1550 praedicantes
2271 1523 2322 1550 pro

1310 1566 1494 1601 reparatione
1507 1565 1646 1592 ecclesiae
1662 1564 1921 1592 Claromontensis.
1935 1566 2033 1599 (Anca.
2051 1572 2088 1591 nr
2103 1564 2320 1596 Per-nz-Dous,

1312 1615 1395 1642 fonds
1409 1615 1445 1641 du
1461 1613 1619 1648 Chapitre.)

1350 1724 1367 1744 ((
1389 1713 1528 1743 I’rbanus
1545 1713 1716 1753 episcopus,
1732 1722 1835 1741 servus
1847 1721 2003 1741 servorum
2016 1711 2083 1747 Dei,
2100 1710 2322 1741 venerabilibus

1309 1767 1460 1806 fratribus
1478 1766 1716 1805 archiepiscopis
1737 1770 1765 1794 ct
1790 1765 1950 1805 episcopis,
1970 1775 2005 1794 uc
2028 1764 2147 1794 dilectis
2172 1764 2248 1803 filiis
2272 1765 2321 1794 ab·

1284 1828 1286 1855 =g
1311 1821 1441 1857 batibus,
1457 1820 1626 1860 prioribus,
1654 1819 1786 1856 decanis,
1810 1818 2046 1856 archidiaconis,
2072 1819 2250 1858 prepositis,
2272 1828 2321 1847 αι·-

1285 1878 1286 1882 ’
1310 1874 1534 1914 cliipresbileris
1543 1878 1570 1903 el
1584 1872 1654 1902 aliis
1664 1872 1856 1903 ecclesiarum
1868 1871 2211 1913 prelatis.pe1·1*e9num
2225 1871 2321 1901 Fran-

1284 1945 1285 1953 κ
1310 1928 1353 1957 cic
1376 1928 1560 1963 constitutis,
1583 1925 1709 1955 salutem
1728 1930 1754 1955 et
1774 1926 1971 1965 apostolicam
1993 1924 2239 1955 benedictionem.
2263 1925 2321 1955 Ec-

1309 1981 1489 2011 clesiarum
1508 1980 1645 2010 fabricis
1662 1988 1799 2009 manum
1821 1979 1993 2019 porrigere
2007 1978 2202 2016 adjutricem
2226 1978 2320 2017 plum

1310 2033 1398 2072 apud
1431 2034 1539 2063 Deum
1579 2034 1609 2063 et
1644 2032 1854 2062 meritorium
1886 2033 2090 2070 reputantes,
2130 2030 2322 2070 frequenter

1309 2086 1432 2118 Christi
1450 2086 1565 2116 fideles
1583 2085 1623 2115 ad
1649 2085 1910 2124 impendendum
1929 2084 2082 2115 ecclesiis
2103 2084 2189 2123 ipsis
2206 2084 2319 2123 hujus-

1284 2141 1285 2147 *
1310 2139 1399 2170 modi
1419 2139 1584 2169 auxilium
1599 2139 1724 2169 nostris
1743 2147 1919 2168 monemus
1939 2137 2061 2168 litteris
2077 2140 2107 2168 et
2128 2137 2318 2172 hortamurg

1284 2182 1285 2186 Ἰ
1309 2195 1340 2223 et
1355 2196 1389 2223 ut
1408 2193 1448 2223 ad
1465 2193 1498 2222 id
1512 2201 1550 2223 eo
1566 2192 1686 2222 fortius
1701 2192 1892 2222 animentur
1909 2200 1974 2230 quo
1991 2191 2101 2230 majus
2118 2199 2159 2221 ex
2172 2190 2233 2221 hoc
2249 2190 2318 2220 ani-

1310 2255 1440 2276 marum
1458 2245 1635 2276 comodum
1661 2245 1869 2284 speraverint
1897 2245 2052 2284 adipisci,
2077 2252 2317 2283 nonnunquam

1308 2308 1368 2339 pro
1384 2299 1450 2329 hiis
1463 2298 1705 2338 temporalibus
1716 2298 1888 2337 suffragiis
1903 2297 2092 2337 spiritualia
2105 2297 2154 2327 eis
2167 2305 2317 2332 munera,

1309 2353 1527 2383 remissiones
1552 2352 1706 2382 videlieet
1733 2353 1765 2382 et
1792 2351 2029 2389 indulgentias
2057 2350 2253 2389 elargimur.
2278 2350 2320 2381 Et

1309 2406 1443 2446 quidem
1470 2405 1673 2436 conveniens
1696 2406 1746 2435 est
1768 2406 1799 2435 et
1825 2405 1963 2444 dignuin
1988 2406 2024 2434 ut
2047 2404 2162 2435 fideles
2180 2403 2318 2440 Christi,

1309 2459 1381 2490 loca
1406 2459 1518 2489 divino
1545 2458 1705 2497 deputata
1721 2457 1838 2493 cultui,
1858 2457 2035 2488 devotione
2058 2465 2205 2496 congrua
2224 2465 2320 2487 vene-

1308 2514 1432 2548 rantes,
1452 2514 1483 2542 et
1499 2511 1649 2542 debitum
1670 2511 1739 2541 illis
1753 2511 1914 2541 honorem
1931 2512 2122 2541 reverenter
2139 2509 2319 2540 exhibeant

1308 2567 1340 2596 et
1363 2565 1403 2596 ad
1426 2565 1620 2595 eorumdem
1644 2565 1799 2595 decorem
1832 2573 1893 2594 sua
1923 2564 2026 2594 etiam
2044 2563 2217 2603 impendia
2253 2564 2320 2594 stu-

1308 2619 1414 2653 diose,
1427 2627 1503 2648 cuin
1520 2620 1551 2648 et
1566 2618 1599 2648 in
1615 2617 1853 2657 componendis
1869 2617 1908 2647 ad
1920 2625 2001 2647 usus
2017 2616 2183 2647 humanos
2198 2616 2318 2647 edibus

1308 2671 1456 2711 impendi
1477 2671 1651 2710 diligentia
1675 2670 1816 2706 soleant,
1843 2669 2114 2704 subministrent,
2146 2669 2316 2709 quatinus,

1308 2724 1567 2764 cooperantibus
1589 2723 1776 2754 caritativis
1805 2724 1956 2762 ipsorum
1982 2722 2158 2757 subsidiis,
2188 2723 2319 2761 possint

1308 2778 1366 2808 illa
1386 2777 1534 2808 decentis
1559 2776 1849 2807 consummatione
1874 2777 2041 2806 structure
2063 2775 2200 2815 superni
2227 2775 2317 2815 regis

1309 2830 1465 2861 laudibus
1484 2832 1578 2870 cepta
1596 2829 1702 2860 reddi.
1721 2829 1808 2860 Hinc
1824 2830 1875 2860 est
1895 2828 1995 2868 quod,
2012 2837 2099 2864 cum,
2117 2828 2203 2859 sicut
2221 2836 2316 2859 vene-

1308 2883 1427 2915 rabilis
1444 2883 1545 2913 frater
1570 2884 1700 2913 noster.
1716 2905 1722 2911 .
1745 2882 1937 2921 episcopus,
1957 2883 1987 2912 et
2004 2881 2117 2912 dilecti
2143 2881 2205 2911 filii
2223 2881 2316 2912 deca-

1342 2992 1362 3015 ¹.
1377 2991 1420 3015 ΜΞ
1434 2996 1438 3015 2
1455 2989 1597 3014 setemhris.
