2519 3262
1081 178 1319 218 TROISIEME
1347 179 1510 216 ANNEE.

252 275 304 305 vel
324 283 424 314 quam
442 274 590 312 primum
608 273 649 304 ad
666 273 699 303 id
723 281 758 303 se
778 272 911 303 offerret
941 271 1166 310 oportunitas,
1193 278 1267 308 pro-
1297 277 1299 312 ἠ

251 328 418 365 viderent,
444 327 580 357 irritum
608 328 639 357 et
665 326 765 356 inane
797 325 981 355 decernens
1012 323 1126 362 siquid
1151 323 1268 352 contra

251 380 447 420 hujusmodi
471 380 620 410 mandati
646 379 699 409 sui
726 380 878 408 tenorem
904 376 1065 406 existeret
1092 377 1269 413 attempta-

252 437 336 464 tum.
360 433 450 464 Dicti
470 434 583 463 autem
604 432 698 470 prior
718 432 724 450 ¹
744 432 775 461 et
793 430 906 460 clerici
924 429 1092 459 mandatis
1111 428 1270 467 apostoli-

251 487 300 517 cis
316 495 435 525 parere
452 486 616 520 volentes,
636 484 763 514 dictum
778 482 961 513 Alfonsum
974 483 1008 512 in
1023 482 1112 511 dicta
1126 481 1269 512 ecclesia

252 542 451 578 receperunt
475 539 509 568 in
537 537 737 568 canonicum
758 537 790 566 et
811 535 845 565 111
864 536 1014 571 fratrem,
1032 535 1269 573 promittentes

252 592 317 622 sibi
347 592 386 622 de
413 591 584 630 prebenda
604 598 663 620 seu
691 589 855 628 portione,
887 588 1102 627 quamprimo
1132 588 1166 617 in
1195 588 1270 625 ipsa

252 645 394 675 ecclesia
411 652 528 674 vacare
548 643 767 681 contingeret,
784 641 1065 680 providere,suas
1084 641 1150 671 sibi
1167 649 1270 679 super

253 698 319 728 hiis
337 699 492 736 patentes
510 696 643 726 litteras
661 695 884 729 concedendo,
905 694 1144 733 predictusque
1165 694 1271 723 domi-

251 759 315 781 nus
348 749 542 780 Alexander
567 748 656 787 quod
680 748 720 778 ab
739 747 857 778 eodem
874 747 987 786 priore
1007 749 1038 777 et
1057 747 1190 777 clericis
1210 756 1269 785 pro

252 804 339 834 dicto
360 802 503 832 Alfonso
535 802 570 831 in
592 810 629 831 ea
647 803 740 840 parte
762 800 887 831 factum
914 801 1036 836 suerat,
1070 801 1270 830 auctoritate

255 855 440 894 apostolica
464 855 688 885 confirmavit.
714 856 866 893 Cumque
884 853 1102 892 postmodum
1126 854 1271 892 quedam
1302 863 1303 880 1

253 908 423 948 prebenda
453 908 524 938 sive
542 908 653 947 portio
672 908 707 937 in
728 907 817 937 dicta
835 909 969 938 vacaret
987 907 1141 943 ecclesia,
1169 915 1271 945 quam

255 962 425 1001 quondam
443 961 606 1000 magister
621 961 822 991 Dominicus
840 960 880 990 de
897 960 1120 999 Ferraginali‚
1140 960 1274 990 canoni-

252 1024 311 1045 cus
337 1015 447 1053 ipsius
467 1014 621 1050 ecclesie,
642 1014 677 1044 in
703 1014 779 1052 ipsa
796 1013 939 1044 ecclesia
961 1013 1146 1048 obtinebat,
1169 1014 1274 1043 domi-

253 1077 318 1098 nus
343 1068 532 1098 Rodericus
550 1067 697 1102 Alfonsi,
727 1067 785 1106 qui
807 1067 932 1097 dictam
958 1067 1138 1097 ecclesiam
1158 1068 1272 1097 sancte

254 1122 361 1152 Marie
378 1121 500 1151 habere
515 1121 639 1151 dicitur
655 1120 937 1156 commendatam,
956 1122 987 1150 et
1004 1120 1156 1159 ejusdem
1170 1120 1273 1150 eccle-

253 1174 302 1204 sie
321 1174 437 1204 clerici
454 1175 570 1204 contra
582 1173 847 1212 promissionem
864 1173 1063 1212 hujusmodi
1078 1174 1204 1203 temere
1219 1182 1273 1203 ve-

254 1227 399 1261 nientes,
429 1227 555 1257 dictam
580 1226 786 1265 prebendam
813 1235 873 1256 seu
899 1226 1091 1264 portionem
1115 1235 1176 1265 pro
1205 1236 1273 1257 1119-

257 1280 381 1310 dietate
403 1279 514 1318 ipsius
540 1279 651 1318 Aprili
678 1279 848 1309 Vincentii
880 1279 1104 1313 contulerunt,
1132 1279 1167 1309 in
1192 1280 1274 1310 dicti
1304 1269 1306 1293 ³

258 1333 395 1363 Alfonsi
422 1333 649 1372 prejiidicium
681 1334 713 1362 et
741 1333 920 1371 jacturam,
951 1341 969 1362 a
1000 1341 1067 1371 qua
1096 1333 1274 1363 collatione

259 1395 319 1417 seu
335 1387 530 1425 provisione
548 1385 701 1425 prefatus
716 1386 893 1421 Alfonsus,
912 1386 1029 1416 statim
1049 1395 1125 1416 011111
1144 1387 1185 1416 ad
1203 1388 1275 1426 ejus

259 1440 414 1479 pervenit
437 1440 607 1474 notitiam,
637 1439 809 1469 adsedem
830 1439 1052 1478 apostolicam
1079 1441 1273 1479 appellavit.
1306 1444 1308 1457 ¹

259 1493 325 1528 Qui
353 1493 393 1523 ad
415 1493 529 1523 sedem
553 1493 714 1523 accedens
733 1493 884 1529 eandem,
907 1492 1136 1523 venerabilem
1164 1494 1276 1524 virum

260 1546 435 1576 dominum
454 1546 657 1576 Deltinatem
669 1546 709 1576 de
727 1546 883 1584 Neapoli,
897 1546 1025 1575 domini
1038 1555 1123 1584 pape
1141 1546 1276 1576 subdia-

261 1608 382 1630 conum
416 1601 446 1629 et
477 1599 702 1638 capellanum,
737 1599 928 1629 auditorem
956 1608 1135 1629 causarum
1166 1600 1276 1638 ipsius

261 1653 378 1692 palatii
394 1653 598 1692 generalem,
617 1652 651 1682 in
665 1652 752 1682 dicta
766 1661 868 1682 causa
884 1652 1126 1691 appellationis
1137 1655 1168 1682 et
1186 1653 1277 1691 prin-

261 1706 381 1745 cipalis
392 1705 535 1736 obtinuit
549 1706 750 1736 auditorem.
762 1706 884 1736 Coram
897 1714 962 1744 quo
973 1706 1124 1744 predicto
1135 1706 1278 1736 Alfonso

261 1768 322 1798 pro
345 1768 380 1789 se
402 1759 564 1797 legitime,
590 1768 650 1798 pro
678 1759 772 1797 parte
796 1767 874 1788 vero
900 1758 967 1788 alia
992 1759 1092 1789 Petro
1119 1759 1279 1789 Roderici
1309 1754 1310 1757 '

262 1812 548 1852 comparentibus,
580 1811 733 1851 prefatus
770 1811 928 1842 dominus
960 1811 1112 1842 Delfinas
1143 1821 1203 1851 pro
1239 1822 1278 1844 eo

262 1866 351 1905 quod
371 1866 481 1896 dictus
509 1866 632 1896 Petrus
648 1873 709 1904 pro
731 1865 862 1904 prefato
886 1865 998 1903 Aprili
1022 1865 1063 1895 ad
1082 1865 1279 1896 istiusmodi

261 1919 535 1958 prosecutionem
554 1926 654 1948 cause
673 1918 871 1948 mandatum
895 1918 1069 1948 sufficiens
1090 1927 1154 1948 non
1178 1919 1279 1949 liabe-

261 1972 317 2003 bat
347 1981 406 2002 nec
437 1972 522 2002 alias
544 1972 662 2002 idonee
696 1971 862 2002 satisdare
880 1971 1000 2008 voluit,
1030 1973 1067 2002 ut
1096 1974 1148 2002 est
1177 1972 1277 2011 juris,

263 2025 528 2064 appellationem
543 2034 561 2055 a
580 2025 669 2055 dicto
684 2024 827 2055 Alfonso
838 2025 1087 2063 interpositam,
1099 2025 1280 2064 diligenter

262 2078 462 2117 inspiciens,
474 2087 510 2108 ac
523 2078 711 2109 discutiens
728 2078 817 2117 quod
832 2078 997 2109 Alfonsus
1010 2078 1175 2118 prefatus,
1193 2079 1281 2109 sic-ut
1310 2081 1312 2089 ¹

263 2132 391 2168 debuit,
412 2134 564 2170 tempora
576 2131 803 2167 observasset,
815 2132 1053 2170 pronunciavit
1067 2141 1203 2162 causam
1221 2133 1281 2162 hu-

260 2185 411 2225 jusmodi
428 2194 504 2215 esse
521 2185 562 2215 ad
579 2185 708 2215 cuidam
725 2185 876 2224 legitime
893 2185 1099 2222 devolutam,
1121 2186 1231 2224 ipsam
1246 2185 1281 2216 in
1311 2207 1313 2243 1

265 2239 358 2269 curia
374 2238 495 2269 debere
509 2238 660 2275 tractari,
679 2238 760 2269 dicti
778 2238 910 2277 Aprilis
928 2247 1028 2277 quem
1048 2241 1280 2269 contumacem

265 2292 446 2331 reputavit,
474 2291 628 2321 absentia
645 2300 710 2322 non
731 2291 898 2322 obstante.
918 2292 1040 2322 Coram
1058 2301 1135 2331 quo,
1156 2293 1189 2322 in
1208 2302 1282 2323 con-
1312 2280 1313 2322 1

263 2345 413 2375 tumacia
424 2345 565 2375 adverse
579 2345 697 2383 partis,
709 2345 862 2384 prefatus
876 2345 1041 2375 Alfonsus
1055 2345 1210 2376 libellum
1226 2346 1282 2377 ob-

265 2398 345 2428 tulit
363 2398 636 2437 infrascriptum:

306 2460 324 2481 «
345 2451 466 2482 Coram
490 2451 586 2481 vobis
612 2451 749 2481 domino
775 2451 954 2486 Deltinate,
979 2452 1106 2482 domini
1123 2461 1208 2491 pape
1230 2462 1282 2483 ca-

269 2514 283 2534 »
303 2504 449 2542 pellano,
467 2513 645 2534 causarum
660 2505 779 2543 palatii
791 2505 943 2544 ejusdem
954 2506 1279 2544 generaliauditore‚
1313 2504 1315 2546 i

270 2567 285 2586 11
305 2557 387 2587 dicit.
405 2559 436 2587 et
456 2557 615 2596 proponit
636 2557 802 2588 Alfonsus
825 2558 982 2588 Menendi
1005 2559 1148 2589 clericus
1167 2561 1284 2590 contra

270 2620 285 2640 »
303 2610 457 2649 Aprilem
477 2610 645 2640 Vincentii
658 2611 758 2649 quod,
776 2620 852 2641 cum
868 2611 941 2650 ipse
960 2611 1123 2642 Alfonsus
1141 2614 1283 2643 auctori·
1314 2600 1315 2611 ¹

270 2665 370 2694 »tate
397 2663 584 2702 apostolica
610 2665 700 2694 esset
724 2665 880 2702 receptus
905 2673 923 2694 a
954 2665 1066 2703 priore
1092 2667 1124 2696 et
1152 2666 1283 2696 clericis
1314 2676 1315 2710 1

271 2726 286 2746 11
305 2719 418 2747 sancte
435 2717 541 2747 Marie
557 2717 597 2747 de
614 2717 782 2747 Alcazova
795 2717 835 2747 de
847 2718 1062 2752 Sanctarena,
1078 2719 1284 2750 Ulixbonen-
1314 2735 1315 2751 1

272 2779 286 2799 11
305 2770 354 2800 515
371 2770 530 2807 diocesis,
550 2770 584 2800 in
608 2770 739 2800 socium
759 2770 920 2801 clericum
945 2773 975 2802 et
998 2771 1033 2801 in
1054 2772 1193 2803 fratrem
1212 2781 1249 2803 ac
1266 2782 1285 2803 a
1315 2760 1316 2767 ἵ

306 2892 326 2915 1.
343 2891 381 2915 Le
396 2892 453 2914 mot
468 2889 543 2921 prior
559 2891 602 2914 est
619 2888 724 2920 repete.

2283 192 2340 221 109

1331 269 1526 308 »predictis
1550 269 1661 308 priore
1685 270 1716 299 et
1735 269 1867 299 clericis
1886 271 1993 300 eidem
2019 274 2106 301 esset
2133 274 2337 310 promissum

1330 332 1344 350 11
1365 324 1401 352 ut
1425 323 1535 352 eidem
1556 322 1772 361 providerent
1795 323 1828 352 in
1856 323 2005 361 predicta
2030 325 2172 355 ccclesia
2197 326 2236 355 dv
2268 336 2340 364 pre-

1332 386 1346 403 »
1364 375 1473 405 benda
1492 384 1551 405 seu
1574 376 1727 414 portione
1745 376 1997 414 quamprimum
2020 377 2059 406 ad
2088 378 2118 406 id
2139 388 2173 407 se
2198 379 2340 408 facultas

1332 439 1346 458 »
1366 429 1509 464 offerret,
1539 437 1575 458 ac
1608 429 1765 458 dominus
1794 437 1877 467 papa
1904 429 2110 460 decrevisset
2143 431 2277 461 irritum
2310 435 2338 462 et

1333 492 1346 510 »
1368 482 1466 512 inane
1483 482 1511 511 si
1531 490 1627 511 secus
1645 482 1684 511 de
1702 482 1791 511 dicta
1807 482 1977 520 prebenda
1998 484 2027 513 et
2046 484 2199 522 1101110119
2218 485 2340 514 existe-

1333 545 1346 561 »
1366 537 1415 564 ret
1441 536 1690 573 attemptatum,
1714 536 1745 564 et
1765 534 1853 564 idem
1873 535 2032 565 dominus
2048 545 2135 574 papa
2156 537 2341 575 predictam

1332 598 1347 617 »
1366 587 1593 626 receptionem
1631 589 1661 617 et
1701 588 1964 626 promissionem
2002 589 2111 618 eidem
2146 590 2287 619 Alt'ouso
2325 599 2343 619 a

1333 641 1466 671 »dictis
1494 641 1606 679 priore
1636 641 1667 670 et
1698 641 1831 670 clericis
1854 641 1989 676 factam,
2022 651 2082 680 per
2109 651 2188 672 suas
2212 642 2343 672 litteras

1333 704 1347 723 »
1367 695 1610 729 confirmasset,
1650 696 1788 723 vacante
1827 696 1944 732 postea
1982 695 2153 733 prebenda
2189 696 2240 725 vel
2271 705 2344 734 por-

1333 756 1348 776 »
1370 747 1459 777 tione
1478 756 1579 786 quam
1602 746 1746 777 obtinuit
1765 748 1934 786 quondam
1956 748 2117 787 magister
2142 748 2343 779 Dtuninirus

1302 838 1303 844 ἵ
1333 811 1348 830 11
1365 801 1405 831 de
1425 801 1633 839 Ferraginali
1652 800 1686 830 in
1703 800 1792 830 dicta
1810 801 1963 835 ecclesia,
1984 810 2042 839 per
2060 804 2202 832 mortem
2220 802 2343 840 ipsius,

1333 864 1348 884 »
1366 854 1524 884 dominus
1536 854 1576 884 R.
1596 853 1652 892 qui
1669 853 1768 883 habet
1785 853 1909 883 dictam
1927 854 2104 884 ecclesiam
2117 856 2229 885 sancte
2239 855 2344 885 Marie

1332 917 1349 937 11
1368 907 1650 942 commendatam,
1661 908 1691 937 et
1706 907 1819 936 clerici
1832 907 1983 946 ejusdem
1997 907 2149 943 ecclesie,
2167 909 2283 938 contra
2297 917 2346 938 re-

1302 981 1304 992 .
1335 972 1348 987 n
1368 960 1555 999 ceptionem
1579 962 1609 990 et
1634 959 1896 998 promissionem
1927 960 2048 990 factam
2072 960 2181 990 eidem
2203 961 2345 991 Alt'onso

1333 1023 1350 1043 »
1366 1015 1491 1044 temero
1517 1013 1703 1047 venientes,
1722 1013 1755 1042 in
1781 1013 1891 1051 ipsius
1916 1013 2049 1043 Alfonsi
2073 1013 2295 1052 prejudicium
2315 1016 2345 1043 et

1334 1076 1351 1096 »
1365 1067 1542 1106 jacturam,
1562 1067 1685 1096 dictam
1695 1066 1900 1105 prebendam
1921 1075 1980 1096 seu
2001 1067 2190 1105 portionem
2207 1075 2265 1105 pro
2281 1075 2349 1097 me-

1336 1130 1350 1149 »
1366 1120 1490 1150 dietate
1508 1120 1723 1150 contulerunt
1739 1120 1827 1150 dicto
1840 1120 1969 1158 Aprili:
1985 1128 2002 1149 a
2016 1128 2081 1158 qua
2095 1119 2274 1150 collatione
2288 1128 2347 1150 seu

1336 1173 1561 1212 »provisione
1580 1173 1690 1203 dictus
1704 1173 1880 1210 Affonsus,
1900 1173 2014 1203 statim
2033 1181 2108 1202 cum
2128 1173 2169 1202 ad
2183 1173 2255 1211 ejus
2275 1181 2347 1211 per-

1335 1235 1352 1256 »
1373 1227 1463 1257 venit
1490 1226 1657 1262 notitiam,
1682 1227 1796 1256 sedem
1818 1226 2040 1264 apostolicam
2070 1226 2220 1264 legitime
2239 1226 2350 1264 appel-

1337 1290 1351 1309 »
1368 1280 1462 1310 lavit.
1482 1280 1592 1315 Quare
1608 1280 1692 1318 petit
1711 1279 1896 1318 predictam
1917 1279 2123 1317 prebendam
2144 1288 2203 1309 seu
2226 1279 2349 1317 portio-

1339 1343 1352 1362 »
1370 1342 1447 1364 nem
1467 1333 1532 1363 sibi
1551 1341 1610 1372 per
1628 1341 1688 1363 vos
1713 1332 1900 1371 adjudicari
1920 1334 1952 1362 et
1980 1333 2021 1362 ad
2038 1341 2114 1362 eum
2132 1332 2171 1362 de
2187 1332 2262 1371 jure
2277 1341 2351 1371 per—

1337 1399 1351 1414 »
1369 1387 1476 1417 tinere
1503 1387 1649 1423 decerni,
1667 1395 1701 1416 ac
1720 1386 1833 1424 ipsum
1856 1386 2010 1424 Aprilem
2029 1394 2047 1414 a
2064 1385 2243 1415 medietate
2263 1385 2349 1415 dicte

1337 1449 1354 1469 »
1371 1440 1540 1479 prebende
1568 1448 1628 1469 seu
1649 1439 1816 1478 portionis
1836 1448 1936 1478 quam
1958 1441 2060 1468 tenet.
2081 1439 2229 1468 amoveri
2248 1440 2277 1467 et
2305 1438 2350 1468 ei-

1339 1503 1353 1522 »
1372 1494 1448 1523 dem
1463 1501 1612 1532 superea
1623 1495 1823 1531 perpetuum
1844 1492 2018 1522 silentium
2032 1492 2173 1530 imponi,
2189 1500 2263 1521 cum
2277 1491 2349 1521 nul·

1339 1557 1353 1576 »
1374 1547 1445 1576 lum
1459 1547 1516 1585 1115
1538 1545 1659 1576 habeat
1675 1546 1709 1575 in
1728 1545 1858 1579 eadem,
1881 1547 1913 1575 et
1928 1553 1987 1583 per
2003 1545 2146 1574 eundem
2168 1544 2348 1574 Alt'onsum

1340 1610 1354 1629 »
1370 1600 1453 1629 bene
1471 1599 1690 1638 appellatum,
1712 1600 1743 1628 et
1763 1598 1933 1637 predictos
1952 1599 2006 1634 R,
2030 1598 2086 1636 qui
2106 1597 2203 1627 habet
2222 1598 2347 1627 dictam

1339 1662 1355 1682 »
1372 1653 1550 1683 ecclesiam
1561 1652 1841 1685 commendatam,
1854 1653 1884 1681 et
1895 1651 2036 1681 clericos
2047 1651 2198 1689 ejusdem
2209 1650 2350 1680 ecclesie

1340 1716 1355 1736 »
1370 1706 1457 1736 male
1474 1713 1669 1744 processum
1686 1705 1838 1743 fore,per
1855 1713 1916 1734 ros
1926 1703 2161 1742 pronunciari,
2179 1705 2209 1733 et
2224 1703 2282 1733 hec
2296 1712 2349 1742 pe-

1341 1770 1356 1790 »
1378 1761 1418 1790 tit
1443 1759 1537 1790 salvo
1560 1758 1635 1797 jure
1662 1760 1744 1793 etc,
1764 1758 1847 1796 petit
1876 1757 1978 1787 etiam
2002 1757 2132 1786 fructus
2160 1765 2245 1795 quos
2262 1757 2351 1786 idem

1341 1824 1356 1843 »
1372 1812 1588 1852 Aprilisiude
1607 1811 1756 1850 percepit
1770 1813 1801 1840 et
1820 1811 1878 1849 qui
1891 1810 2018 1849 percipi
2037 1811 2217 1848 potuerunt
2236 1818 2253 1839 a
2270 1812 2351 1839 tem-

1342 1879 1356 1894 »
1374 1875 1455 1905 pore
1478 1865 1663 1895 vacationis
1685 1864 1877 1902 supradicte
1895 1863 2075 1902 portionis,
2100 1871 2174 1892 cum
2195 1862 2352 1901 dampnis

1342 1931 1356 1949 »
1378 1920 1615 1950 etainteresse.
1632 1917 1720 1948 Petit
1738 1917 1840 1947 etiam
1868 1925 2035 1955 expensas
2051 1916 2156 1946 factas
2174 1917 2204 1946 et
2228 1918 2353 1954 protes-

1342 1985 1357 2003 »
1376 1975 1464 2004 tatur
1481 1973 1521 2002 de
1538 1971 1713 2002 sac-iendis.
1733 1980 1748 2000 11

1381 2026 1531 2057 Tandem
1543 2024 1715 2063 predictus
1725 2023 1883 2054 dominus
1897 2022 2060 2059 Delfinas,
2074 2022 2198 2060 abipso
2212 2021 2354 2052 Alt'onso

1337 2081 1529 2120 juramento
1555 2079 1701 2116 recepto,
1726 2077 1852 2107 dictum
1877 2076 2031 2115 Aprilem
2049 2076 2083 2105 in
2102 2075 2273 2105 audientia
2298 2083 2355 2113 pu-

1340 2134 1429 2164 blica
1450 2140 1692 2171 responsurum
1710 2130 1827 2160 libello
1847 2129 1998 2168 predicto
2016 2131 2047 2159 et
2066 2129 2152 2158 alias
2170 2128 2354 2158 secundum

1311 2179 1312 2203 ³
1338 2187 1426 2227 juris
1451 2186 1604 2217 ordinem
1619 2192 1860 2223 processurum
1881 2183 1914 2213 in
1932 2190 2044 2215 causa,
2068 2181 2295 2220 peremptorie
2314 2180 2356 2210 ci-

1340 2241 1406 2271 tari
1435 2239 1524 2275 fecit,
1550 2239 1651 2277 prout
1676 2245 1857 2276 processus
1883 2235 2031 2274 qualitas
2059 2233 2226 2273 exigebat.
2257 2234 2355 2263 Dicto

1342 2302 1420 2324 vero
1439 2292 1551 2331 Aprili
1570 2300 1629 2322 nec
1649 2299 1708 2329 per
1727 2298 1762 2320 se
1780 2298 1838 2320 nec
1853 2298 1912 2328 per
1926 2290 2179 2327 procuratorem
2198 2287 2355 2316 idoneum

1342 2354 1536 2385 comparere
1565 2346 1712 2379 curante,
1739 2343 1957 2382 probationes
1984 2340 2119 2371 Alfonsi
2143 2340 2285 2378 sepefati
2306 2348 2356 2369 re-

1343 2401 1430 2439 cepit
1447 2400 1579 2433 iterato,
1598 2397 1725 2427 faciens
1740 2396 1884 2427 eundem
1902 2394 2055 2433 Aprilem
2072 2393 2300 2432 peremptorie
2322 2393 2356 2422 in

1313 2468 1315 2495 3
1344 2453 1517 2484 audientia
1543 2451 1694 2490 predicta
1721 2450 1818 2480 citari
1847 2449 1887 2479 ad
1913 2447 2131 2478 diffinitivam
2152 2446 2356 2476 sententiam
2392 2456 2395 2458 ’

1344 2507 1560 2537 audiendam.
1571 2506 1711 2539 Verum,
1723 2504 1910 2533 memorato
1921 2501 2057 2531 domino
2067 2499 2235 2530 Delfinate
2248 2499 2289 2529 ad
2298 2499 2357 2528 1111-

1340 2560 1490 2600 jusmodi
1506 2558 1730 2598 prolationem
1748 2555 1914 2586 sententie
1929 2554 2110 2593 procedere
2128 2562 2192 2583 11011
2211 2553 2355 2586 volente,

1345 2613 1585 2644 sanctissimus
1613 2612 1708 2650 pater
1735 2609 1893 2640 dominus
1913 2607 2071 2639 Urbanus
2097 2615 2183 2645 papa
2201 2606 2265 2635 [III
2282 2613 2354 2638 nos,

1344 2667 1546 2706 magistrum
1563 2666 1766 2699 Navarrum,
1782 2662 1994 2701 capellanum
2008 2668 2106 2690 suum
2119 2661 2151 2690 et
2169 2659 2357 2689 auditorem

1345 2727 1525 2751 causarum
1556 2717 1664 2756 ipsius
1698 2715 1831 2755 pallatii
1861 2714 2066 2754 generalem,
2097 2712 2187 2742 dedit
2221 2712 2255 2741 in
2284 2711 2358 2749 ipsa

1345 2782 1446 2804 causa
1462 2771 1616 2811 partibus
1634 2769 1916 2800 audit01·em.Nos
1927 2767 2038 2805 itaque
2055 2765 2242 2805 predictum
2261 2763 2358 2802 Apri-

1346 2826 1415 2857 lem
1447 2826 1567 2855 iterato
1586 2821 1813 2862 peremptorie
1831 2821 1928 2851 citari
1947 2820 2101 2850 fecimus.
2121 2818 2278 2850 Demum,
2297 2824 2358 2855 pro

1345 2880 1441 2919 parte
1466 2878 1545 2908 dicti
1573 2876 1702 2916 Aprilis
1726 2875 1862 2905 nemine
1880 2873 2107 2911 comparente,
2131 2871 2217 2900 visis
2237 2869 2359 2908 allega-
