2519 3262
229 230 288 258 224

269 325 284 345 «
306 338 324 345 ..
344 314 446 344 abbate·
462 323 485 342 s.
504 311 656 350 Genovefe
676 308 873 339 Parisiensis.
892 308 959 338 Sua
975 306 1073 337 nobis
1096 305 1240 336 dilectus

228 369 321 399 filius
336 366 676 406 magisterJohannes
688 362 907 398 Parisiensis,
922 361 1031 391 dictus
1041 359 1076 389 de
1089 358 1238 395 ΟυὶιίΙΙὶα,

229 422 383 458 01011003,
408 420 570 459 petitione
600 416 803 448 monstravit
828 415 917 454 quod
943 413 1111 453 quondam
1138 413 1241 443 frater

228 474 437 515 Reginaldus
455 474 494 503 de
504 471 685 506 Vicheriis,
700 469 862 515 magister
878 468 1000 498 domus
1012 467 1243 497 Militie'l'em-

229 528 289 568 pli,
309 527 404 558 fratri
418 525 566 557 uuisioni
583 525 622 555 de
639 522 810 554 Basavilla
826 520 1070 560 predecessori,
1087 543 1106 550 ..
1125 519 1242 558 prede-

229 581 375 612 cessori1
392 580 570 610 domorum
583 577 704 608 militie
719 575 853 614 Templi
865 575 900 604 in
909 574 1062 608 Francia,
1079 572 1141 602 sub
1153 573 1244 602 certa

230 635 338 664 forma
353 641 412 672 per
424 640 505 662 suas
523 631 656 661 litteras
674 627 891 659 demandavit
909 628 945 657 ut
957 627 1066 657 eidem
1081 625 1243 664 magistro

229 688 274 722 J„
293 694 404 725 quem,
421 684 462 715 ob
478 683 713 723 prerogativan
730 681 929 712 meritorum
948 680 1069 719 ipsius,
1094 679 1128 708 in
1143 686 1243 708 suum

232 740 391 770 clericum
410 739 442 769 et
466 737 670 768 familiarem
688 734 933 773 assumpserat,
951 733 991 763 de
1009 733 1123 771 aliquo
1141 731 1245 761 00010-

233 792 368 822 siastico
383 791 546 822 beneficio
560 788 774 828 competenti,
788 788 829 818 ad
844 787 994 827 ejusdem
1009 786 1129 816 domus
1148 784 1245 814 colla-

232 846 358 876 tionem
380 845 564 883 spectante,
584 851 692 881 usque
709 842 750 872 ad
766 841 916 871 valorem
935 847 1084 870 annuum
1101 838 1245 877 quadra-

233 899 325 938 ginta
339 898 504 928 librarum
514 895 775 932 Parisiensium,
790 894 968 933 providere
978 902 1014 922 ac
1025 891 1162 922 interim
1179 890 1246 921 sibi

234 953 368 982 centum
387 950 574 980 solidorum
597 948 846 979 Parisiensium
876 954 1022 976 annuam
1047 944 1246 983 pensionem

234 1005 407 1043 assignare
418 1005 561 1040 curaret,
572 1003 671 1042 prout
682 1002 715 1031 in
725 1001 850 1031 litteris
861 999 937 1029 inde
952 998 1125 1034 confectis,
1137 997 1247 1036 ipsius

235 1058 353 1088 fratris
371 1058 411 1088 R.
426 1055 703 1095 sigillomunitis,
720 1053 855 1093 plenius
871 1052 995 1082 dicitur
1011 1051 1188 1081 contineri.
1205 1051 1247 1081 Et

234 1112 314 1142 licet
331 1110 481 1150 predicta
498 1109 617 1149 pensio
628 1106 835 1147 peraliquod
848 1108 983 1144 tempus
998 1104 1106 1135 eidem
1122 1104 1248 1143 magis-

234 1166 286 1195 tro
311 1165 341 1194 J.
362 1163 465 1194 fuerit
482 1163 668 1202 persoluta,
691 1162 803 1191 tamen
826 1160 901 1198 ipsa
924 1158 990 1188 sibi
1014 1166 1073 1197 per
1098 1158 1247 1196 quinque

235 1226 341 1249 annos
361 1218 393 1247 et
419 1216 566 1255 amplius
590 1216 641 1245 est
659 1213 841 1249 subtracta,
871 1213 1008 1251 propter
1025 1211 1115 1250 quod
1130 1211 1247 1241 eodem

235 1270 398 1309 magistro
414 1270 443 1299 J.
462 1268 560 1298 nobis
583 1267 758 1297 humiliter
776 1265 988 1304 supplicante
1004 1265 1039 1294 ut
1070 1264 1247 1303 providere

236 1323 301 1353 sibi
328 1331 429 1361 super
456 1322 517 1351 1100
534 1322 674 1360 paterna
697 1319 928 1350 sollicitudine
952 1326 1162 1354 curaremus,
1185 1326 1247 1347 nos

236 1377 324 1415 quod
335 1375 375 1405 ab
385 1375 501 1405 eodem
512 1375 615 1404 fratre
625 1374 664 1404 R.
679 1381 780 1412 super
792 1372 852 1402 1100
863 1372 988 1402 10010111
999 1371 1124 1406 extitit,
1135 1372 1247 1401 ratum

235 1431 266 1459 et
291 1430 424 1467 gratum
446 1427 618 1461 habentes,
639 1436 704 1465 (1110
731 1426 841 1456 (110103
860 1425 1022 1464 magister
1041 1425 1072 1454 J.
1091 1424 1247 1454 effectum

235 1481 428 1521 hujusmodi
444 1482 562 1520 gratie,
579 1489 620 1510 ex
632 1479 783 1510 mandati
800 1478 908 1508 nostri
918 1477 1115 1516 adjectione,
1133 1485 1248 1507 conse-

235 1537 395 1574 queretur
407 1534 554 1571 facilius,
564 1533 725 1563 dilectum
736 1533 845 1562 silium
857 1555 862 1560 .
875 1555 881 1560 .
893 1532 1124 1571 preceptorem
1135 1531 1246 1560 domo-

235 1597 309 1618 rum
324 1588 445 1618 Militie
461 1587 593 1625 Templi
608 1587 641 1616 in
655 1586 808 1622 Francia,
825 1593 1055 1615 successorem
1072 1584 1189 1614 fratris
1206 1584 1245 1613 G.

234 1641 388 1680 predicti,
398 1641 582 1679 rogandum
591 1639 835 1669 ethortandum
848 1639 973 1668 attente
983 1637 1157 1673 duximus,
1171 1645 1247 1666 nos-

234 1694 297 1724 tris
313 1694 341 1724 ei
362 1694 480 1723 dantes
504 1693 628 1724 litteris
650 1693 685 1722 in
705 1692 874 1722 mandatis
890 1692 926 1720 nt
949 1690 1058 1721 eidem
1082 1689 1247 1729 magistro

233 1748 263 1777 ,1,
283 1747 322 1777 (10
351 1747 513 1777 solvenda
538 1746 674 1776 interim
708 1745 858 1784 predicta
888 1744 1051 1783 pensione
1080 1744 1247 1782 prestaret

234 1801 401 1839 ydoneam
416 1800 605 1830 cautionem
623 1800 654 1830 01
671 1800 710 1829 (10
731 1798 913 1828 subtractis
928 1796 1075 1827 debitam
1093 1796 1246 1826 satisfac-

236 1854 359 1883 tionem
380 1853 588 1892 impenderet
605 1862 641 1882 ac
657 1853 696 1882 (10
713 1851 907 1890 hujusmodi
925 1851 1100 1886 beneficio,
1117 1849 1248 1888 siquod

236 1908 313 1936 111110
328 1906 467 1936 vacabat
483 1906 533 1936 vel
553 1906 806 1944 quamprimum
826 1905 866 1934 ad
886 1905 919 1933 id
937 1913 972 1934 se
989 1903 1132 1933 facultas
1151 1904 1244 1933 01101-

236 1959 403 1997 rct,juxta
418 1960 568 1989 tenorem
581 1959 770 1988 litterarum
783 1957 926 1996 predicti
941 1956 1057 1986 fratris
1068 1957 1123 1992 R,
1137 1956 1249 1994 provi-

236 2012 313 2042 dere
324 2012 486 2047 studeret,
498 2011 571 2047 tibi,
584 2011 630 2040 tili
644 2010 759 2046 abbas,
771 2011 803 2040 et
815 2034 838 2040 ..
854 2009 991 2040 officiali
1002 2008 1190 2039 Parisiensi
1201 2008 1248 2037 in-

233 2065 348 2103 juncto
363 2073 422 2103 per
436 2065 520 2094 alias
533 2066 667 2094 nostras
683 2064 815 2094 litteras
831 2065 866 2093 111
879 2063 1005 2092 dictum
1014 2063 1247 2101 preceptorem

236 2118 277 2148 ad
294 2118 326 2148 id
344 2118 376 2148 id
396 2118 477 2156 (1310),
494 2126 532 2147 ex
551 2120 645 2156 parte
663 2118 790 2152 nostra,
811 2125 869 2155 per
887 2124 948 2146 vos
962 2115 1015 2145 vel
1033 2115 1150 2151 alium,
1174 2114 1246 2144 dili-

235 2173 352 2210 genter
363 2179 498 2201 monere
512 2179 548 2200 ac
563 2171 721 2200 inducere
735 2169 910 2205 curaretiS,
924 2168 1021 2198 nobis
1032 2170 1100 2198 tam
1110 2176 1248 2206 respon-

237 2226 367 2255 sionem
386 2233 487 2263 super
504 2224 564 2255 1100
582 2224 790 2263 preceptoris
805 2223 970 2262 ejusdem,
991 2230 1091 2261 quam
1109 2222 1197 2261 quod
1215 2222 1249 2251 111

234 2279 294 2309 110(-
326 2280 420 2317 parte
448 2277 638 2308 faciendum
664 2277 833 2307 duceretis
860 2275 1005 2306 fideliter
1031 2275 1245 2314 rescripturi.

235 2332 321 2364 Sane
335 2332 444 2362 (1101113
457 2332 642 2369 preceptor,
655 2338 812 2360 asserens
823 2329 911 2368 quod
924 2329 1086 2367 magister
1096 2328 1248 2367 eJusdem

236 2384 370 2420 Militie,
380 2381 1247 2420 30000330111101111·(111·1311,,311)111111111001011101110-

236 2437 304 2467 fato
322 2437 483 2476 magistro
499 2436 776 2467 .loha1midictam
790 2436 935 2466 solveret
946 2435 1157 2474 pensionem,
1176 2443 1248 2473 pre-

237 2491 343 2520 missa
359 2491 546 2520 1000100011
561 2490 701 2520 curavit.
719 2489 829 2525 Quare
848 2488 1001 2527 prefatus
1019 2487 1181 2527 magister
1196 2488 1250 2518 Jo-

236 2543 364 2573 hannes
385 2543 483 2573 nobis
511 2543 685 2572 humiliter
703 2541 909 2581 supplicavit
927 2543 963 2571 ut
986 2541 1163 2580 providere
1184 2540 1250 2570 sibi

238 2605 338 2635 super
363 2595 423 2626 1100
444 2597 582 2635 paterna
612 2595 839 2626 sollicitudine
859 2603 1066 2625 curaremus.
1086 2594 1251 2630 Quocirca

237 2649 439 2680 mandamus
451 2650 630 2688 quatenus,
648 2649 736 2679 siest
754 2649 811 2682 ita,
829 2648 999 2687 prefatum
1018 2648 1250 2687 preceptorem

238 2703 327 2741 quod
346 2702 386 2732 de
403 2702 564 2733 solvenda
576 2702 753 2732 memorati
771 2703 932 2741 magistro
944 2700 1086 2732 Johanni
1103 2701 1252 2739 predicta

238 2756 402 2794 pensione
417 2757 545 2794 prestet
563 2755 730 2795 ydoneam
750 2755 941 2785 cautionem
960 2755 992 2785 et
1009 2754 1048 2784 de
1067 2753 1251 2784 subtractis

239 2807 385 2839 debitam
406 2808 674 2839 satisfactionem
692 2808 865 2848 impendat
883 2816 919 2838 ac
937 2808 977 2838 de
990 2807 1186 2847 hujusmodi
1200 2808 1253 2838 be-

275 2923 294 2945 1.
311 2923 383 2947 Sans
397 2922 482 2948 doute
499 2930 571 2954 pour
587 2923 744 2954 preceptori.

982 219 1228 251 REGISTRES
1258 218 1473 250 D'URBAIN
1504 219 1561 249 IV.

1298 304 1429 340 neficio,
1451 304 1479 334 si
1500 303 1590 343 quod
1613 305 1707 334 vacat
1724 304 1765 334 ad
1782 312 1923 342 presens
1937 303 1991 334 vel
2006 305 2259 344 quamprimum
2272 306 2316 337 ad

1299 358 1332 388 id
1350 357 1511 388 obtulerit
1525 366 1561 387 se
1580 357 1734 393 facultas,
1748 357 1847 396 juxta
1862 359 2015 388 tenorem
2032 357 2224 388 litterarum
2236 367 2314 397 pre-

1298 411 1378 441 dicti
1390 410 1507 441 fratris
1517 411 1570 447 R,
1585 410 1718 440 studeat
1733 410 1923 448 providere,
1935 412 2082 450 exparte
2096 412 2223 446 nostra.
2239 411 2314 442 dili·

1298 465 1415 503 genter
1433 472 1573 494 moneas
1589 465 1620 494 et
1636 463 1789 499 inducas,
1800 472 1876 494 eum
1893 464 1990 500 adid,
2003 464 2033 494 si
2046 472 2183 494 necesse
2199 464 2313 499 fuerit,

1299 526 1358 556 per
1373 525 1552 547 censuram
1571 517 1849 553 ecclesiasticam,
1869 516 2098 556 appellatione
2114 518 2316 556 postposita,

1300 570 1555 609 compescendo.
1577 570 1652 600 Non
1676 569 1830 600 obstante
1847 570 1876 600 si
1900 569 2009 600 eidem
2033 570 2222 609 preceptori
2242 578 2317 609 spe-

1300 623 1432 653 cialiter
1442 624 1498 653 aut
1510 622 1674 653 fratribus
1683 623 1813 653 ordinis
1821 623 1973 662 ejusdem
1982 623 2105 653 militie
2113 622 2318 662 generaliter

1300 685 1319 707 a
1334 677 1412 707 sede
1433 676 1621 715 apostolica
1640 676 1683 706 sit
1710 676 1879 706 indultum
1903 676 1994 714 quod
2019 676 2060 706 ad
2086 676 2317 715 provisionem

1301 729 1446 768 alicujus
1464 729 1605 759 minime
1623 730 1865 759 teneantur—.
1885 729 2011 760 Datum
2028 729 2116 768 apud
2135 728 2316 760 L'rbemve-

1300 785 1419 818 terem,
1439 792 1475 812 111
1494 791 1600 813 nonas
1624 782 1756 821 aprilis,
1775 790 1862 813 anno
1876 782 1975 813 tertio
1995 783 2014 812 ¹.
2035 791 2052 812 >›

1394 946 1490 976 1537
1886 944 2011 978 Ori-icto,
2025 944 2060 971 23
2074 951 2152 970 mars
2168 943 2246 970 1204.

1339 1029 1450 1055 Decano
1467 1029 1607 1056 ecelesiae
1624 1028 1651 1055 h.
1670 1027 1775 1055 Mariae
1790 1029 1975 1063 Magdalenae
1992 1028 2180 1055 Virdunensis
2197 1028 2319 1055 mandat

1303 1081 1333 1105 ut
1350 1078 1500 1105 Frederico
1522 1079 1557 1105 de
1578 1078 1697 1110 Vienna,
1716 1077 1855 1105 canonico
1875 1078 2014 1105 ecclesiae
2033 1086 2056 1104 s.
2076 1077 2199 1111 Paulini,
2219 1077 2320 1104 Treve-

1304 1127 1397 1154 rensis
1418 1127 1552 1158 diocesis,
1570 1127 1605 1153 de
1622 1126 1785 1161 praebenda
1804 1127 1831 1153 in
1847 1127 1948 1154 eadem
1963 1126 2084 1154 ecelesia
2099 1126 2318 1161 quamprimum

1305 1175 1463 1210 provideat.
1480 1176 1557 1209 (Ilm.
1573 1176 1617 1208 29,
1634 1175 1684 1202 fol.
1708 1176 1768 1207 148,
1783 1180 1814 1202 n⁰
1829 1176 1905 1206 587.)

1346 1286 1361 1306 ((
1379 1300 1398 1306 ..
1416 1276 1528 1306 decano
1547 1276 1667 1306 ecclesie
1685 1277 1769 1306 bealc
1786 1277 1885 1307 illarie
1900 1276 2081 1315 Muqdalenc
2110 1275 2317 1306 Virdunensis.

1306 1330 1432 1360 Petitio
1445 1330 1559 1361 dilecti
1570 1330 1814 1361 filiiFrederici
1829 1330 1869 1360 de
1886 1330 2028 1363 Vienna⁷
2045 1330 2199 1360 canonici
2216 1329 2317 1360 eccle·

1305 1383 1356 1413 sie
1369 1392 1395 1413 3.
1408 1383 1556 1420 Paulini,
1572 1383 1794 1413 Treverensis
1803 1382 1961 1419 diocesis,
1973 1382 2072 1413 nobis
2082 1382 2234 1413 exhibita
2247 1390 2320 1413 con·

1305 1435 1434 1466 tinebat
1461 1436 1562 1475 quod,
1598 1444 1674 1466 00111
1709 1435 1820 1466 1011013
1851 1435 2097 1466 recordationis
2127 1435 2322 1466 Alexander

1306 1498 1404 1528 papa,
1418 1490 1638 1528 predecessor
1653 1491 1780 1525 noster,
1799 1511 1806 1517 .
1824 1511 1831 1517 .
1847 1489 1985 1523 decano,
2002 1490 2034 1520 et
2047 1489 2195 1528 capitulo
2209 1489 2321 1528 ipsius

1306 1544 1460 1580 ecclesie,
1476 1544 1517 1573 ad
1532 1552 1617 1582 quos
1632 1543 1779 1582 receptio
1795 1543 2035 1573 canonicorum
2053 1545 2085 1574 et
2101 1542 2237 1574 collatio
2249 1550 2322 1581 pre-

1305 1599 1494 1629 bendarum
1504 1599 1539 1629 in
1554 1607 1591 1629 ea
1606 1599 1788 1637 pertinent,
1803 1607 1862 1637 per
1875 1606 1955 1628 suas
1974 1598 2106 1629 litteras
2120 1606 2238 1637 preces
2250 1606 2324 1637 por-

1306 1653 1434 1683 rexerit
1452 1654 1482 1683 et
1497 1652 1693 1682 mandatum
1708 1654 1742 1682 ut
1756 1651 1835 1690 ipsi,
1852 1651 1997 1682 eundem
2015 1652 2052 1681 F.
2066 1651 2271 1690 recipientes
2287 1650 2323 1680 in

1305 1707 1505 1737 canonicum
1515 1707 1546 1736 et
1558 1706 1592 1735 in
1602 1705 1752 1741 fratrem,
1767 1705 1797 1735 ei
1806 1705 1845 1735 de
1854 1705 2037 1744 prebenda,
2046 1705 2075 1735 si
2088 1714 2154 1744 qua
2163 1705 2198 1735 in
2205 1704 2323 1735 eadem

1306 1760 1449 1791 ecclesia
1460 1761 1538 1790 tunc
1550 1759 1688 1789 vacabat
1706 1759 1759 1789 vel
1776 1759 2029 1798 quamprimum
2042 1758 2082 1789 ad
2093 1758 2126 1788 id
2139 1767 2174 1788 se
2189 1758 2324 1788 offerret

1306 1813 1531 1853 oportunitas,
1552 1813 1780 1851 providerent,
1800 1812 1904 1843 iidem
1921 1812 2068 1842 decanus
2087 1813 2119 1842 et
2135 1810 2322 1850 capitulum

1306 1867 1433 1897 dictum
1451 1867 1487 1897 F.
1503 1865 1662 1896 canonice
1679 1866 1878 1904 receperunt
1896 1865 1930 1895 in
1945 1865 2145 1895 canonicum
2161 1867 2192 1895 et
2207 1864 2242 1894 in
2258 1864 2324 1895 fra-

1306 1921 1404 1954 trem,
1425 1919 1623 1949 auctoritate
1641 1918 1836 1957 hujusmodi
1854 1918 2060 1948 litterarum.
2078 1917 2120 1948 Et
2138 1917 2217 1948 licet
2234 1918 2325 1956 post·

1306 1973 1444 2002 modum
1462 1972 1578 2010 plures
1596 1971 1766 2010 prebende
1778 1971 1972 2001 vacaverint
1988 1971 2023 2001 in
2041 1971 2184 2001 ecclesia
2205 1978 2325 2009 supra-

1306 2026 1407 2061 dicto,
1425 2033 1568 2064 quarum
1579 2025 1693 2064 aliqua
1705 2025 1793 2055 dicto
1807 2025 1844 2055 F.
1857 2023 2042 2055 debebatur
2057 2025 2096 2054 de
2108 2024 2194 2063 jure,
2209 2025 2325 2054 tamen

1306 2078 1449 2118 predicti
1472 2078 1620 2108 decanus
1639 2080 1671 2108 et
1695 2077 1880 2116 capitulum
1908 2085 1965 2108 eas
1988 2077 2068 2107 aliis
2094 2076 2322 2112 contulerunt,

1307 2140 1366 2170 pro
1384 2139 1444 2161 sue
1467 2130 1565 2161 libito
1582 2130 1780 2166 voluntatis,
1798 2130 1914 2169 sicque
1924 2130 2035 2160 dictus
2052 2130 2088 2161 F.
2107 2129 2257 2160 nondum
2274 2132 2325 2161 est

1307 2185 1456 2223 aliquam
1471 2183 1676 2223 prebendam
1689 2184 1720 2213 in
1731 2184 1847 2214 eadem
1858 2183 2001 2214 ecclesia
2013 2182 2324 2218 assecutus.Quare

1307 2237 1405 2268 nobis
1423 2237 1599 2267 humiliter
1610 2237 1815 2276 supplicavit
1831 2238 1867 2267 ut
1883 2237 2061 2276 providere
2072 2236 2138 2266 sibi
2149 2244 2251 2275 super
2262 2235 2324 2266 hoc

1308 2293 1445 2330 paterna
1461 2290 1692 2321 sollicitudine
1710 2299 1919 2321 curaremus.
1939 2290 2104 2326 Quocirca
2122 2289 2324 2320 mandamus

1308 2346 1489 2383 quatenus,
1510 2344 1538 2374 31
1554 2345 1605 2375 031
1621 2344 1679 2380 ita,
1698 2343 1848 2382 predicto
1867 2344 1905 2374 F.
1925 2343 1964 2374 de
1980 2342 2152 2382 prebenda
2168 2342 2255 2373 nulli
2265 2342 2326 2374 alii

1308 2398 1436 2436 dejure
1453 2397 1579 2433 debita,
1592 2397 1620 2427 si
1639 2406 1704 2436 qua
1721 2397 1755 2427 111
1770 2397 1902 2436 prefata
1919 2396 2062 2427 ecclesia
2080 2398 2176 2427 vacat
2196 2396 2240 2427 ad
2252 2404 2327 2435 pre-

1308 2459 1388 2482 sens
1404 2451 1457 2482 vel
1473 2451 1726 2490 quamprimum
1750 2450 1791 2481 ad
1807 2450 1843 2480 id
1857 2449 2018 2481 obtulerit
2040 2458 2075 2481 se
2094 2449 2251 2486 10001103,
2266 2457 2326 2488 per

1309 2508 1339 2535 te
1357 2505 1410 2535 vel
1427 2513 1485 2543 per
1505 2504 1610 2534 alium
1625 2503 1803 2542 providere
1818 2511 1990 2542 111-000103,
2014 2503 2141 2534 faciens
2165 2511 2243 2533 eum
2255 2501 2326 2532 illis

1310 2558 1368 2597 (101
1385 2559 1462 2596 post
1480 2558 1592 2597 ipsum
1607 2557 1732 2596 recepti
1752 2559 1829 2588 sunt
1849 2557 1883 2587 in
1901 2557 2052 2596 predicta
2074 2556 2230 2591 ecclesia,
2251 2564 2327 2587 auc-

1308 2611 1445 2642 toritate
1473 2611 1665 2642 litterarum
1690 2611 1782 2642 sedis
1804 2610 2002 2650 apostolice,
2027 2609 2094 2640 nisi
2121 2609 2263 2640 habeant
2285 2617 2328 2640 ex

1309 2665 1462 2704 ipsarum
1472 2665 1664 2695 litterarum
1675 2664 1838 2695 beneficio
1852 2663 1942 2703 quod
1954 2663 1985 2694 ei
1994 2663 2137 2694 debeant
2150 2662 2324 2697 anteferri,

1309 2720 1342 2749 et
1354 2718 1501 2757 receptis
1516 2718 1619 2749 etiam
1635 2720 1711 2748 ante
1727 2718 1840 2756 ipsum
1854 2719 1885 2748 et
1896 2719 1972 2756 post
1989 2718 2084 2747 motu
2098 2716 2236 2756 proprio
2249 2724 2325 2756 pre-

1309 2772 1479 2802 dictorum
1498 2771 1615 2802 decani
1633 2773 1663 2802 et
1691 2770 1844 2810 capituli,
1866 2771 1900 2801 in
1918 2769 2089 2810 prebende
2113 2769 2326 2801 assecutione

1340 2878 1363 2903 1,
1381 2877 1423 2901 En
1444 2883 1542 2908 margi·
1570 2884 1574 2900 z
1592 2886 1601 2898 ι
1625 2877 1718 2901 Frater
1731 2876 1881 2901 ,malr-icus
1898 2876 1961 2901 vidit
1977 2882 2031 2902 eas.
2057 2878 2085 2901 ut
2102 2875 2223 2900 dominus
2241 2876 2327 2900 noscer-

1308 2923 1471 2953 preceperat.
1489 2923 1513 2945 et
1528 2921 1631 2953 placuit
1645 2921 1693 2946 sibi
1709 2921 1780 2953 quod
1793 2920 1895 2952 fierent.
1913 2930 1922 2943 »
