2519 3262
217 293 274 322 146

215 375 310 414 ginta
328 382 458 404 marcas
475 373 714 411 sterlingorum
730 371 903 401 annuatim
916 370 1055 401 exolvas
1070 370 1175 409 priori
1193 371 1225 401 et

217 427 394 458 conventui
422 425 617 456 memoratis
634 425 673 455 ad
693 424 781 463 quod
800 425 833 454 te
854 431 990 453 manere
1011 423 1224 453 decernimus

217 480 413 519 obligatum.
444 479 537 508 Nulli
563 487 640 517 ergo
668 479 780 507 nostre
807 476 1047 512 concessionis,
1073 476 1225 515 assigna-

216 533 320 563 tionis
343 533 374 562 et
393 531 656 566 constitutionis,
676 531 738 560 etc.
756 530 880 560 Datum
899 529 987 568 apud
1006 528 1224 560 Urbemvete—

217 594 299 621 rem,
317 595 338 616 x
357 585 518 615 kalendas
538 583 711 618 februarii,
729 591 816 613 anno
832 583 943 613 tertio.
961 591 978 612 »

308 808 402 838 1212
740 804 866 838 orvieto,
886 805 920 831 25
939 804 1054 830 octobre
1075 804 1151 831 1203.

252 898 457 925 ,archidiacono
483 897 657 925 'l'ricastrino
683 898 800 923 mandat
819 900 848 924 ut
871 896 1011 931 magistro
1027 897 1170 922 Bernardo
1190 896 1225 921 dc

216 947 325 974 Ccvena
346 947 657 982 archipresbyteratum
671 946 795 973 ruralem
811 947 845 972 dc
862 946 1006 978 Andusut„
1021 944 1224 971 Nemausensis

215 996 347 1029 diocesis,
364 996 502 1023 conferat.
522 996 599 1031 (Rea.
618 996 663 1025 29,
685 995 732 1022 fol.
751 995 785 1021 93
806 1000 842 1025 ν’),
866 999 896 1021 n⁰
908 994 983 1025 200.)

255 1124 269 1144 «
290 1137 297 1144 .
313 1139 318 1144 .
334 1112 548 1142 archidiacono
565 1111 761 1141 Tricas-trino.
779 1109 993 1140 Constitutus
1006 1109 1039 1138 in
1054 1108 1226 1147 presentia

214 1169 331 1198 nostra
353 1166 497 1196 dilectus
515 1165 605 1195 filius
625 1164 785 1203 magister
803 1163 995 1194 Bernartius
1017 1162 1057 1191 de
1079 1161 1223 1196 Cevena,

215 1229 342 1259 pauper
360 1219 504 1250 clericus
525 1217 768 1248 Nemansensis
789 1215 946 1252 diocesis,
966 1214 1064 1245 nobis
1087 1214 1222 1244 humili-

215 1275 266 1304 ter
289 1272 492 1311 supplicavit
514 1273 560 1306 ut,
585 1279 660 1300 cum
680 1270 753 1308 ipse
779 1269 837 1308 qui
863 1268 921 1298 diu
948 1267 1078 1298 studuit
1098 1267 1132 1297 in
1149 1267 1225 1305 jure

216 1326 375 1357 canonico
392 1327 423 1355 et
439 1324 530 1354 civili
555 1325 586 1354 et
607 1322 748 1362 profecit
764 1330 823 1360 per
839 1321 901 1352 Dei
923 1321 1067 1360 gratiam
1085 1320 1120 1350 in
1135 1322 1225 1350 utro-

215 1388 290 1418 que,
309 1378 441 1408 nullum
454 1377 498 1407 sit
510 1376 616 1406 adhuc
630 1375 831 1406 beneficium
847 1373 1115 1404 ecclesiasticum
1134 1381 1225 1403 asse-

215 1434 324 1468 cutus,
340 1431 405 1461 nisi
421 1430 589 1469 quoddam
606 1429 688 1459 adeo
704 1430 804 1458 tenue
821 1427 910 1466 quod
926 1427 966 1457 de
980 1435 1018 1457 eo
1033 1435 1099 1457 non
1115 1427 1226 1465 potest

216 1484 357 1515 comode
376 1483 572 1519 sustentari,
602 1484 634 1512 et
664 1480 1006 1520 archipresbiteratus
1026 1479 1152 1510 ruralis
1185 1479 1225 1509 de

216 1537 390 1572 Andusua,
410 1536 559 1576 ejusdem
575 1535 732 1568 diocesi&
750 1543 808 1573 per
824 1533 1017 1572 quindecim
1042 1541 1177 1563 menses
1195 1534 1226 1563 et

217 1590 365 1629 amplius
378 1589 447 1628 jam
464 1589 601 1623 vacarit,
619 1587 796 1626 providere
810 1586 875 1616 sibi
892 1587 932 1616 de
945 1587 1019 1624 ipso
1035 1585 1226 1616 misericor-

217 1643 303 1674 diter
320 1651 526 1672 curaremus.
545 1642 614 1672 Nos
634 1641 745 1679 itaque
765 1640 863 1670 bonis
877 1639 1072 1669 benefacere
1089 1639 1225 1677 cupien-

217 1699 280 1732 tes,
307 1695 502 1726 discretioni
530 1697 586 1725 tue
612 1694 812 1724 mandamus
833 1693 1006 1732 quatinus,
1034 1692 1063 1722 si
1086 1693 1137 1722 est
1165 1691 1224 1727 ita,

218 1750 326 1780 eidem
343 1749 505 1788 magistro
522 1756 621 1786 quem
639 1756 697 1786 per
714 1747 875 1777 dilectum
894 1746 1003 1776 filium
1025 1745 1225 1784 magistrum

218 1803 367 1838 Petrum,
382 1801 655 1832 archidiaconum
674 1799 887 1830 Bruliensem
904 1799 937 1828 in
955 1798 1098 1829 ecclesia
1118 1799 1225 1837 Agen-

218 1855 326 1891 nensi,
354 1855 482 1885 socium
510 1853 624 1883 dilecti
645 1853 707 1882 filii
727 1852 879 1891 magistri
899 1852 1086 1886 Michaelis,
1112 1853 1226 1881 sancte

218 1909 368 1939 Romane
387 1907 526 1937 ecclesie
543 1905 823 1941 vicecancellarii,
840 1905 1020 1944 diligenter
1037 1904 1225 1934 examinari

218 1961 372 1996 fecimus,
400 1962 432 1990 et
455 1960 512 1998 qui
540 1960 697 1989 inventus
726 1967 801 1988 esse
828 1957 952 1987 dicitur
979 1957 1011 1987 in
1035 1957 1227 1987 litteratura

218 2014 446 2052 competenter
473 2013 623 2051 ydoneus
642 2012 683 2041 ad
706 2011 900 2048 hujusmodi
916 2010 1119 2040 beneficium
1141 2009 1226 2039 ohti-

218 2067 376 2102 nendum,
395 2066 576 2096 dummodo
593 2065 635 2094 sit
656 2064 740 2093 alias
763 2064 914 2101 ydoneus
932 2065 965 2093 et
982 2063 1072 2092 aliud
1091 2062 1222 2092 canoni-

218 2128 292 2150 cum
324 2128 388 2149 non
416 2118 570 2152 obsistat,
596 2118 738 2148 eundem
768 2116 1123 2154 archipresbiteratum
1150 2124 1226 2145 cum

218 2172 375 2203 omnibus
393 2171 527 2210 juribus
546 2174 577 2201 et
596 2170 809 2208 pertinentiis
832 2169 914 2202 suis,
935 2169 1132 2198 auctoritate
1151 2177 1224 2198 nos⁴

216 2228 268 2256 tra
284 2234 342 2264 per
356 2227 387 2255 te
405 2225 455 2255 vel
472 2233 531 2263 per
547 2224 651 2254 alium
669 2223 822 2253 emiseras
836 2224 867 2252 et
882 2222 1047 2260 assignes,
1063 2221 1225 2251 inducens
1251 2226 1252 2241 ³

218 2280 330 2317 ipsum
356 2278 407 2308 vel
428 2280 679 2316 procuratorem
703 2285 814 2310 suum,
839 2276 912 2313 ejus
934 2275 1082 2309 nomine,
1105 2275 1137 2304 in
1155 2283 1224 2303 cor-

217 2331 367 2370 poralem
397 2330 648 2369 possessionem
686 2329 795 2367 ipsius
827 2327 1167 2366 archipresbiteratus
1195 2329 1226 2356 et

217 2385 400 2415 defendens
420 2383 605 2415 inductum,
623 2386 734 2412 amoto
752 2381 792 2411 ab
808 2390 845 2411 eo
861 2380 1011 2419 quolibet
1031 2380 1150 2409 illicito
1169 2380 1225 2409 de-

216 2439 356 2468 tentore.
375 2436 658 2468 Contradictores,
672 2437 748 2471 ete,
759 2443 866 2472 usque
881 2433 1135 2472 compescendo.
1153 2433 1225 2462 Non

218 2490 371 2520 obstante
385 2507 432 2518 ——.
453 2490 522 2519 Nos
539 2489 628 2518 cnim
647 2488 860 2517 decernimus
884 2487 1018 2516 irritum
1034 2488 1064 2516 et
1081 2486 1178 2515 inane
1196 2486 1225 2515 si

218 2551 315 2573 secus
337 2552 354 2571 a
379 2550 546 2580 quoquam
567 2541 607 2571 de
631 2541 719 2570 divio
742 2539 1062 2578 archipresbiteratn
1085 2539 1225 2577 ejusque
1251 2547 1252 2553 ¹

217 2595 431 2634 pertinentiis
450 2594 623 2631 contigerit
642 2593 848 2632 attemptari.
868 2592 1008 2623 Proviso
1027 2592 1115 2630 quod
1137 2592 1225 2621 idem

217 2648 378 2687 magister
392 2648 427 2677 B.
444 2647 484 2676 ad
502 2647 639 2677 ordines
658 2656 741 2685 quos
758 2647 866 2684 ipsius
885 2644 1225 2683 archipresbiteratns

218 2710 297 2731 cura
325 2701 484 2739 requiret,
513 2710 547 2729 se
574 2701 672 2729 faciat
694 2700 832 2729 statutis
862 2698 1071 2737 temporibus
1095 2707 1225 2736 promo-

218 2755 288 2784 veri
304 2757 335 2784 et
351 2753 726 2792 personaliterresideat
746 2753 779 2782 in
798 2752 932 2787 eode1n;
946 2751 1097 2789 alioquin
1109 2751 1223 2788 hujus-

219 2808 308 2837 modi
334 2808 440 2845 gratia
471 2807 597 2836 nullius
628 2807 761 2844 penitus
788 2806 831 2835 sit
855 2804 1028 2835 momenti.
1058 2804 1224 2833 Volumus

218 2864 328 2890 antem
346 2861 433 2898 quod
454 2860 540 2889 idem
557 2860 709 2891 clericus,
733 2862 907 2897 postquam
927 2857 1223 2896 archipresbitera-

218 2915 288 2943 tum
308 2914 491 2951 predictum
515 2913 613 2942 fuerit
634 2915 822 2946 assecutus,
841 2911 1039 2942 beneficium
1062 2911 1148 2949 quod
1171 2911 1223 2941 ol·-
1250 2913 1251 2923 ¹

219 2966 314 2999 tinet,
335 2966 361 2995 si
377 2974 490 2996 curam
511 2966 625 2995 habeat
643 2966 843 3000 animarum,
862 2965 950 3004 quod
967 2967 1089 2995 extunc
1108 2973 1224 2994 vacare

967 287 1211 319 REGISTRES
1240 287 1453 319 D'URBAIN
1484 288 1541 318 IV.

1281 370 1506 405 decernimus,
1524 369 1661 400 omnino
1675 370 1834 400 dimittat.
1858 370 1983 400 Datum
2001 369 2088 407 apud
2110 368 2292 400 Urbemve-

1280 426 1397 459 terem,
1414 432 1471 453 vni
1492 423 1654 453 kalendas
1671 422 1878 458 novembris,
1897 430 1984 452 anno
2000 422 2112 453 tertio.
2129 431 2146 451 »

1373 624 1468 654 12¹3
1487 624 1494 641 ι
1825 620 1948 651 orvieto,
1967 620 2002 647 23
2014 619 2127 655 janvier
2143 620 2220 647 1204.

1317 706 1456 740 Episcopo
1478 704 1695 732 Constunciensi
1714 704 1862 739 negotium
1881 704 2040 731 committit
2062 705 2097 730 de
2120 703 2293 731 visitationis

1280 754 1375 781 officio
1390 755 1425 780 ab
1442 754 1574 789 episcopo
1593 754 1722 788 Sagiensi
1741 754 1768 780 in
1791 754 1945 780 canonicos
1965 753 2116 787 Sagienses
2136 752 2291 780 vindicato.

1282 803 1360 837 (Res.
1383 804 1427 835 κθ,
1443 803 1541 830 s01.94
1558 808 1587 829 11⁰
1599 803 1676 837 201.)

1322 920 1336 939 c
1363 933 1369 939 .
1390 931 1396 938 .
1420 910 1560 948 episcopo
1586 908 1828 938 constanciensi.
1852 906 2068 937 Venerabilis
2095 906 2198 937 frater
2215 915 2292 937 nos-

1280 966 1331 994 ter
1352 988 1357 993 .
1379 988 1384 993 .
1410 962 1584 1001 Sagiensis
1609 962 1800 1000 episcopus,
1829 960 1927 992 nobis
1951 959 2142 999 significare
2163 960 2293 991 curavit

1282 1017 1382 1055 quod.
1400 1024 1475 1046 cnm
1495 1015 1646 1045 canonici
1667 1014 1860 1053 Sagienses,
1882 1014 2011 1043 ordinis
2034 1013 2140 1043 sancti
2160 1014 2293 1052 Augus·

1281 1070 1356 1105 tini,
1376 1069 1483 1099 multa
1499 1068 1747 1098 committerent
1766 1067 1916 1098 enormia
1931 1075 1994 1105 que
2012 1067 2121 1097 Deum
2140 1068 2170 1096 et
2188 1066 2293 1096 horni-

1282 1131 1341 1152 nes
1361 1121 1585 1158 offendebant,
1603 1121 1693 1151 idem
1719 1122 1896 1159 episcopus
1916 1120 1957 1149 ad
1984 1119 2162 1150 ecclesiam
2184 1120 2293 1158 ipsam

1281 1175 1466 1211 descendit,
1499 1174 1624 1204 ibidem
1651 1173 1859 1204 visitationis
1886 1173 2035 1203 officium
2062 1173 2291 1211 impensurus.

1281 1228 1346 1259 Sed
1363 1228 1478 1263 iidem,
1496 1227 1584 1257 inter
1600 1226 1667 1256 alia
1686 1226 1809 1257 frivola
1826 1227 2052 1264 proponentes
2068 1225 2156 1264 quod
2181 1225 2221 1256 de
2239 1234 2294 1256 an-

1281 1281 1377 1320 tiqua
1400 1280 1643 1310 consuetudine
1671 1279 1704 1310 in
1723 1280 1797 1318 ipsa
1822 1279 1965 1309 ecclesia
1981 1281 2032 1309 est
2051 1278 2224 1309 obtentum
2244 1280 2292 1315 ut,

1282 1334 1349 1364 nisi
1363 1334 1443 1364 dicti
1459 1333 1611 1363 canonici
1625 1332 1737 1363 dicant
1752 1341 1788 1362 se
1804 1332 1955 1371 indigere
1973 1332 2192 1368 correctione,
2209 1332 2296 1371 epis-

1282 1395 1402 1426 copum
1422 1387 1535 1425 ipsum
1556 1386 1598 1416 ad
1623 1385 1831 1416 visitandum
1850 1387 1881 1415 et
1904 1385 2140 1424 corrigendum
2156 1393 2214 1415 eos
2239 1385 2295 1415 ad-

1283 1440 1416 1470 mittere
1434 1448 1500 1469 non
1514 1441 1682 1473 tenentur,
1701 1439 1837 1477 propter
1853 1438 1914 1468 hoc
1932 1438 1971 1467 ad
1986 1437 2294 1477 Rothomagensem

1282 1493 1411 1523 curiam
1435 1492 1660 1532 appellarunt.
1683 1492 1803 1522 Dictus
1823 1499 1901 1521 vero
1920 1491 2100 1529 episcopus
2127 1490 2169 1521 ab
2190 1515 2195 1521 .
2216 1514 2222 1520 .
2249 1490 2294 1521 of·

1283 1546 1385 1576 ficiali
1402 1546 1553 1584 ejusdem
1572 1545 1676 1580 curie,
1695 1554 1736 1574 ex
1750 1544 1933 1574 sufficienti
1950 1544 2144 1583 gravamine
2160 1546 2294 1582 aposto—

1283 1600 1382 1630 licam
1401 1599 1515 1630 sedem
1533 1598 1720 1637 appellans,
1742 1606 1842 1636 super
1861 1597 2084 1636 appellatione
2100 1597 2295 1636 hujusmodi

1283 1653 1323 1682 ad
1354 1675 1360 1681 .
1383 1678 1388 1682 .
1417 1652 1688 1682 archidiaconum
1717 1651 1959 1681 Carnotensem
1982 1650 2122 1689 ejusque
2148 1649 2295 1689 collegas

1283 1707 1417 1736 nostras
1438 1705 1570 1736 litteras
1593 1704 1798 1742 impetravit,
1819 1713 1930 1734 corani
1954 1703 2078 1742 quibus
2100 1703 2295 1742 hujusmodi

1283 1759 1509 1798 appellatione
1522 1757 1699 1796 pendente,
1712 1757 1800 1787 idem
1811 1757 1967 1787 osticialis
1981 1759 2142 1796 reputans
2152 1756 2295 1786 eundem

1283 1813 1479 1851 episcopum
1497 1820 1556 1850 pro
1574 1820 1633 1841 suc
1657 1811 1841 1840 voluntatis
1859 1810 1958 1840 libito
1977 1813 2220 1846 contumacem,
2239 1818 2294 1848 ap-

1282 1865 1501 1904 pellationem
1520 1865 1721 1902 premissam
1743 1872 1800 1902 per
1820 1864 1955 1893 eosdem
1975 1863 2155 1893 canonicos
2172 1863 2211 1892 ad
2231 1862 2298 1893 dic-

1282 1920 1351 1948 tam
1366 1918 1493 1948 curiam
1513 1917 1720 1956 interjectam
1737 1917 1806 1946 fore
1822 1917 2009 1956 legitimam
2022 1925 2080 1955 per
2093 1916 2297 1946 sententiam

1283 1970 1515 2009 pronuntiavit
1534 1970 1697 2008 iniquam.
1709 1970 1861 2008 Cumque
1874 1969 2016 2008 predicti
2030 1969 2182 1999 canonici
2196 1977 2295 2007 prop-

1283 2026 1333 2054 ter
1349 2023 1410 2054 hoc
1429 2023 1536 2053 multa
1554 2022 1724 2060 prioribus
1743 2022 1857 2060 pejora
1877 2022 2125 2052 committerent
2143 2024 2173 2051 et
2193 2030 2296 2060 super

1284 2077 1381 2106 novis
1401 2076 1601 2106 ‹·1·i111i1nt›us
1625 2078 1741 2105 contra
1758 2084 1814 2105 eos
1840 2084 1923 2105 nova
1952 2075 2091 2104 infamia
2111 2074 2293 2111 laboraret,

1251 2153 1253 2163 <
1283 2130 1392 2159 dictus
1411 2130 1589 2168 episcopus
1607 2129 1646 2158 ad
1669 2128 1846 2157 ecclesiam
1867 2128 1973 2166 ipsam
1998 2128 2170 2158 :in-cedens.
2189 2127 2297 2158 votuit

1285 2191 1387 2220 super
1404 2183 1463 2212 hoc
1477 2182 1647 2220 inquirere
1662 2184 1775 2211 contra
1795 2181 1899 2219 ipsos.
1914 2181 1977 2211 sed
1990 2181 2104 2216 iidem,
2123 2182 2295 2219 proposito

1284 2236 1404 2265 frivole
1421 2235 1510 2274 quod
1530 2234 1686 2264 visitabat
1705 2244 1762 2264 eos
1780 2237 1894 2264 contra
1914 2234 2096 2272 predictam
2119 2236 2295 2263 consuetu-

1284 2288 1396 2317 dinem
1415 2296 1541 2317 necnon
1560 2289 1589 2317 et
1610 2290 1723 2317 contra
1741 2287 1943 2317 sententiam
1964 2286 2004 2315 ab
2023 2286 2139 2316 eodeni
2157 2285 2294 2316 ot'ticiali

1283 2341 1459 2379 prolatam,
1485 2340 1618 2378 abipso
1642 2340 1812 2378 episcopo,
1841 2340 1867 2368 si
1894 2339 2094 2369 anctoritate
2123 2339 2296 2369 ordinaria

1283 2393 1496 2432 procedebat,
1517 2393 1556 2423 ad
1576 2392 1739 2431 prefatam
1767 2393 1909 2428 curiam,
1939 2393 1966 2421 si
1997 2401 2075 2422 vero
2095 2392 2294 2431 apostolica,

1283 2448 1324 2477 ad
1360 2450 1509 2477 nostram
1543 2447 1749 2476 audientiam
1783 2446 2008 2484 appellarunt.
2041 2446 2151 2481 Quare
2185 2445 2295 2475 dictus

1283 2501 1462 2539 episcopus
1483 2499 1579 2529 nobis
1601 2499 1774 2529 humiliter
1793 2499 1996 2537 supplicavit
2018 2502 2064 2529 nt.
2086 2508 2160 2529 cnm
2180 2498 2296 2536 liujus-

1283 2554 1373 2584 modi
1393 2554 1563 2591 negotium
1591 2553 1727 2582 biennio
1747 2556 1776 2582 et
1799 2553 1945 2590 amplius
1964 2552 2168 2590 perdurarit,
2186 2551 2296 2590 sitque

1284 2607 1482 2636 intentionis
1501 2606 1738 2636 canonicorum
1762 2605 1911 2644 ipsorum
1936 2614 1995 2644 per
2013 2605 2167 2635 divolsus
2184 2604 2295 2643 appel-

1284 2659 1428 2689 lationes
1445 2661 1472 2689 et
1490 2667 1669 2697 processus
1686 2659 1798 2687 varios·
1811 2659 1982 2697 negotium
1999 2658 2169 2688 intricare.
2186 2659 2219 2687 ut
2238 2665 2297 2695 per

1282 2712 1342 2742 hoc
1357 2712 1488 2751 possint
1510 2711 1652 2742 liberius
1668 2712 1699 2741 in
1718 2712 1789 2741 suis
1807 2711 2000 2741 insolentiis
2018 2719 2202 2744 remanere.
2224 2718 2295 2748 pro-

1283 2766 1396 2795 videre
1421 2773 1522 2803 super
1543 2764 1602 2794 hoe
1633 2764 1761 2794 salubri
1792 2764 1939 2793 remedio
1971 2772 2180 2793 curaremus.
2212 2763 2296 2792 Cum

1284 2818 1394 2857 itaque
1419 2826 1483 2847 non
1507 2818 1550 2847 sit
1579 2817 1752 2847 hominum
1779 2817 1921 2846 malitiis
1947 2816 2200 2853 indulgendum.
2230 2815 2293 2845 sra-

1317 2930 1336 2951 t.
1352 2928 1392 2951 l⁴2n
1407 2935 1503 2956 margo
1520 2927 1555 2950 :lu
1573 2927 1693 2954 registro
1709 2932 1713 2950 ῑ
1729 2936 1735 2947 ³
1755 2927 1804 2950 Iler
1818 2927 1985 2949 lz·11115i1'!s:'.nc
1998 2926 2134 2948 ,ινιιΙίιιιΙιη
2151 2925 2255 2948 olavam
2269 2944 2274 2949 .
2291 2942 2298 2949 .

1281 2973 1393 3003 episcopi
1409 2972 1572 2996 Alemannis.
1593 2981 1601 2992 ιι
