2519 3262
249 208 307 238 360

248 290 379 320 litteras
398 290 526 320 adeum
545 289 712 323 obtentas,
730 289 762 318 111
782 288 905 327 quibus
920 289 1013 318 nulla
1029 289 1069 319 de
1087 289 1147 319 hoc
1165 298 1256 319 men-

247 343 294 373 tio
325 343 520 377 habebatur,
550 344 664 380 utpote
695 350 758 380 que
792 351 850 380 per
884 342 953 371 veri
980 342 1256 380 suppressionem

247 395 380 426 obtente
406 396 550 430 fuerant,
581 395 613 424 in
636 395 750 433 aliquo
770 395 810 424 de
826 395 901 433 jure
921 396 1101 433 procedere
1120 405 1183 426 non
1203 405 1256 435 po-

246 450 331 479 terat
349 458 407 479 nec
424 447 575 478 debebat.
594 448 632 478 Et
649 447 728 486 quia
747 447 833 477 idem
850 447 954 477 abbas
970 448 1257 479 Cormeriacensis

246 502 432 540 predictum
454 501 488 531 Ε.
510 510 611 539 super
631 500 692 530 1106
710 501 826 530 audire
844 503 959 530 contra
974 501 1143 540 justitiam
1160 502 1256 531 dene-

245 555 347 593 gavit,
376 555 464 584 idem
495 554 646 583 sentiens
672 562 712 583 ex
737 553 797 584 hoc
828 553 976 584 indebite
1006 563 1040 585 se
1063 555 1197 594 gravari
1217 555 1256 584 ad

245 608 382 637 eandem
415 607 529 637 sedem
561 616 675 637 vocem
704 607 945 645 appellationis
974 608 1099 638 emisit.
1121 608 1256 638 Pret'ato

246 660 348 698 igitur
382 660 418 690 E.
451 660 617 690 existente
654 660 687 689 in
719 660 894 698 procinctu
932 660 1065 691 itineris
1100 661 1255 690 veniendi

244 715 381 751 propter
393 713 453 743 hoc
464 713 697 751 personaliter,
716 722 775 751 pro
789 713 942 753 suijuris
958 713 1204 752 prosecutione,
1216 714 1256 743 ad

245 766 358 795 sedem
386 766 585 805 predictam,
607 765 812 796 venerabilis
839 766 941 797 frater
959 769 1092 798 noster.
1109 789 1129 802 .,
1152 768 1256 797 Turo-

245 819 360 848 nensis
378 819 663 858 archiepiscopus,
683 819 746 849 loci
763 820 1056 858 metropolitanus,
1076 820 1115 849 ad
1129 820 1255 850 instan-

244 872 326 902 tiam
346 871 494 910 ejusdem
513 872 676 911 episcopi,
695 872 807 910 ipsum
827 873 863 902 E.
883 873 1042 903 arrestari
1060 874 1092 903 et
1111 874 1255 912 quadam

244 925 432 963 quantitate
450 925 602 963 pecunie,
620 925 718 964 equis
734 927 766 956 et
785 925 886 956 rebus
905 926 982 955 aliis
1000 935 1035 955 ac
1051 926 1165 965 sigillo
1184 936 1256 965 pro—

242 978 316 1016 prio
333 978 474 1017 spoliari
488 987 616 1008 necnon
632 979 762 1008 tamdiu
779 979 922 1009 detineri
940 979 1028 1012 fecit,
1046 979 1151 1009 donec
1168 980 1256 1018 quod

243 1039 346 1070 super
363 1031 542 1070 premissis
561 1033 666 1062 staret
687 1032 892 1062 ordinationi
911 1032 1052 1071 predicti
1074 1032 1254 1071 archiepis-

242 1085 315 1123 copi
347 1085 567 1123 corporaliter
592 1085 743 1124 prestItit
769 1095 825 1124 per
846 1086 913 1115 vim
934 1087 965 1116 et
983 1086 1122 1122 metum,
1144 1085 1202 1124 qui
1221 1085 1254 1116 in

243 1139 452 1168 constantem
482 1138 593 1168 virum
619 1138 737 1169 cadere
766 1140 906 1177 poterat,
937 1138 1185 1177 jura1nentum3
1218 1148 1255 1170 ac

242 1191 459 1229 postmodum
479 1192 662 1222 conventus
679 1192 820 1230 predicti
842 1192 1050 1228 monasterii,
1070 1192 1111 1222 ad
1128 1192 1253 1223 archie-

240 1243 372 1283 piscopi
391 1246 422 1274 et
435 1244 585 1283 episcopi
598 1245 826 1283 predictorum
839 1245 1050 1282 instantiam,
1064 1246 1253 1284 predictum

240 1297 270 1327 J.
297 1297 329 1326 in
358 1297 552 1327 eorumdem
578 1297 732 1328 abbatem
753 1298 879 1328 temere
903 1298 1088 1338 elegerunt.
1113 1299 1255 1338 Propter

241 1350 329 1388 quod
347 1350 467 1381 dilecto
488 1350 579 1381 filio.
601 1376 606 1381 .
626 1350 738 1380 abbati
755 1350 985 1387 Corbiacensi,
1012 1352 1253 1382 Ambianensis

241 1402 398 1439 diocesis,
417 1412 475 1442 per
488 1406 621 1433 nostras
638 1404 794 1434 dedimus
814 1404 946 1435 lilteras
964 1405 998 1435 in
1016 1406 1184 1436 mandatis
1205 1408 1252 1442 ut,

241 1456 269 1486 si
300 1460 390 1486 esset
411 1457 466 1493 ita,
496 1457 638 1487 eundem
670 1457 706 1486 E.
739 1458 914 1488 reduceret
938 1459 978 1488 ad
1006 1468 1082 1488 eum
1110 1461 1247 1494 statum,

241 1518 304 1539 non
325 1510 478 1540 obstante
492 1510 682 1548 juramento
704 1510 910 1549 hujusmodi,
929 1512 969 1541 ad
985 1513 1081 1551 quus
1101 1512 1252 1542 observa·
1281 1535 1282 1540 ,

238 1563 365 1592 tionem
388 1572 463 1593 eum
486 1564 700 1593 denuntiaret
718 1572 781 1593 non
801 1565 920 1600 teneri,
947 1567 977 1594 in
996 1574 1061 1604 quo
1082 1568 1153 1595 erat
1172 1568 1253 1596 tem-
1281 1590 1282 1595 ,

240 1625 319 1654 pore
336 1616 575 1655 appellationis
591 1619 752 1656 predicte,
769 1619 809 1648 ab
829 1619 901 1657 ipso
919 1619 954 1648 Ε.
975 1619 1015 1648 ab
1033 1619 1150 1649 eodem
1167 1620 1251 1658 epis-

240 1678 321 1707 copo
343 1670 461 1700 ultimo
480 1671 519 1700 ad
537 1670 659 1701 dictam
682 1671 795 1701 sedem
812 1672 949 1708 emisse,
967 1681 1025 1710 per
1042 1681 1144 1711 quam
1163 1673 1251 1702 idem

239 1723 277 1751 (tr.
318 1723 500 1752 cardinalis
550 1725 788 1762 pronuntiasse
826 1725 1015 1755 dinoscitur
1058 1725 1098 1755 ad
1139 1726 1253 1756 sedem

241 1775 349 1813 ipsam
377 1776 446 1806 fore
463 1777 657 1807 devolutum
676 1778 845 1815 negotium
858 1781 1093 1814 memoratum,
1113 1789 1252 1809 1161610-

240 1831 328 1859 caret
346 1830 377 1858 in
396 1830 528 1860 irritum
548 1831 706 1870 quicquid
722 1834 837 1861 contra
852 1832 995 1862 eundem
1016 1833 1064 1867 13„
1085 1832 1144 1862 hac
1163 1842 1251 1863 occa-

240 1882 345 1916 sione,
376 1885 450 1921 post
474 1884 733 1921 appellationem
763 1885 968 1923 hujusmodI,
994 1886 1105 1916 extitit
1128 1888 1253 1916 temere
1282 1915 1283 1922 ,

239 1936 487 1974 attemptatum,
505 1945 541 1966 ac
559 1939 708 1967 cassaret
727 1938 968 1968 nivldlominus
985 1939 1176 1969 etirritaret
1195 1939 1250 1969 hu-

998 206 1241 237 REGISTRES
1270 206 1484 237 D’URBAIN
1514 206 1569 236 IV.

1355 290 1419 319 Pro
1444 292 1537 328 parte
1560 299 1640 320 vero
1670 291 1751 320 dicti
1770 291 1934 322 ²Iohannis
1964 292 2027 323 fuit
2053 295 2189 324 econtra
2209 303 2329 334 propo·

1315 342 1418 372 situm
1436 343 1536 381 quod,
1559 352 1633 373 cum
1657 343 1766 373 dictus
1795 345 1832 374 E.
1852 345 2016 383 quosdam
2036 346 2218 377 monachos
2249 348 2330 378 dicti

1315 396 1512 426 monasterii
1543 396 1582 426 de
1600 396 1747 427 Ebronio
1770 399 2018 436 promovendos
2038 399 2078 428 ad
2101 400 2237 430 ordines
2256 409 2330 439 pre-

1315 448 1383 478 fato
1413 449 1572 488 episcopo
1601 451 1843 488 presentasset,
1872 451 1976 481 iidem
2009 452 2176 486 monachi,
2203 462 2261 491 pro
2290 462 2329 484 eo

1315 502 1404 541 quod
1436 502 1616 541 episcopus
1642 503 1714 541 ipse
1737 511 1806 540 eos,
1835 503 1876 533 ad
1898 505 2185 542 presentationem
2217 506 2328 544 hujus-

1315 556 1418 591 modi,
1445 555 1485 585 ad
1512 555 1648 585 ordines
1669 564 1868 594 promovere
1900 557 2020 593 noluit,
2050 566 2110 596 pro
2140 568 2175 588 se
2201 568 2238 589 ac
2261 559 2329 590 sibi

1316 608 1557 638 adherentibus
1581 609 1620 638 ad
1640 609 1755 639 sedem
1778 609 1991 648 appellarunt
2009 611 2160 647 eandem,
2182 612 2271 642 dicto
2288 613 2326 642 E.

1315 661 1511 692 nullatenus
1541 662 1744 700 appellante.
1775 662 1815 692 Et
1841 662 1919 693 licet
1951 664 2119 702 prefatum
2154 666 2327 703 negotium

1284 718 1285 726 ¹
1315 723 1379 744 non
1409 717 1500 745 esset
1526 723 1584 753 per
1609 715 1874 753 appellationem
1893 716 2100 755 hujusmodi,
2131 720 2243 756 utpote
2263 727 2327 756 que

1314 777 1379 798 non
1400 770 1471 798 erat
1497 776 1556 806 per
1581 768 1724 798 eundem
1756 768 1808 804 Ε,
1840 768 1899 798 sed
1928 778 1988 807 per
2011 769 2119 800 dictos
2146 770 2329 801 monachos

1314 821 1490 851 dumtaxat
1505 821 1545 850 ad
1560 821 1723 860 prefatam
1743 821 1858 851 sedem
1875 822 2012 858 emissa,
2030 823 2071 853 ad
2090 823 2204 853 sedem
2219 823 2328 863 ipsam

1314 875 1530 913 aliquatenus
1552 874 1761 910 devolutum,
1787 883 1845 905 nec
1873 875 1992 906 electio
2017 876 2140 914 prefati
2163 876 2329 907 Johannis

1313 929 1416 963 esset,
1434 929 1510 966 post
1539 927 1801 966 appellationem
1822 928 1945 966 prefati
1966 929 2017 963 13„
2041 929 2127 959 sicut
2158 929 2243 959 salso
2268 938 2327 960 no-

1313 980 1366 1010 bis
1396 983 1620 1019 suggesserat,
1656 982 1865 1020 attemptata,
1892 982 1951 1011 sed
1975 982 2100 1020 potius,
2137 982 2226 1013 dicto
2258 991 2327 1014 mo·

1314 1034 1462 1064 nasterio
1494 1034 1533 1064 de
1569 1033 1718 1064 Ebronio
1747 1042 1806 1072 per
1846 1034 2093 1065 ordinationem
2123 1036 2328 1074 premissam

1313 1087 1393 1117 dicti
1415 1087 1457 1117 H.
1478 1087 1662 1117 cardinalis
1682 1095 1741 1126 per
1767 1087 1881 1118 sedem
1906 1088 2127 1126 apostolicam
2151 1089 2326 1120 confirma-

1312 1141 1381 1170 tam
1412 1149 1449 1169 ac
1479 1140 1649 1170 decretum
1676 1142 1830 1170 nostrum
1867 1141 2073 1179 premissum
2106 1150 2233 1172 necnon
2268 1151 2328 1181 per

1313 1193 1515 1223 sententiam
1531 1193 1720 1232 legitimam
1738 1194 1983 1232 archiepiscopi
1998 1195 2184 1233 supradicti
2204 1195 2326 1226 saetam

1313 1248 1463 1280 vacante,
1494 1246 1645 1285 legitime
1674 1246 1867 1282 subsecuta,
1897 1249 2008 1278 tamen
2041 1248 2194 1286 prefatus
2222 1248 2326 1279 abbas

1312 1299 1561 1334 Corbiacensis,
1581 1300 1621 1329 de
1638 1300 1819 1338 premissis
1843 1300 2039 1330 nullatenus
2062 1302 2204 1340 cognito,
2225 1310 2327 1340 super

1313 1352 1437 1392 quibus
1463 1353 1492 1383 ei
1520 1354 1591 1383 erat
1621 1353 1767 1391 cognitio
1799 1362 1899 1383 cause
1931 1354 2113 1383 commissa
2141 1363 2177 1384 ac
2208 1354 2327 1385 eodem

1311 1406 1463 1437 ,Iohanne
1491 1415 1551 1436 seu
1576 1406 1664 1435 dicto
1690 1408 1853 1436 conventu
1883 1415 1947 1436 non
1974 1407 2113 1436 monitis
2138 1415 2197 1437 nec
2213 1407 2326 1437 citatis

1313 1469 1372 1490 nec
1388 1469 1422 1489 se
1440 1468 1498 1498 per
1508 1459 1755 1489 contumaciam
1769 1459 2038 1495 absentantibus,
2056 1460 2199 1490 eundem
2214 1460 2249 1489 E.
2268 1469 2327 1499 per

1312 1513 1491 1552 quemdam
1521 1513 1680 1543 clericum
1714 1513 1824 1551 ipsius
1855 1512 1986 1543 abbatis
2015 1513 2251 1544 Corbiacensis
2285 1522 2326 1544 ex

1312 1568 1449 1605 arrupte
1468 1567 1532 1603 (sic)
1556 1567 1588 1596 in
1607 1566 1816 1604 corporalem
1844 1567 2097 1604 possessionem
2123 1567 2234 1605 ipsius
2259 1576 2324 1596 mo-

1313 1618 1452 1648 nasterii
1477 1618 1516 1647 de
1542 1618 1689 1647 Ebronio
1719 1618 1891 1648 mandavit
1920 1618 2045 1652 induci,
2080 1619 2195 1657 sicque
2216 1618 2326 1648 dictus

1282 1674 1283 1677 ’
1312 1671 1466 1707 clericus,
1487 1671 1731 1701 associatasibi
1751 1671 1967 1701 multItudine
1980 1671 2166 1707 hominum,
2182 1672 2325 1701 eundem

1311 1725 1362 1755 ι10.
1385 1726 1509 1755 amovit
1532 1734 1590 1763 per
1612 1725 1808 1755 violentiam
1826 1733 1844 1755 a
1864 1725 2071 1755 monasterio
2088 1728 2275 1755 memorato
2294 1726 2327 1755 et

1282 1787 1283 1790 ¹
1312 1778 1438 1808 1116111111
1455 1778 1492 1807 Ε.
1514 1778 1545 1807 111
1562 1778 1656 1807 illius
1674 1778 1884 1816 corporalem
1903 1779 2155 1816 possessionem
2176 1778 2322 1814 induxit,

1311 1834 1449 1870 propter
1471 1832 1558 1870 quod
1584 1831 1671 1861 idem
1697 1831 1868 1861 ¹Iohannes
1886 1831 1925 1860 ad
1955 1831 2145 1869 predictum
2170 1831 2324 1861 abbatem

1313 1884 1571 1915 Corbiacensem
1589 1886 1619 1914 et
1642 1884 1682 1913 ab
1707 1894 1756 1917 60,
1780 1885 1914 1914 1111161116
1932 1893 2112 1923 gravamen
2130 1884 2324 1923 hujusmodi

1282 1928 1284 1933 ,
1313 1946 1483 1973 revocare,
1504 1938 1544 1967 ad
1576 1940 1726 1968 nostram
1758 1937 1966 1967 audientiam
1995 1937 2190 1976 appellavit.
2215 1938 2325 1972 Quare

236 1988 384 2027 jusmodi
403 1989 601 2019 electionem
638 2000 696 2020 seu
731 1991 970 2029 provisionem,
1005 1992 1032 2021 si
1060 1993 1099 2021 ad
1132 2002 1200 2027 eas,
1220 1995 1254 2022 ut
1283 2028 1284 2034 ἵ

238 2042 433 2080 predicitur,
462 2051 656 2081 processum
673 2048 740 2073 erat
766 2044 797 2073 iu
821 2045 1027 2074 monasterio
1048 2046 1252 2083 supradicto,
1283 2074 1284 2079 ,

239 2094 364 2124 dictum
384 2096 420 2125 E.
437 2095 573 2126 inillam
587 2097 727 2126 eandem
746 2097 996 2135 possessionem
1017 2098 1068 2128 vel
1083 2099 1179 2137 quasi
1198 2099 1253 2128 ad-

239 2149 997 2189 ministrationisbonorumipsiusmonasterii
1012 2153 1079 2181 tam
1091 2152 1254 2190 6116115111-

238 2202 373 2231 ritualia
388 2211 487 2241 quam
504 2203 704 2241 temporalia
721 2204 752 2233 in
764 2213 829 2242 qua
846 2206 928 2239 erat,
940 2206 1090 2243 tempore
1104 2205 1253 2243 appella-

239 2255 341 2285 tionis
358 2255 516 2293 predicte,
537 2265 595 2294 per
614 2265 648 2286 se
668 2256 719 2287 vel
737 2266 795 2295 per
813 2257 917 2287 alium
938 2257 1139 2287 reducendo.
1160 2259 1253 2288 Unde

238 2308 409 2346 predictus
428 2308 531 2338 abbas
547 2310 783 2340 (jorbiacensis
802 2311 868 2345 cui,
889 2312 924 2340 ut
941 2311 1075 2347 asserit,
1093 2311 1202 2341 dictus
1216 2312 1251 2341 E.

239 2361 388 2398 legitime
406 2362 556 2391 constitit
569 2362 607 2392 de
624 2363 814 2400 premissis,
833 2363 1041 2402 sepedictum
1059 2364 1095 2393 E.
1116 2364 1156 2393 ad
1176 2373 1250 2394 eum

241 2415 363 2444 statum
378 2414 512 2444 reduxit
525 2415 558 2444 in
572 2424 637 2454 quo
652 2418 896 2455 erat,tempore
911 2416 1151 2455 appellationis
1165 2417 1251 2456 ejus›

240 2466 314 2497 dem
333 2467 450 2498 ultimo
474 2468 515 2497 ad
539 2468 652 2498 sedem
677 2469 863 2507 predictam
885 2470 1023 2506 emisse,
1043 2479 1188 2509 eumque
1209 2471 1249 2501 ad

242 2519 511 2550 observationem
528 2521 649 2560 prefati
667 2522 850 2560 juramenti
871 2523 1031 2553 nuntians
1048 2532 1111 2553 non
1130 2525 1249 2560 teneri,

241 2574 385 2604 cassavit
401 2575 432 2604 et
449 2574 594 2604 irritavit
610 2574 809 2605 electionem
830 2576 1017 2614 predictam
1033 2577 1066 2606 et
1089 2576 1251 2615 quicquid

241 2628 311 2656 erat
327 2628 401 2664 post
419 2627 679 2665 appellationem
698 2628 806 2666 ipsam
824 2629 856 2658 in
875 2629 954 2659 dicti
973 2629 1010 2659 E.
1024 2629 1249 2668 prejudicium
1279 2652 1280 2656 ,

1278 2682 1279 2699 ³
1310 2692 1327 2712 a
1351 2683 1505 2721 personis
1535 2682 1687 2720 ejusdem
1718 2681 1916 2712 monasterii
1947 2681 1987 2711 de
2014 2681 2161 2711 Ebronio
2187 2683 2218 2711 61
2245 2681 2324 2711 aliis

242 2680 475 2718 attemptatum
493 2690 529 2710 ac
550 2681 685 2711 reduxit
704 2682 815 2720 ipsum
835 2682 869 2711 tc.
890 2682 924 2712 in
947 2682 1040 2712 illam
1061 2683 1245 2721 possessio-

240 2741 314 2762 nem
330 2733 635 2764 administrationis
650 2734 813 2764 bonorum
830 2735 908 2765 dicti
927 2735 1122 2765 monasterii
1140 2735 1249 2774 inqua

239 2787 309 2815 erat
327 2788 475 2824 tempore
493 2787 732 2825 appellationis
756 2788 914 2825 predicte.
938 2790 1048 2823 Quare
1070 2798 1129 2827 pro
1155 2791 1249 2826 parte

238 2838 317 2868 dicti
349 2839 383 2868 Ε.
416 2839 590 2869 humiliter
618 2840 793 2878 petebatur
818 2850 835 2870 a
862 2841 958 2871 nobis
986 2844 1020 2872 ut
1047 2843 1247 2872 contirmare

1313 1991 1446 2029 petebat
1464 2000 1481 2020 a
1499 1990 1595 2021 nobis
1622 1994 1655 2021 111
1675 2000 1751 2020 611111
1770 1991 1811 2020 1111
1836 1990 2006 2021 abbatiam
2027 1990 2107 2020 dicti
2126 1990 2325 2020 monasterii

1313 2044 1351 2073 de
1364 2044 1511 2074 Ebronio
1524 2044 1655 2073 restitui
1672 2046 1703 2073 et
1720 2043 1888 2082 prefatum
1901 2052 2098 2082 processum
2110 2052 2170 2082 pro
2185 2043 2322 2073 dictet-1.

1312 2096 1462 2126 habitum
1478 2098 1624 2127 revocari
1639 2106 1695 2135 per
1709 2097 1892 2126 discretum
1908 2097 2056 2135 aliquem
2074 2097 2322 2127 mamlaremus.

1352 2150 1422 2180 Nos
1441 2151 1555 2188 igitur,
1574 2150 1777 2179 desolationi
1796 2150 1874 2179 (111-11
1894 2150 2092 2180 monasterii
2107 2150 2146 2180 116
2164 2149 2323 2187 Ebronio,

1312 2212 1412 2242 quam
1448 2203 1513 2233 sibi
1542 2212 1582 2233 ex
1609 2203 1802 2241 hujusmodi
1835 2203 2013 2241 questione
2043 2203 2221 2233 imminere
2255 2211 2326 2241 per-

1313 2257 1502 2295 pendinms,
1534 2259 1672 2295 paterna
1696 2256 1927 2286 sollicitudine
1951 2265 2126 2286 occurrere
2149 2256 2325 2295 cupientes

1312 2319 1346 2339 ac
1367 2309 1531 2339 malentes
1556 2313 1691 2348 propter
1714 2309 1773 2339 hoc
1791 2310 2004 2348 questionem
2025 2309 2164 2340 eandem
2185 2310 2324 2348 provide

1281 2361 1282 2377 ³
1311 2363 1536 2393 ordinationis
1550 2363 1655 2401 sopiri
1671 2363 1938 2401 consilio,quam
1951 2362 2124 2401 judicialis
2142 2362 2325 2392 decisionis

238 2899 445 2929 processum,
461 2901 518 2931 pro
534 2902 572 2923 eo
589 2893 621 2922 in
640 2893 698 2923 hac
718 2896 811 2932 parte
832 2894 997 2932 habitum,
1014 2895 1244 2934 dignaremur.
1276 2907 1278 2910 ·

1310 2416 1422 2455 gladio
1445 2416 1599 2450 diffiniri,
1621 2416 1660 2446 de
1680 2425 1821 2446 assensu
1846 2418 2102 2454 procuratorum
2124 2415 2320 2446 eorumdem

1310 2470 1347 2500 E.
1367 2472 1398 2500 et
1422 2470 1452 2500 J.
1480 2469 1675 2500 habentium
1697 2478 1799 2508 super
1825 2469 1886 2499 hoc
1916 2469 1956 2499 ab
1981 2469 2042 2502 eis,
2073 2472 2106 2499 ut
2129 2469 2264 2504 dicitur,
2284 2469 2325 2499 de

1309 2523 1539 2562 componendo
1571 2523 1778 2557 mandatum,
1805 2522 2003 2552 discretioni
2036 2524 2091 2552 tue
2123 2522 2324 2552 mandamus

1309 2579 1487 2615 quatenus,
1507 2576 1732 2615 personaliter
1757 2576 1797 2605 ad
1824 2575 2068 2605 monasterium
2096 2575 2207 2614 ipsum
2231 2583 2319 2605 acce-

1309 2629 1403 2666 dens,
1425 2630 1578 2668 inquiras
1596 2629 1635 2659 de
1654 2629 1753 2668 plano
1766 2631 1795 2658 61
1815 2628 2161 2667 absquejudiciorum
2177 2628 2322 2667 strepitu

1309 2736 1451 2775 ydoneis
1484 2737 1516 2766 et
1541 2735 1704 2769 honestis,
1737 2735 1814 2774 quis
1841 2743 1881 2765 ex
1904 2734 1989 2772 ipsis
2013 2733 2144 2764 duobus
2169 2735 2207 2764 E.
2227 2736 2260 2764 61
2275 2734 2320 2771 «1.,

1309 2789 1461 2828 pensatis
1480 2790 1510 2819 et
1530 2789 1754 2818 consideratis
1770 2787 2038 2817 circumstantiis
2055 2787 2238 2817 universis.
2255 2795 2321 2825 quo

1309 2843 1349 2872 ad
1368 2841 1615 2880 reparationem
1640 2843 1672 2871 et
1691 2840 1969 2879 gubernationem
1997 2839 2106 2878 ipsius
2123 2839 2322 2869 monasterii

1309 2895 1348 2925 de
1364 2895 1511 2926 Ebronio
1530 2895 1618 2925 circa
1637 2894 1832 2932 spiritualia
1848 2896 1878 2923 et
1897 2892 2111 2931 temporalia,
2127 2901 2186 2931 per
2202 2893 2253 2922 5111
2275 2892 2323 2922 111-
