2519 3262
181 237 221 268 80

182 320 259 351 aliis
284 318 413 348 vocatis
439 319 470 348 et
499 317 636 355 rogatis..
669 316 709 346 Et
732 323 790 353 ego
819 314 1025 344 Guillelmus
1042 313 1187 348 Nirolai,

181 374 295 403 sancte
314 372 465 402 Romane
488 369 628 400 ecclesie
651 368 850 398 scriniarius
868 376 903 397 ac
921 366 1043 405 prefati
1061 365 1190 396 domini

180 425 363 456 cardinalis
386 423 508 460 scriba,
529 421 795 461 pronuntiationi
815 420 966 451 omnium
989 422 1020 449 et
1042 418 1190 457 singulo-
1220 416 1222 448 J

179 487 253 509 rum
275 477 501 516 predictorum
520 484 660 514 presens
680 475 739 509 t'ni,
758 475 802 509 et,
823 476 856 503 ut
877 481 980 511 supra
996 472 1130 511 legitur,
1150 472 1190 501 de

179 531 289 570 ipsius
307 530 433 560 domini
452 528 634 558 cardinalis
653 527 822 561 mandato,
840 526 963 564 scripsi
981 528 1011 556 et
1031 526 1063 555 in
1081 525 1191 564 publi·
1219 560 1221 568 y

179 593 252 615 cam
270 584 413 614 formam
431 582 554 620 redegi,
571 589 712 619 meoque
732 580 826 618 signo
843 579 986 618 signavi.
1010 591 1023 605 ,ι

218 636 313 667 Nulli
335 644 412 674 ergo
436 636 549 664 nostre
578 632 844 663 confirmationis
870 634 931 662 010.
954 632 1077 662 Datum
1102 631 1188 669 apud
1219 656 1220 659 ,

179 689 466 721 Urbemveterem,
488 696 520 717 x1
542 686 704 716 kalendas
721 686 811 725 julii,
831 694 917 715 anno
934 686 1045 715 tertio.
1067 696 1080 713 i)

775 848 897 878 Orvieto‚
915 847 1020 883 lljuin
1039 848 1115 874 1264.

270 852 364 883 1087

213 931 337 957 Abbates
363 939 387 957 s.
405 929 511 956 Nicasii
531 928 680 956 Remensis
700 931 727 955 et
747 938 770 955 s.
790 928 896 956 Nicolai
920 929 946 955 iu
964 929 1062 961 130500,
1081 928 1190 954 Laudu-

177 980 275 1006 nensis
303 979 436 1013 diocesis,
455 978 617 1014 praedictae
642 977 799 1005 sententiae
829 980 998 1004 executores
1027 977 1188 1004 constituit.

175 1028 252 1062 (Bac.
271 1028 317 1060 29,
333 1028 381 1055 sol.
396 1027 442 1060 59,
460 1031 491 1054 n⁰
508 1028 582 1056 13c.i

217 1130 231 1147 (1
248 1143 266 1149 ..
283 1129 306 1149 s.
327 1118 465 1148 Nichasii
480 1119 633 1148 [ternensis
647 1122 672 1146 cl
690 1141 708 1148 ..
723 1128 747 1147 s.
762 1117 882 1147 Nicolai
899 1117 926 1146 in
941 1117 1046 1152 Bosco,
1064 1116 1187 1147 Laudic-

176 1172 276 1202 ncnsis
290 1171 425 1208 diocesis,
443 1171 556 1201 ordinis
573 1182 597 1202 s.
618 1171 785 1207 Benedicti,
802 1171 1054 1200 monasteriorum
1069 1170 1186 1200 abhati-

177 1226 239 1256 bas.
264 1225 425 1255 Exhibita
441 1224 539 1255 nobis
555 1225 667 1255 dilecti
689 1241 736 1254 —.
757 1225 881 1255 Datum
899 1224 987 1262 apud
1007 1223 1187 1254 Urbemve-

175 1280 294 1315 terem,
315 1288 348 1309 xx
366 1278 530 1308 kalendas
544 1278 634 1317 julii,
654 1286 739 1308 anno
759 1277 870 1308 tertio.
892 1289 905 1304 »

766 1435 889 1463 Orvieto,
908 1436 939 1462 21
955 1435 1017 1470 juin
1035 1436 1111 1462 1204.

267 1438 363 1469 1088

208 1513 425 1540 Ordinationem
442 1513 475 1538 de
494 1511 613 1538 ecclesia
639 1512 672 1537 de
693 1511 795 1541 Petris,
813 1510 998 1537 Carnutensis
1017 1510 1150 1538 diocesis,
1169 1519 1184 1537 a

172 1562 296 1588 Berardo
323 1561 355 1587 de
383 1560 511 1594 Neapoli,
542 1559 652 1586 notario
677 1560 844 1594 apostolico,
875 1559 993 1592 editum,
1021 1559 1183 1586 coufirmat.

172 1611 252 1646 (1100.
272 1611 316 1640 39,
332 1609 441 1643 r01.59,
460 1615 489 1635 n⁰
509 1609 581 1637 137.)

211 1707 226 1726 «
247 1697 312 1727 Ade
332 1696 367 1726 dc
392 1696 478 1736 Voys,
495 1695 671 1736 presbytero
689 1694 912 1724 Cameracensis
931 1694 1068 1725 diocesis.
1091 1695 1183 1726 Licet

171 1759 209 1781 ea
227 1759 291 1789 qne
310 1767 358 1779 —.
377 1750 463 1780 Sane
482 1749 598 1788 petitio
620 1750 676 1778 tua
699 1747 797 1778 nobis
822 1747 972 1778 exhibita
989 1748 1182 1778 continebat

169 1804 257 1843 quod
277 1803 357 1833 olim
377 1803 464 1833 inter
481 1803 524 1838 te⁷
552 1811 593 1832 ex
610 1804 704 1840 parte
727 1810 803 1835 una,
823 1802 852 1831 01
878 1801 1019 1831 dilectos
1038 1801 1128 1831 filios
1149 1825 1154 1830 .
1173 1826 1179 1832 .

169 1856 335 1893 abbatem,
346 1858 376 1886 et
389 1857 588 1886 conventum
600 1854 1179 1893 Majoris-MonasteriiTuronensis,

169 1910 208 1939 ad
229 1911 415 1940 Romanam
431 1909 608 1939 ecclesiam
626 1908 719 1937 nullo
735 1908 845 1937 11101110
865 1907 1076 1946 pertinentis,
1094 1908 1180 1938 ordi-

168 1962 221 1992 nis
234 1962 339 1992 sancti
356 1961 539 1993 Benedicti,
551 1970 590 1991 ex
604 1961 719 1993 altera.
732 1969 834 1999 super
847 1960 990 1990 ecclesia
1001 1961 1040 1990 de
1054 1961 1176 1997 Petris,

167 2016 386 2046 Carnotcnsis
400 2015 557 2050 diocesis,
577 2015 609 2044 in
625 2023 690 2053 qua
706 2014 807 2044 iidem
825 2013 928 2043 abbas
946 2015 977 2044 et
994 2016 1179 2044 conventus

163 2068 219 2107 jus
238 2068 387 2099 obtinent
410 2069 619 2107 patronatus,
640 2070 671 2097 ot
696 2067 727 2096 in
749 2076 812 2105 qua
835 2069 866 2096 te
881 2067 936 2104 jus
950 2066 1071 2097 habere
1092 2067 1178 2097 dice-

166 2121 237 2158 bas,
259 2122 434 2160 questione
453 2121 602 2152 subortav
622 2122 653 2150 et
672 2129 771 2149 causa
794 2120 986 2159 hujusmodi
1006 2121 1043 2150 ad
1064 2121 1177 2151 sedem

166 2175 387 2213 apostolicam
415 2174 564 2213 legitime
595 2173 762 2207 devoluta,
799 2173 933 2203 demum
961 2175 1035 2211 post
1067 2174 1177 2204 varios

165 2236 345 2266 processus
366 2227 498 2257 habitos
523 2227 556 2256 in
574 2235 676 2256 cansa
695 2226 769 2265 ipsa
790 2235 900 2255 coram
923 2226 1068 2256 diversis
1087 2227 1177 2257 audi-

164 2280 296 2311 toribus
324 2282 393 2310 tam
426 2290 443 2310 a
476 2279 574 2310 nobis
604 2288 704 2318 quam
738 2288 756 2308 a
789 2279 897 2309 felicis
934 2279 1176 2309 recordationis

164 2333 358 2364 Alexandro
379 2341 475 2371 papa,
489 2333 727 2371 predecessore
744 2333 872 2362 nostro.
892 2332 924 2361 in
944 2332 1059 2362 eadem
1076 2341 1177 2363 causa

164 2386 264 2423 datis,
289 2388 336 2421 tu,
364 2395 423 2425 pro
450 2388 493 2422 te,
513 2394 548 2415 ac
566 2385 709 2416 dilectus
740 2385 832 2415 iilius
861 2385 1023 2424 magister
1051 2386 1175 2416 Petrus
1206 2402 1207 2431 3

164 2439 299 2474 Bonior,
326 2439 545 2477 cappellanus
565 2440 689 2475 noster,
711 2438 933 2468 cancellarius
951 2438 1173 2475 Turonensis,

162 2500 223 2530 pro
243 2492 371 2522 eisdem
395 2491 513 2522 abbate
532 2493 563 2522 et
586 2493 763 2527 conventu,
787 2501 805 2521 a
833 2491 957 2530 quibus
976 2491 1113 2530 plenum
1134 2493 1174 2522 ad

162 2544 224 2574 1100
243 2545 439 2575 mandatum
458 2543 612 2579 habebat,
624 2544 658 2574 in
676 2544 836 2575 dilectum
848 2544 957 2574 tilium
973 2544 1174 2584 magistrum

162 2597 348 2627 Ber-ardum
368 2597 407 2627 110
425 2597 580 2635 Neapoli,
601 2597 844 2627 subdiaconum
864 2599 894 2627 et
912 2597 1080 2627 notarium
1099 2606 1174 2628 1105-

162 2650 264 2687 trum,
294 2651 465 2688 tamquam
488 2650 521 2680 in
547 2650 723 2685 arbitrum,
750 2650 985 2680 arbitratorem
1004 2651 1035 2680 et
1055 2650 1174 2681 amica-

162 2701 267 2732 bilem
284 2702 544 2741 compositorem
562 2711 663 2741 super
680 2703 767 2733 dicta
787 2712 899 2739 causa,
919 2703 985 2733 alte
1004 2705 1035 2733 et
1061 2702 1171 2740 basse,

162 2755 435 2794 compromittere
455 2765 491 2785 ac
509 2756 582 2794 ejus
600 2756 751 2792 arbitrio,
771 2755 976 2786 ordinationi
992 2764 1051 2786 vos
1068 2756 1172 2787 libere

163 2808 375 2839 summittere
388 2809 580 2840 curavistis,
595 2809 687 2839 Idem
704 2818 781 2839 vero
800 2809 963 2844 notarius,
979 2808 1172 2847 hujusmodi

163 2861 408 2900 compromisso
427 2864 558 2900 recepto
579 2871 615 2892 ac
634 2871 651 2891 a
672 2861 768 2891 nobis
786 2862 975 2894 ordinandi.
989 2862 1170 2898 statuendi,

163 2915 195 2945 et
213 2914 402 2944 diffiniendi
426 2923 526 2953 super
555 2914 614 2945 hoc
642 2923 769 2945 necnon
801 2915 985 2954 recipiendi
1004 2924 1022 2946 a
1039 2916 1070 2946 te
1090 2915 1171 2946 resi-

932 228 1176 260 REGISTRES
1206 227 1422 259 D'URBAIN
1453 228 1512 258 IV.

1252 313 1445 351 gnationem
1467 312 1566 350 juris,
1589 312 1711 351 siquod
1728 311 1790 342 tibi
1814 312 1848 342 in
1866 312 1955 342 dicta
1973 312 2116 343 ecclesia
2133 322 2265 353 compe-

1221 354 1222 365 *
1252 364 1352 400 tebat,
1373 367 1403 395 et
1427 365 1623 403 assignandi
1644 365 1705 395 tibi
1729 365 1956 404 provisionem
1978 365 2139 404 aliquam,
2165 369 2265 404 prout

1251 418 1338 447 dicto
1358 418 1487 447 notario
1509 418 1668 456 expedire
1690 418 1872 454 videretur,
1897 427 1934 448 ac
1952 419 2128 449 relaxandi
2146 427 2264 450 omnes

1252 471 1489 509 suspensionis
1507 471 1538 500 et
1556 471 1918 501 excommunicationis
1936 471 2134 506 sententias,
2153 473 2182 502 si
2199 481 2263 511 que

1251 524 1285 553 in
1300 524 1448 562 aliquam
1466 524 1614 562 partium
1631 533 1843 563 quacumque
1860 524 2072 558 auctoritate,
2088 525 2262 556 occasione

1251 577 1441 616 questionis
1452 577 1614 616 predicta,
1632 577 1774 607 forsitan
1789 579 1903 607 essent
1919 577 1997 614 late,
2011 578 2210 608 auctoritate
2227 587 2264 609 ac

1250 630 1402 669 plenaria
1431 632 1595 668 potestate
1624 630 1760 660 oraculo
1787 631 1863 660 vive
1889 631 1980 660 vocis
2008 630 2167 665 obtentis,
2194 640 2212 661 a
2231 633 2264 662 te

1246 683 1334 722 juris
1365 683 1558 722 hujusmodi
1588 692 1647 713 nec
1675 692 1740 713 non
1767 683 1919 722 ejusdem
1951 683 2092 714 ecclesie
2118 683 2263 714 liberam

1250 737 1515 775 resignationem
1542 737 1678 776 recepit,
1707 736 1837 776 tibique
1864 739 2064 776 perpetuum
2089 737 2262 768 silentium

1251 790 1413 828 imposuit
1448 799 1550 829 super
1580 790 1722 820 00010513
1754 790 1949 829 supradicta
1979 792 2010 820 ct
2043 791 2263 821 considerans

1250 843 1340 881 quod
1368 845 1414 879 tu,
1447 843 1621 874 occasione
1653 843 1803 882 predicte
1831 851 1945 879 cause,
1979 852 2099 882 graves
2128 843 2262 874 labores

1250 896 1462 926 sustinueras
1486 899 1517 926 et
1538 905 1716 935 expensas,
1735 896 1934 926 auctoritate
1952 904 1988 926 ac
2006 898 2172 934 potestate
2188 904 2263 935 pre-

1250 949 1367 979 missis
1386 949 1571 979 ordinando
1593 949 1711 979 statuit
1725 951 1757 979 et
1774 950 1952 979 statuendo
1974 949 2154 983 ordinavit,
2173 948 2264 988 quod

1249 1002 1330 1032 dicti
1343 1002 1446 1032 abbas
1460 1004 1491 1032 et
1505 1004 1690 1032 conventus
1702 1001 1764 1031 tibi
1777 1001 1975 1040 provideant
1988 1001 2022 1032 in
2035 1002 2124 1032 dicta
2135 1001 2263 1032 diocesi

1250 1055 1449 1086 Carnotensi
1473 1056 1513 1085 de
1532 1055 1646 1094 aliquo
1663 1054 1825 1085 beneficio
1845 1054 1998 1089 ecclesie,
2019 1063 2094 1085 cum
2113 1063 2194 1085 cura
2208 1055 2263 1086 vel

1249 1109 1321 1139 sine
1339 1118 1428 1145 cura,
1449 1109 1637 1147 pertinente
1657 1108 1699 1138 ad
1722 1107 1938 1138 collationem
1957 1116 2018 1138 seu
2039 1108 2262 1146 presentatio-

1249 1170 1325 1192 nem
1343 1162 1527 1192 eorundem
1545 1161 1677 1192 abbatis
1696 1164 1727 1191 01
1751 1164 1947 1195 conventus,
1967 1161 2192 1191 communiter
2208 1161 2262 1191 vel

1248 1215 1398 1249 divisim,
1422 1214 1473 1245 vel
1499 1215 1623 1252 prioris
1646 1215 1787 1244 alterius
1805 1214 1977 1252 prioratus
1998 1214 2107 1244 eidem
2128 1222 2262 1244 monas-

1247 1268 1333 1298 terio
1348 1268 1446 1306 pleno
1461 1268 1532 1307 jure
1549 1267 1688 1303 subditi,
1706 1268 1746 1297 de
1761 1276 1826 1306 quo
1841 1267 1870 1297 is
1886 1267 1939 1297 cui
1956 1275 2017 1297 nos
2029 1267 2261 1306 provisionem

1246 1320 1442 1359 hujusmodi
1461 1320 1747 1356 commiserimus,
1766 1319 1888 1350 viderit
1904 1320 2076 1358 expedire,
2097 1328 2133 1350 30
2155 1319 2259 1350 1110111-

1247 1373 1395 1403 lominus
1414 1373 1514 1403 iidem
1530 1373 1633 1403 abbas
1647 1375 1679 1403 et
1694 1375 1879 1403 conventus
1892 1373 2007 1403 decem
2024 1372 2190 1403 librarum
2206 1375 2260 1403 tu-

1247 1435 1362 1456 ronen.
1381 1435 1527 1456 annuam
1545 1426 1755 1464 pensionem,
1780 1427 1870 1456 certo
1894 1426 2052 1461 termino,
2072 1426 2161 1465 apud
2181 1426 2261 1456 civi-

1245 1481 1349 1509 tatem
1365 1479 1607 1509 Carnotensem
1621 1478 1685 1509 tibi
1703 1478 1819 1508 tandiu
1838 1478 1910 1508 sine
1927 1478 2043 1517 aliqua
2061 1478 2261 1510 difficultate

1246 1532 1452 1570 persolvant,
1466 1531 1570 1561 1101100
1588 1531 1649 1561 tibi
1667 1531 1769 1562 fuerit
1786 1531 1826 1561 de
1842 1530 2004 1561 beneficio
2019 1531 2169 1570 predicto
2182 1540 2259 1570 pro-

1245 1585 1369 1621 visum,
1389 1585 1586 1623 fructusque
1603 1585 1795 1623 perceperis
1811 1593 1853 1614 ex
1871 1585 1999 1615 eodem.
2014 1584 2108 1615 Idem
2125 1593 2259 1624 quoque

1246 1639 1410 1673 notarius,
1433 1638 1633 1668 auctoritate
1655 1646 1693 1668 ac
1718 1639 1884 1677 potestate
1903 1638 2077 1676 predictis
2093 1637 2259 1668 relaxavit

1245 1700 1362 1721 omnes
1381 1691 1629 1729 suspensionis,
1654 1691 2017 1721 excommunicationis
2037 1693 2068 1721 et
2086 1691 2258 1721 interdicti

1245 1745 1442 1778 sententias,
1463 1745 1559 1783 sique
1581 1745 1614 1774 in
1630 1744 1801 1782 predictos
1822 1743 1977 1774 abbatem
2001 1746 2033 1774 et
2055 1746 2258 1775 conventum

1244 1798 1296 1828 vel
1315 1798 1466 1837 ipsorum
1492 1797 1641 1836 aliquem
1659 1800 1715 1828 aut
1732 1798 1767 1827 in
1789 1799 1820 1828 te
1838 1806 1898 1836 per
1921 1806 2152 1837 quoscumque
2171 1797 2257 1828 alios

1244 1851 1363 1887 forent,
1374 1860 1585 1890 quacumque
1598 1851 1807 1885 auctoritate,
1817 1851 1991 1881 occasione
2001 1851 2150 1890 predicte
2160 1859 2258 1890 ques-

1241 1905 1356 1938 tionis,
1377 1905 1518 1934 forsitan
1546 1904 1769 1943 promulgate,
1796 1913 1833 1934 ac
1859 1905 1899 1934 ad
1926 1904 2054 1942 prefate
2081 1904 2256 1943 pensionis

1241 1958 1495 1995 exhibitionem,
1524 1960 1553 1988 et
1582 1957 1624 1987 ad
1652 1957 1847 1997 hujusmodi
1872 1957 2101 1996 provisionem
2127 1957 2190 1988 tibi
2213 1958 2253 1988 de

1240 2011 1401 2041 benetie-io
1427 2011 1614 2041 faciendam
1634 2010 1789 2041 abbatem
1811 2012 1842 2041 et
1870 2012 2072 2040 conventum
2091 2009 2254 2050 obligavit

1240 2065 1389 2100 eosdem,
1418 2067 1514 2103 prout
1535 2064 1568 2094 in
1586 2065 1812 2094 instrumento
1835 2063 1968 2102 publico
1992 2064 2069 2094 inde
2089 2064 2251 2101 confecto,

1239 2118 1319 2148 dicti
1344 2118 1465 2147 notarii
1493 2117 1607 2156 sigillo
1633 2117 1775 2156 signato,
1794 2117 1930 2156 plenius
1952 2117 2154 2148 continetur.
2182 2118 2253 2148 Nos

1240 2171 1364 2210 itaque,
1383 2172 1452 2201 tuis
1469 2170 1776 2209 supplicationibus
1791 2171 1956 2206 inclinati,
1974 2170 2063 2210 quod
2079 2170 2120 2201 ab
2135 2171 2253 2202 eodem

1240 2225 1370 2255 notario
1389 2233 1448 2263 pro
1463 2226 1495 2254 te
1513 2224 1652 2263 provide
1671 2224 1797 2254 factum
1815 2225 1864 2254 est
1882 2224 1917 2254 in
1937 2223 1997 2254 hac
2012 2225 2120 2263 parte,
2140 2225 2252 2255 ratum

1207 2296 1208 2303 1
1238 2280 1268 2308 et
1297 2278 1432 2308 firmum
1450 2276 1622 2314 habentes,
1649 2277 1733 2307 illud
1751 2277 1949 2308 auctoritate
1970 2277 2156 2316 apostolica
2176 2286 2252 2308 con-

1239 2332 1415 2362 firmamus
1429 2332 1504 2366 etc„
1523 2339 1629 2369 usque
1647 2330 1909 2361 communimus.

1279 2384 1444 2414 Tenorem
1463 2386 1574 2414 autem
1591 2383 1703 2422 ipsius
1719 2383 1938 2414 instrumenti
1952 2383 1992 2414 de
2007 2382 2108 2414 verbo
2126 2383 2167 2413 ad
2181 2392 2252 2414 ver-

1236 2437 1316 2467 bum
1335 2436 1552 2476 presentibus
1571 2436 1714 2467 fecimus
1731 2436 1897 2474 annotari,
1918 2436 1976 2475 qui
1994 2436 2073 2466 talis
2090 2438 2141 2467 est
2161 2446 2167 2465 z

1276 2500 1292 2520 «
1309 2490 1346 2519 In
1365 2489 1499 2519 nomine
1523 2489 1674 2524 Domini,
1693 2497 1802 2520 amen.
1821 2489 1905 2520 Orta
1923 2489 2049 2520 dudum
2066 2489 2154 2520 inter
2171 2489 2250 2520 reli—

1236 2544 1350 2582 giosos
1367 2543 1459 2572 viros
1476 2566 1495 2572 ..
1517 2542 1683 2577 abbatem,
1701 2545 1732 2573 et
1748 2544 1949 2573 conventum
1964 2543 2102 2582 Majoris
2116 2551 2250 2574 monas-

1236 2596 1312 2627 terii
1331 2596 1605 2630 Τ111·011011515,1111
1622 2597 1810 2627 Romanam
1825 2596 2004 2627 ecclesiam
2025 2596 2119 2627 nullo
2137 2596 2249 2628 medio

1235 2649 1448 2688 pertinentis,
1469 2649 1600 2679 ordinis
1618 2649 1725 2679 51111011
1744 2649 1929 2686 Benedicti,
1950 2658 1993 2680 ex
2010 2652 2106 2688 parte
2122 2658 2199 2685 una,
2215 2652 2250 2681 et

1235 2704 1342 2734 Adam
1359 2703 1398 2733 de
1417 2703 1522 2742 Yoys,
1536 2702 1774 2741 presbyterum
1792 2703 2012 2733 carnotensis
2029 2703 2189 2739 diocesis,
2206 2711 2249 2734 ex

1235 2756 1352 2792 11110111,
1380 2764 1481 2794 super
1498 2756 1641 2786 ecclesia
1659 2756 1699 2786 de
1718 2755 1842 2789 Petris,
1863 2756 2016 2795 ejusdem
2033 2756 2192 2791 diocesis,
2213 2756 2248 2787 in

1234 2818 1300 2848 qua
1314 2809 1418 2839 iidem
1433 2808 1537 2839 abbas
1555 2811 1585 2839 et
1601 2811 1787 2839 conventus
1797 2809 1854 2848 jus
1868 2808 2021 2840 obtinent
2034 2811 2245 2848 patronatus,

1234 2864 1265 2893 et
1284 2863 1318 2892 in
1345 2871 1410 2901 qua
1436 2861 1615 2901 presbyter
1633 2862 1805 2901 predictus
1832 2870 1868 2893 se
1882 2862 1938 2901 jus
1956 2861 2078 2893 habere
2101 2862 2246 2900 dicebat,

1234 2915 1375 2946 materia
1387 2915 1588 2954 questionis,
1602 2914 1751 2946 tamdem
1763 2923 1864 2946 causa
1873 2915 2066 2954 hujusmodi
2076 2915 2118 2946 ad
2129 2915 2244 2948 sedem
