2519 3262
1049 190 1287 228 TROISIEME
1314 190 1478 227 ANNEE.

316 282 414 313 2262
727 281 850 315 Orvielo,
867 282 899 308 29
917 281 1069 307 novembre
1087 281 1163 307 1203.

261 364 359 391 Eidem
378 365 506 400 indulget
524 368 553 393 ut
569 365 705 393 beneficia
715 366 909 393 ecelesiastica
924 366 1050 400 recipcre
1066 368 1093 392 ct
1111 365 1235 392 retinere

224 422 289 440 cum
314 414 562 449 archiepiscopatu
586 414 767 441 Salernitano
793 416 895 442 valent.
923 415 998 448 (Rae.
1024 414 1067 445 29,
1094 414 1142 440 sol.
1172 414 1235 446 244,

223 469 252 489 n⁰
270 463 365 496 1311.)

268 580 282 595 «
301 568 356 604 M„
377 568 469 598 electo
487 568 699 598 Salernitana
714 569 896 598 Personam
914 570 1006 598 tuam
1023 569 1084 598 etc.
1102 585 1150 596 —.
1170 568 1235 598 Da-

224 622 295 651 tum
332 622 420 660 apud
451 621 739 655 Urbemveterem,
778 631 813 650 ιιι
842 621 1002 651 kalendas
1033 620 1233 655 decembris,

222 682 312 704 anno
328 675 439 705 tertio.
461 684 476 704 »

704 835 828 867 Orvieto,
847 835 890 861 1⁰*
908 835 1060 862 decembre
1077 835 1157 863 1203.

310 837 407 868 2263

255 919 392 954 Episcopo
418 919 504 946 Esino
531 920 647 946 mandat
671 922 702 946 ut
718 919 893 947 monasterio
917 928 938 946 s.
957 920 1062 947 Mariae
1079 921 1113 946 dc
1129 920 1230 952 Plano,

219 968 323 995 Esinae
337 967 469 999 diocesis,
487 968 594 995 ordinis
613 977 636 995 s.
654 969 811 1002 Benedicti,
829 969 924 996 eidem
941 969 1074 1003 episcopo
1089 969 1231 1005 subjecto,

216 1018 251 1044 de
276 1017 378 1043 abbate
401 1016 513 1050 idoneo,
536 1026 602 1045 cum
629 1017 748 1044 consilio
767 1017 917 1049 Manfredi,
938 1017 1113 1045 Veronensis
1131 1018 1229 1052 electi,

217 1065 359 1100 capitanei
380 1067 408 1092 et
432 1066 551 1093 rectoris
567 1067 685 1094 ducatus
708 1067 853 1101 Spoletani
873 1069 901 1094 et
918 1066 1060 1094 Marchine
1078 1067 1231 1094 Anconita-

215 1122 278 1146 nae,
296 1114 454 1149 provideat.
471 1116 552 1149 (ΒΕΘ.
571 1116 615 1147 29,
632 1116 681 1143 fol.
704 1116 769 1148 244,
787 1121 818 1142 n⁰
836 1116 926 1151 1312.)

256 1221 445 1262 «Episcopo
471 1222 581 1252 Esino.
609 1223 705 1260 Cum,
727 1223 814 1253 sicut
844 1232 902 1261 per
918 1240 967 1254 -.
987 1224 1112 1254 Datum
1140 1223 1230 1262 apud

216 1274 506 1310 Urbemveterem,
525 1275 682 1306 kalendis
699 1276 900 1313 decembris,
918 1285 1004 1307 anno
1020 1276 1131 1307 tertio.
1154 1286 1169 1305 »

306 1440 403 1471 2234
718 1439 842 1470 Orvielo,
859 1440 893 1466 22
907 1440 1061 1467 novembre
1076 1440 1156 1468 1263.

250 1524 366 1551 Cantori
391 1524 530 1551 Mindensi
551 1525 670 1551 mandat
695 1526 721 1551 ut
745 1524 897 1551 ecclesiam
915 1525 949 1550 dc
971 1524 1062 1557 Melle,
1087 1525 1228 1551 Osnabur-

213 1573 310 1608 gensis
326 1573 458 1604 diocesis,
474 1573 615 1600 Everardo
632 1573 666 1600 de
686 1573 771 1600 Horst
786 1573 925 1608 assignet.
944 1574 1022 1607 (nm.
1040 1574 1083 1604 29,
1103 1573 1226 1605 f01.244‚

214 1626 246 1648 n⁰
267 1622 358 1654 1313.)

254 1739 269 1758 u
291 1728 420 1759 Cantori
450 1728 612 1760 Mindensi.
633 1729 729 1766 Cum,
749 1729 835 1760 sicut
865 1729 989 1759 dilecto
1022 1746 1069 1758 ——.
1102 1730 1227 1760 Datum

213 1783 302 1822 apud
320 1782 609 1819 Urbemveterem,
625 1791 647 1812 x
664 1782 826 1812 kalendas
842 1782 1042 1817 decembris,
1060 1790 1147 1813 anno
1163 1784 1228 1813 ter-

212 1836 271 1866 tio.
299 1846 314 1865 ))

305 2002 401 2032 2265
731 1999 855 2029 Orvieto,
871 1999 887 2025 4
905 1999 1057 2026 decembre
1074 2000 1154 2027 1263,

247 2085 385 2120 Episcopo
421 2084 571 2112 Sabinensi
609 2084 804 2119 provisionem
840 2084 1000 2112 committil
1036 2084 1226 2111 ecelesiarum

210 2143 233 2161 s.
252 2134 353 2161 Felicis
371 2134 404 2160 dc
421 2133 533 2161 Paleria
548 2132 750 2160 Nemausensis
772 2135 799 2160 et
817 2133 843 2160 b.
861 2133 999 2160 Johannis
1015 2134 1049 2160 de
1068 2133 1226 2160 Valasisole

209 2182 352 2210 Uticensis
366 2183 525 2211 diocesum.
542 2183 621 2218 (Bao.
641 2183 686 2216 29,
707 2181 756 2209 fol.
774 2182 826 2209 244
846 2187 882 2213 v0,
903 2187 935 2208 n⁰
951 2182 1044 2217 1314.)

251 2297 266 2316 «
286 2287 444 2328 Episcopo
470 2287 645 2317 sabinensi.
663 2287 759 2322 Cum,
776 2287 862 2317 sicut
885 2287 1076 2325 accepimus
1095 2304 1145 2316 —.
1161 2287 1226 2317 Da-

210 2341 283 2371 tum
299 2341 388 2379 apud
415 2340 704 2375 Urbemvetereni,
727 2350 749 2370 11
775 2349 880 2371 nonas
908 2339 1109 2377 decembris,
1138 2348 1225 2370 anno

209 2394 322 2424 tertio.
344 2404 358 2423 ))

300 2564 398 2595 2266
745 2561 870 2594 Orvieto‚
887 2562 920 2589 31
937 2562 1051 2589 octobre
1070 2561 1150 2588 1263.

243 2647 463 2682 Archiepiscopo
487 2646 657 2674 Bituricensi
680 2646 799 2673 mandat
814 2648 844 2672 ut
857 2645 975 2674 Girardo
989 2647 1023 2673 de
1037 2646 1139 2674 serris,
1160 2646 1223 2682 jam

206 2704 256 2731 per
284 2697 373 2723 bonae
399 2695 557 2722 memoriae
588 2694 761 2730 magistrum
785 2694 946 2721 Johannem
963 2695 998 2721 de
1017 2703 1042 2722 s.
1068 2696 1222 2730 Germano,

208 2745 414 2773 subdiaconum
430 2747 457 2772 et
474 2743 619 2772 notarium
637 2742 789 2771 Alexandri
805 2751 895 2778 papae
920 2743 980 2775 1111,
996 2744 1174 2778 examinato,
1194 2744 1223 2771 in

205 2794 327 2822 ecelesia
347 2795 380 2821 de
399 2794 509 2827 Castra,
531 2792 717 2820 Bituricensis
734 2792 869 2824 diocesis,
885 2793 918 2819 de
937 2793 1033 2827 aliqua
1048 2792 1222 2820 sacerdotali

206 2844 367 2879 praebenda
383 2843 538 2878 provideat.
558 2842 638 2876 (nm.
652 2842 697 2873 29,
717 2841 765 2868 fol.
783 2841 835 2868 241
852 2847 888 2872 v⁰‚
910 2847 939 2868 n⁰
956 2841 1049 2877 1315.)

2241 206 2298 235 375

1334 292 1347 306 «
1365 280 1604 319 Arcbiepiscopo
1631 281 1828 310 ltitmicensi.
1856 282 1979 312 Peiitio
2006 284 2116 314 (1110(-11
2156 286 2214 314 11111
2250 306 2297 316 -.

1292 334 1415 363 Datum
1442 333 1530 371 apud
1558 333 1845 369 Urbemveterem‚
1865 345 1885 364 ιι
1914 336 2074 366 kalendas
2095 339 2298 375 novembris,

1291 394 1377 416 anno
1397 386 1507 416 lertio.
1526 397 1540 415 »

1381 554 1476 585 2237
1788 555 1910 585 orriolo,
1928 557 1961 582 28
1978 557 2130 582 novembre
2151 558 2226 584 1203.

1326 637 1427 663 Abbati
1446 637 1614 663 monasterii
1640 646 1663 663 s.
1680 637 1785 664 Urbani
1811 638 2047 665 Cathalaunensis
2070 642 2185 667 mandat
2205 644 2234 668 ut
2248 642 2299 667 llu-

1290 694 1404 720 gonem,
1421 688 1562 712 rectorem
1577 686 1714 713 ccclesiae
1728 688 1762 713 dc
1775 687 1913 721 Juvegne,
1931 687 1959 714 in
1976 688 2096 715 ecclesia
2112 690 2247 716 blllariae
2265 692 2298 717 de

1289 735 1646 765 Colummo-monasterio,
1659 735 1824 762 Bisuntinae
1835 736 1967 767 diocesis,
1986 736 2013 763 in
2026 738 2195 765 canonicum
2212 739 2298 774 recipi

1289 783 1375 811 saciat
1386 784 1467 818 eique
1479 785 1511 810 de
1528 784 1688 818 praebenda
1704 785 1862 819 provideat.
1878 786 1956 815 (nm.
1966 787 2009 817 29,
2022 786 2067 813 fol.
2086 788 2146 818 245,
2166 793 2195 813 ιι0
2210 789 2297 823 1316.)

1328 901 1344 921 ((
1361 891 1474 921 Abbati
1489 891 1664 920 monasterii
1679 901 1702 920 s.
1725 890 1842 920 Urbani,
1858 891 2124 923 cathalaunensis.
2137 894 2298 924 Volentes

1288 945 1448 975 dilectum
1474 944 1582 974 filium
1608 963 1655 974 —.
1680 945 1804 975 Datum
1829 945 1917 984 apud
1942 945 2231 983 Urbemveterem,
2248 957 2297 977 1111

1287 997 1449 1028 kalendas
1469 997 1669 1034 decembris,
1690 1007 1775 1028 anno
1791 998 1903 1028 tertio.
1924 1007 1940 1027 »

1778 1159 1903 1191 Orvieto,
1921 1160 1955 1187 28
1972 1161 2126 1187 novembre
2145 1162 2223 1189 1203.

1375 1161 1473 1192 2268

1319 1245 1431 1271 Decano
1451 1244 1693 1271 Autissiodorensi
1720 1247 1747 1271 et
1768 1245 1930 1272 subdecano
1948 1245 2115 1272 Carnotensi
2134 1246 2251 1272 mandat
2268 1249 2297 1273 ut

1285 1294 1458 1328 magistrum
1482 1293 1671 1328 Reginaldum
1695 1294 1728 1320 de
1748 1302 1769 1321 s.
1788 1294 1884 1321 Prisco
1900 1293 2049 1325 clericum,
2071 1295 2118 1328 qui
2135 1295 2163 1321 in
2187 1295 2296 1322 artibus

1284 1341 1409 1369 Parisius
1434 1343 1598 1369 doctoratus
1619 1342 1708 1377 gessit
1723 1342 1849 1369 officium
1867 1344 1894 1369 et
1916 1342 1944 1368 in
1956 1343 2019 1378 jure
2040 1342 2116 1370 civili
2132 1344 2249 1374 studuit,
2269 1343 2297 1370 in

1283 1391 1405 1418 eeclesia
1420 1400 1442 1419 s,
1457 1391 1563 1418 Juliani
1577 1392 1611 1418 de
1628 1391 1716 1422 Saltu,
1735 1391 1908 1418 Senonensis
1929 1390 2064 1425 diocesis,
2085 1392 2113 1419 in
2128 1392 2296 1419 canonicum

1283 1440 1370 1474 recipi
1390 1440 1493 1467 saciant
1510 1440 1590 1474 cique
1607 1441 1641 1467 de
1657 1441 1818 1474 praebenda
1828 1439 2005 1475 provideant.
2020 1441 2098 1475 (Rau.
2113 1443 2157 1472 29,
2173 1441 2220 1469 fol.
2233 1442 2295 1473 245,

1283 1492 1315 1515 n⁰
1334 1489 1424 1522 1317.)

1324 1606 1338 1625 «
1359 1595 1478 1624 Decano
1496 1594 1742 1625 Autisiodorensi
1755 1600 1781 1624 el
1797 1619 1802 1624 .
1824 1619 1829 1624 .
1848 1595 2016 1625 subdecano
2033 1596 2226 1626 carnotensi.
2239 1597 2295 1627 Di-

1284 1649 1407 1679 lectum
1427 1649 1535 1679 sslium
1560 1649 1760 1687 magistrum
1788 1667 1835 1677 -.
1855 1650 1979 1679 Datum
2006 1650 2094 1688 apud
2115 1649 2295 1681 Urbemve-

1283 1703 1401 1737 terem,
1422 1711 1469 1731 1111
1490 1702 1652 1732 kalendas
1670 1702 1869 1738 decembris,
1892 1711 1978 1732 anno
1995 1703 2107 1733 tertio.
2129 1713 2144 1732 ))

1373 1878 1471 1908 2269
1779 1877 1904 1910 Orvieto,
1927 1878 1956 1904 17
1971 1878 2125 1904 novembre
2144 1878 2220 1905 1263.

1318 1960 1538 1995 Archiepiscopo
1560 1961 1791 1995 Compostellano
1808 1962 1927 1989 mandat
1947 1964 1978 1989 ut
1993 1962 2121 1996 Aprilem
2142 1962 2294 1995 Fernandi‚

1283 2009 1492 2044 portionarium
1510 2009 1649 2037 ecclcsiae
1674 2010 1935 2044 Compostellanae,
1956 2011 1984 2037 in
2009 2012 2109 2038 eadem
2126 2012 2247 2038 ecclesia
2267 2011 2295 2038 in

1282 2059 1453 2086 canonicum
1479 2059 1567 2093 recipi
1594 2059 1681 2086 saciat
1706 2059 1787 2094 eique
1808 2061 1841 2086 de
1858 2061 2020 2094 praebenda
2034 2061 2192 2095 provideat.
2216 2061 2293 2091 (Rae.

1282 2109 1326 2139 29,
1344 2108 1466 2141 fol.2'i5‚
1484 2114 1516 2134 n⁰
1534 2108 1623 2143 1318.)

1323 2226 1337 2245 «
1355 2216 1594 2256 ili-clziepiscopo
1623 2215 1880 2256 Compostellczno.
1901 2216 2064 2246 Volentes
2083 2216 2206 2246 dilecto
2224 2216 2293 2246 filio

1282 2287 1331 2299 -—.
1352 2271 1476 2300 Datum
1500 2269 1587 2308 apud
1616 2269 1899 2304 Urbemveterem,
1921 2279 1964 2299 xv
1987 2269 2151 2299 kalendas
2167 2269 2295 2299 decem-

1282 2323 1365 2359 bris,
1382 2332 1469 2353 anno
1488 2323 1599 2353 tertio.
1622 2334 1635 2349 »

1776 2483 1899 2517 Orvieto,
1918 2485 1952 2512 25
1970 2484 2123 2511 novembre
2142 2485 2220 2512 1263.

1371 2487 1468 2518 2270

1315 2569 1486 2602 Alexandro,
1501 2568 1604 2596 clerico
1613 2568 1750 2596 ecclesiae
1767 2577 1790 2595 S.
1808 2568 1909 2603 Angeli
1922 2568 2069 2603 Verulani,
2087 2568 2291 2596 canonicatum

1280 2627 1329 2646 seu
1350 2619 1444 2646 locum
1464 2617 1602 2644 ecclcsiae
1619 2626 1642 2645 s.
1670 2617 1799 2644 Herasmi
1819 2618 1853 2644 de
1872 2617 1982 2645 Verulis
2009 2617 2131 2645 confert.
2151 2618 2230 2652 (nm.
2246 2619 2291 2648 29,

1280 2667 1328 2695 fol.
1344 2668 1397 2695 245
1414 2673 1452 2699 v0,
1468 2673 1498 2694 n⁰
1514 2667 1605 2701 1319.)

1319 2786 1334 2805 ((
1354 2774 1543 2811 .»1ίε.τ(ιηάνο,
1555 2774 1662 2804 clerico
1674 2774 1795 2804 ecclesie
1803 2785 1825 2804 s.
1838 2775 1862 2805 A
1870 2774 1950 2815 nyeli
1964 2774 2121 2807 Verulam'.
2134 2776 2290 2807 Devotio-

1279 2829 1332 2859 nis
1347 2830 1403 2859 tue
1421 2828 1604 2859 laudabilis
1618 2845 1666 2858 —.
1683 2828 1807 2858 Datum
1832 2829 1921 2868 apud
1935 2829 2226 2865 Urbemveterem,
2243 2838 2287 2861 vix

1278 2882 1441 2912 kalendas
1457 2881 1657 2918 decembris,
1676 2890 1763 2912 anno
1781 2882 1890 2912 tertio.
1908 2891 1925 2912 »
