2519 3262
153 247 191 276 96

154 330 243 360 datis
271 327 424 359 articulis
451 328 483 357 et
509 325 606 357 factis
632 322 903 363 interrogatoriis
932 328 1035 360 super
1063 318 1160 358 ipsis,

155 383 234 422 quia
252 382 292 412 de
309 380 442 412 meritis
465 388 565 410 cause
590 387 649 417 per
671 386 709 408 ea
736 384 800 416 que
829 374 1005 415 proposita
1031 372 1165 403 fuerant

154 443 266 466 coram
295 435 381 474 ipso,
405 433 502 473 plene
531 432 660 471 liquere
684 439 749 461 non
776 430 918 469 poterat,
947 427 1034 457 idem
1059 425 1165 455 domi—

156 498 220 519 nus
239 497 325 528 papa
345 496 404 527 per
424 487 556 517 litteras
574 493 654 515 suas
672 483 844 514 mandavit
863 480 1020 511 discretis
1037 478 1121 508 viris
1141 501 1164 507 ..

157 543 271 573 sancte
297 540 396 572 Tecle
425 537 690 570 Mediolanensis
715 538 745 567 et
775 559 802 566 ..
834 535 874 564 de
897 534 1024 569 Olzate‚
1041 531 1166 562 Medio-

156 595 308 626 lanensis
327 593 483 629 diocesis,
507 591 727 621 ecclesiarum
748 588 944 628 prepositis,
971 587 1002 616 et
1021 584 1166 624 Rogerio

157 649 197 679 de
214 649 327 684 Porta,
347 645 506 677 canonico
521 644 627 675 sancti
646 642 821 673 Ambrosii
840 638 1118 674 Mediolanensis,
1131 638 1167 667 ut

156 703 262 732 testes
285 708 370 739 quos
388 701 529 737 utraque
552 705 631 736 pars
655 704 756 734 super
775 694 930 725 articulis
947 693 1075 723 eisdem
1092 699 1168 721 cum

157 752 428 791 interrogatoriis
458 750 605 790 partium
630 749 669 779 ab
700 748 816 779 eodem
846 746 992 785 capitulo
1019 744 1082 775 sul)
1107 753 1168 774 suo

159 806 272 845 sigillo
297 803 524 838 transmissis,
546 802 682 831 duceret
708 799 954 839 producendos.
983 798 1073 828 infra
1100 805 1167 827 cer-

158 862 227 890 tum
256 858 440 889 terminum
472 856 634 894 recipere,
668 863 704 884 ac
736 853 920 884 secundum
951 852 1170 890 interrogato-

159 914 209 943 ria
233 911 428 942 examinare
456 909 600 939 sollicite
627 908 859 947 procurarent,
888 913 1006 936 omnes
1035 903 1170 943 deposi—

159 967 269 996 tiones
302 964 442 994 testium
472 961 764 1001 producendorum
788 960 822 990 in
844 959 981 998 scriptis
1003 957 1168 993 redactas,

160 1028 235 1049 cum
265 1019 336 1048 toto
364 1025 524 1056 processu
559 1015 599 1045 ad
630 1013 814 1053 apostolice
845 1012 936 1043 sedis
963 1010 1171 1050 presentiam

161 1072 367 1111 quamcitius
398 1068 649 1104 transmissuri,
681 1066 835 1106 partibus
870 1066 956 1104 ipsis
987 1064 1171 1095 terminum

161 1124 427 1164 peremptorium
456 1122 668 1161 assignarent
689 1129 754 1159 quo
769 1129 829 1159 per
849 1128 883 1149 se
898 1119 950 1149 'vel
975 1127 1035 1157 per
1053 1126 1172 1156 procu-

162 1181 291 1209 ratores
317 1177 467 1216 >amieos
492 1184 566 1205 cum
596 1173 752 1204 omnibus
780 1173 864 1203 actis
898 1173 929 1202 et
950 1170 1172 1201 munimentis

162 1240 298 1262 causam
314 1231 423 1269 ipsam
434 1227 717 1267 contingentibus,
730 1235 765 1256 se
779 1225 972 1264 conspectui
986 1223 1172 1263 apostolico

162 1283 555 1324 presentarent‚justam‚
567 1281 665 1311 dante
676 1280 833 1315 Domino,
846 1277 1048 1308 sententiam
1063 1285 1174 1314 recep-

161 1340 248 1368 ture.
279 1336 409 1372 Quibus
437 1344 495 1374 per
523 1334 630 1364 dictos
654 1333 797 1372 judices,
818 1331 1005 1362 secundum
1029 1330 1173 1360 formam

163 1390 324 1423 mandati,
344 1389 493 1427 legitime
513 1387 669 1426 peractis.
696 1388 726 1416 et
749 1383 1024 1415 attestationibus
1048 1383 1082 1413 in
1102 1391 1175 1421 pre-

164 1444 272 1474 sentia
299 1441 482 1481 supradicti
513 1440 667 1479 magistri
685 1438 839 1477 Gregorii
856 1438 895 1468 de
913 1445 1079 1467 consensu
1099 1444 1174 1474 par—

162 1498 248 1527 tium
266 1495 502 1535 publicatis-,et
520 1493 595 1523 111110
614 1493 690 1522 inde
709 1492 804 1530 copia
825 1490 1067 1526 facta,tandem
1086 1489 1174 1518 idem

164 1550 322 1580 dominus
354 1547 510 1578 Urbanus
544 1555 629 1585 papa
657 1545 733 1579 1111,
762 1544 872 1579 nobis,
898 1543 1036 1579 Uber-to,
1067 1543 1174 1573 sancti

163 1602 335 1634 Eustachii
348 1601 487 1631 diacono
498 1599 672 1634 cardinali,
685 1598 869 1637 predictam
886 1605 1022 1627 causam
1037 1596 1174 1626 audien-

163 1657 239 1686 dam
264 1655 433 1685 commisit
450 1656 479 1683 et
499 1654 563 1683 fine
583 1652 695 1682 debito
712 1651 973 1681 terminandam.
992 1651 1064 1680 Nos
1081 1658 1172 1686 vero,

163 1710 197 1739 in
208 1709 295 1739 dicta
306 1716 417 1744 causa,
430 1708 562 1736 servato
577 1705 664 1745 juris
678 1705 805 1739 ordine,
818 1704 1050 1743 procedentes,
1060 1704 1174 1742 partes

165 1762 333 1801 predictas
348 1760 381 1789 in
399 1759 570 1789 audientia
582 1758 716 1797 publica
728 1758 868 1787 fecimus
883 1756 1026 1792 evocari,
1044 1758 1073 1787 et
1086 1756 1175 1786 dicto

163 1814 309 1846 Riboldo
328 1823 387 1852 pro
409 1822 444 1843 se
469 1813 542 1851 ipso
562 1813 592 1842 et
611 1811 785 1842 Bonifacio
803 1811 842 1840 de
860 1810 1001 1849 Uglona.
1022 1818 1175 1848 procura-

164 1870 234 1898 tore
252 1867 373 1906 prefati
386 1865 526 1901 Alberti,
542 1874 600 1903 pro
618 1863 842 1902 ipsoAlberto
862 1863 1022 1893 innostra
1038 1871 1174 1900 presen-

162 1921 212 1950 tia
229 1920 432 1955 constitutis,
459 1921 489 1948 et
515 1918 599 1947 facta
618 1916 867 1947 examinatione
892 1924 952 1954 per
968 1915 1175 1946 examinato-

165 1982 235 2004 rem
253 1974 380 2008 datum,
403 1981 420 2001 a
438 1971 592 2010 partina<
616 1970 825 2000 rubricarum
844 1969 1082 1998 instrumentis
1101 1968 1176 1998 hinc

165 2027 242 2057 inde
274 2025 459 2065 productis,
495 2034 530 2054 ac
570 2022 832 2062 allegationibus
866 2024 895 2052 et
933 2022 1068 2060 juribus
1102 2030 1176 2060 par-

167 2080 252 2110 tium
276 2103 349 2109 ......
358 2080 363 2098 ¹
385 2080 416 2108 et
435 2077 616 2107 intellectis
635 2085 698 2115 que
714 2078 826 2114 partes
846 2077 912 2105 tam
932 2075 1061 2113 dejure
1077 2084 1177 2114 quam
1208 2097 1209 2100 ¹

167 2133 206 2162 de
229 2132 316 2162 facto
337 2140 448 2161 coram
471 2130 567 2160 nobis
585 2130 695 2159 dicere
716 2138 751 2159 ac
782 2137 968 2167 proponere
986 2128 1176 2165 voluerunt,

168 2185 393 2223 conclusoque
409 2185 442 2214 in
458 2192 569 2214 caiusa.
586 2182 740 2221 partibus
756 2182 938 2212 terminum
953 2181 1178 2220 Tp1·e1iximus]

167 2239 208 2269 ad
224 2239 424 2268 sententiam
441 2236 654 2267 audiendam.
671 2236 736 2266 Sed
751 2244 825 2265 cum
840 2235 944 2274 J'udex
958 2236 1034 2265 ante
1047 2236 1178 2265 senten-

166 2292 212 2322 tie
227 2291 450 2330 prolationem
466 2290 578 2320 omnia
593 2291 664 2319 acta
677 2298 775 2318 cause
792 2289 986 2318 examinare
998 2290 1030 2318 et
1043 2288 1180 2318 investi-

166 2354 244 2385 gare
258 2344 390 2382 [debeat
404 2343 595 2383 diligenter,
609 2351 680 2379 nos,
692 2342 792 2381 dicte]
809 2350 908 2372 cause
921 2342 1005 2372 actis
1021 2342 1179 2380 sollemp-

167 2399 254 2428 niter
266 2397 455 2433 recensitis,
472 2397 545 2426 visa
563 2396 726 2434 petitione
746 2404 857 2426 coram
873 2395 1003 2433 prefato
1018 2395 1179 2433 magistro
1209 2414 1210 2435 ‡

167 2452 205 2481 G.
234 2451 320 2481 sacta
351 2452 381 2480 et
408 2449 652 2480 contestatione
680 2458 715 2478 ac
745 2450 961 2487 responsione
983 2447 1107 2478 habitis
1130 2457 1181 2478 co·
1209 2442 1211 2471 '³

168 2513 239 2534 ram
259 2512 308 2536 eo,
328 2503 412 2532 visis
432 2501 660 2540 positionibus
687 2503 717 2531 et
735 2500 1014 2539 responsionibus
1031 2501 1179 2539 partium

170 2555 365 2591 earundem,
385 2555 470 2584 visis
489 2556 518 2584 et
538 2554 717 2593 diligenter
734 2554 767 2583 in
787 2554 924 2592 scriptis
944 2554 1180 2584 instrumentis

170 2609 246 2638 111110
274 2608 350 2638 inde
369 2607 555 2646 productis,
577 2606 1013 2646 11110511111011111115,,1111111115
1031 2608 1063 2636 et
1080 2607 1180 2637 ratio—

172 2661 283 2697 nibus,
298 2660 560 2699 allegationibus
584 2660 731 2699 partium
750 2660 932 2694 universis,
950 2661 981 2690 et
1001 2659 1181 2698 superbiis
1212 2647 1213 2653 ἵ

173 2713 330 2744 omnibus
359 2713 534 2743 nobiscum
564 2713 704 2751 provida
735 2712 978 2743 deliberatione
1007 2712 1121 2743 habita
1150 2715 1181 2743 et
1212 2717 1213 2755 j

173 2767 316 2797 consilio
333 2766 519 2805 peritorum
534 2766 680 2795 dicimus
697 2774 732 2795 ac
747 2766 1006 2804 pronuntiamus
1026 2766 1059 2796 in
1077 2766 1180 2805 scrip·
1212 2768 1213 2781 ¹

172 2821 217 2850 tis
232 2819 415 2858 predictam
440 2818 642 2857 prebendam
668 2819 707 2848 ad
727 2819 853 2849 dictum
873 2818 1054 2850 Riboldum
1082 2820 1184 2858 perti-

910 233 1152 267 REGISTRES
1184 232 1398 264 D'URBAIN
1429 231 1488 262 IV.

1226 325 1305 347 nere
1322 317 1361 347 de
1380 317 1456 356 jure
1476 318 1507 347 et
1531 324 1605 347 earn
1625 315 1690 346 sibi
1707 315 1949 355 adjudicantes,
1970 315 2187 346 collationem
2206 317 2238 346 et

1225 370 1465 400 investituram
1489 378 1526 400 ac
1551 369 1784 409 possessionis
1806 368 2036 399 inductionem
2052 368 2237 408 predictam

1197 431 1198 434 ’
1227 423 1467 462 approbamus,
1493 423 1687 461 dictumque
1714 422 1893 453 Albertum
1918 421 2052 461 abipsa
2068 421 2240 460 prebenda

1227 476 1469 507 nichilominus
1498 484 1694 506 amovemus
1712 484 1772 514 per
1787 476 1938 505 nostram
1961 475 2176 511 sententiam,
2197 475 2241 505 ei-

1227 530 1303 560 dem
1324 530 1364 560 A.
1386 537 1487 568 super
1510 529 1578 559 hiis
1597 530 1797 568 perpetuum
1816 528 1991 559 silentium
2010 527 2236 567 imponentes,

1228 591 1265 613 ac
1291 582 1406 621 ipsum
1429 581 1471 612 ad
1498 581 1736 612 dimittendam
1759 583 1790 612 et
1814 580 2061 611 restituendam
2089 580 2240 621 [dictam]

1228 634 1435 674 prebendam
1458 635 1589 674 prefato
1617 635 1672 671 R„
1691 644 1766 665 cum
1788 634 1956 665 fructibus
1975 633 2052 664 inde
2072 633 2242 672 perceptis

1228 689 1283 719 vel
1300 697 1417 719 eorum
1435 688 1691 718 extimationem
1705 697 1765 727 per
1779 689 1929 718 nostram
1947 687 2150 717 sententiam
2167 695 2243 717 eon-

1229 742 1465 780 dempnamus,
1477 740 1576 771 nobis
1592 742 1764 771 taxatione
1780 741 1933 779 ipsorum
1952 740 1987 770 in
2002 741 2178 779 posterum
2194 748 2244 770 re-

1230 795 1375 824 servata.
1405 794 1562 825 Tulimus
1591 795 1704 824 autem
1728 793 1915 833 predictam
1935 793 2139 823 sententiam
2157 791 2247 831 apud

1230 847 1508 878 Urbemveterem
1523 847 1557 877 in
1575 856 1708 877 camera
1724 848 1851 880 nostra,
1870 845 2089 885 presentibus
2105 845 2243 882 Jacobo,

1231 900 1270 930 de
1291 900 1473 940 Thonengo
1495 923 1570 931 ......
1590 900 1762 936 canonico,
1789 899 1918 930 domini
1945 907 2030 938 pape
2054 898 2246 937 capellano;

1231 953 1427 990 Guillelmo,
1437 954 1672 984 archidiacono
1679 953 1880 992 Yporiensi,
1891 953 2055 991 magistro
2062 951 2246 988 Bernardo,

1232 1007 1467 1037 archidiacono
1480 1007 1678 1042 Vasatensi,
1697 1007 1880 1043 Carrando‚
1896 1005 2190 1044 archipresbytero
2207 1004 2247 1035 de

1231 1060 1344 1090 Grana
1365 1084 1440 1091 ......
1459 1060 1644 1091 Guillelmo
1664 1060 1703 1090 de
1722 1060 1854 1095 Crema,
1874 1059 2019 1095 notario,
2038 1057 2195 1093 testibus,
2216 1058 2249 1088 et

1233 1113 1399 1151 partibus,
1419 1114 1574 1144 videlicet
1592 1113 1736 1144 Riboldo
1758 1137 1829 1143 ......
1853 1113 1891 1143 Ι11
1912 1112 2008 1151 eujus
2030 1112 2078 1142 rei
2097 1111 2251 1142 testimo-

1234 1167 1328 1196 nium
1350 1168 1382 1197 et
1404 1167 1552 1197 suturam
1580 1167 1781 1197 memoriam
1801 1166 2062 1205 premissorum,
2082 1164 2250 1203 prescrip·

1233 1222 1303 1250 tam
1329 1221 1531 1251 sententiam
1551 1221 1702 1250 nostram
1728 1228 1789 1258 per
1812 1218 2069 1257 infrascriptum
2096 1217 2251 1248 tabellio-

1235 1282 1311 1304 nem
1325 1275 1478 1304 nostrum
1493 1273 1595 1303 scribi
1615 1275 1647 1303 et
1665 1272 1833 1312 publicari
1847 1271 2084 1302 mandavimus
2096 1273 2127 1301 et
2144 1270 2252 1310 sigilli

1236 1327 1343 1357 nostri
1372 1327 1580 1366 appensione
1606 1326 1746 1361 muniri,
1771 1325 1834 1355 sub
1864 1334 1950 1355 anno
1980 1324 2119 1355 Domini
2140 1323 2253 1354 M⁰CC⁰

1235 1381 1368 1414 LXIII0,
1387 1381 1440 1410 die
1461 1387 1497 1409 11ἃ
1515 1379 1672 1410 exeuntis
1692 1378 1852 1413 octobris,
1878 1378 2062 1408 indictione
2088 1386 2145 1412 vu,
2174 1385 2253 1415 pon-

1235 1434 1383 1463 tificatus
1411 1433 1540 1463 domini
1566 1432 1695 1463 Urbani
1718 1440 1804 1471 pape
1828 1431 1893 1461 IIII
1920 1439 2007 1461 anno
2041 1430 2152 1461 tertio.
2181 1430 2252 1469 Ego

1235 1487 1333 1517 Paris
1351 1487 1391 1517 de
1414 1487 1562 1525 ί51101010,
1589 1486 1743 1516 notarius
1764 1484 1933 1524 publicus,
1958 1483 2141 1523 prolationi
2165 1483 2253 1514 dicte

1237 1540 1403 1570 sententie
1421 1547 1563 1578 presens
1582 1538 1721 1569 interfui
1738 1540 1769 1568 et
1787 1538 1946 1568 mandato
1964 1536 2107 1576 predicti
2123 1535 2253 1566 domini

1236 1593 1431 1629 cardinalis,
1452 1594 1487 1623 ut
1507 1601 1609 1631 supra
1628 1592 1764 1631 legitur,
1787 1591 1922 1630 scripsi,
1942 1589 2114 1630 publicavi
2129 1591 2161 1620 et
2177 1597 2252 1620 meo

1237 1647 1350 1686 sigillo
1367 1648 1527 1677 consueto
1543 1645 1703 1685 sigillavi.
1725 1655 1739 1674 n

1277 1710 1291 1729 1(
1309 1701 1420 1731 Tenor
1438 1708 1517 1730 vero
1534 1698 1754 1729 instrumenti
1780 1697 2017 1733 ordinationis,
2037 1695 2169 1726 arbitrii
2191 1704 2253 1726 seu

1237 1753 1453 1784 diffinitionis
1471 1752 1654 1783 cardinalis
1671 1752 1824 1791 ejusdem
1842 1751 1891 1780 est
1910 1750 1991 1781 talis
2010 1759 2015 1778 1

1278 1817 1292 1835 1(
1309 1807 1347 1836 In
1365 1806 1500 1836 nomine
1517 1805 1591 1842 Dei,
1613 1813 1720 1835 amen.
1740 1804 1832 1834 Inter
1845 1802 2030 1834 Riboldum
2047 1802 2175 1832 dietum
2189 1801 2254 1831 Mo-

1238 1870 1353 1893 renam,
1380 1861 1413 1889 et
1436 1859 1613 1888 Albertum
1635 1858 1675 1888 de
1703 1857 1882 1892 Buxinate,
1909 1856 2089 1887 canonicos
2111 1855 2253 1886 ecclesie

1239 1913 1343 1944 sancti
1358 1912 1519 1951 Stephani
1531 1912 1565 1941 in
1575 1911 1690 1942 Brolio
1702 1909 1960 1945 Mediolanensi,
1969 1917 2072 1948 super
2081 1908 2253 1948 prebenda

1239 1975 1303 2005 que
1325 1966 1387 1996 fuit
1402 1965 1594 2004 presbyteri
1610 1964 1750 1995 Oldrici.
1770 1963 1851 1993 olim
1869 1963 1978 2001 ipsius
1996 1961 2138 1992 ecclesie
2156 1969 2253 1991 cano·

1240 2020 1317 2055 nici,
1331 2021 1403 2049 orta
1421 2019 1547 2048 dudum
1567 2018 1600 2047 in
1620 2018 1773 2048 Romana
1789 2016 1882 2046 curia
1895 2015 2037 2046 materia
2050 2014 2252 2054 questionis,

1240 2072 1479 2103 sanctissimus
1492 2071 1650 2101 dominus
1668 2069 1826 2101 Urbanus
1844 2077 1931 2107 papa
1952 2068 2031 2104 IIII,
2054 2076 2127 2104 1105,
2147 2066 2255 2098 cher—

1208 2153 1210 2160 ,
1238 2128 1322 2156 tum.
1332 2125 1550 2155 miseratione
1560 2123 1675 2153 divina
1685 2122 1793 2153 sancti
1806 2121 1981 2153 Eustachii
1993 2121 2172 2151 diaconum
2182 2128 2255 2150 car-

1239 2176 1576 2212 dinaleimconcessit
1590 2175 1623 2205 in
1638 2183 1740 2205 causa
1756 2173 1951 2213 hujusmodi
1970 2173 2132 2212 predictis
2149 2173 2253 2212 parti—

1209 2234 1210 2241 *
1238 2231 1302 2262 bus
1318 2230 1518 2261 auditorem.
1534 2229 1606 2259 Nos
1619 2237 1709 2264 vero,
1724 2227 1869 2267 cognitis
1882 2227 1991 2266 ipsius
2004 2234 2105 2257 cause
2121 2226 2255 2257 meritis

1240 2287 1272 2316 et
1285 2285 1373 2324 juris
1388 2284 1506 2314 ordine
1521 2282 1710 2316 observato,
1730 2281 1906 2311 nobiscum
1921 2279 2165 2311 deliberatione
2180 2288 2256 2319 pre-

1239 2338 1355 2369 habita
1373 2339 1404 2368 et
1417 2337 1560 2368 consilio
1577 2336 1777 2375 peritorum,
1792 2343 1851 2373 pro
1869 2334 1958 2365 dicto
1976 2333 2123 2365 Riboldo
2139 2335 2256 2364 contra

1240 2393 1366 2422 dictum
1389 2390 1578 2426 Albertum,
1593 2389 1749 2428 exigente
1763 2388 1910 2427 justitia,
1923 2386 2142 2417 diffinitivam
2159 2386 2258 2417 duxi-

1241 2454 1316 2475 mus
1339 2445 1540 2475 sententiam
1566 2441 1858 2482 promulgandam,
1878 2449 1896 2470 a
1915 2449 1981 2479 qua
2006 2439 2176 2470 sententia
2194 2447 2256 2478 pro

1210 2500 1211 2505 ¹
1241 2500 1335 2538 parte
1352 2497 1431 2528 111011
1449 2496 1580 2527 Alberti
1598 2495 1637 2525 ad
1651 2495 1825 2525 dominum
1839 2501 1961 2532 papam
1977 2493 2091 2523 extitit
2108 2492 2258 2532 appella-

1241 2555 1324 2587 tum,
1341 2551 1437 2589 cujus
1459 2548 1700 2589 appellationis
1720 2556 1858 2578 causam
1879 2547 1967 2577 idem
1991 2546 2151 2576 dominus
2170 2553 2257 2585 papa

1241 2603 1428 2636 venerabili
1457 2602 1545 2642 patri
1566 2601 1704 2632 domino
1723 2600 1775 2636 G„
1795 2600 1974 2631 Sabinensi
2001 2599 2172 2638 episcopo,
2189 2607 2258 2629 una

1241 2658 1418 2689 nobiscum
1441 2655 1642 2687 audiendam
1668 2654 1839 2684 commisit
1865 2655 1896 2684 et
1921 2654 1986 2683 tine
2010 2652 2123 2683 debito
2143 2651 2259 2682 termi-

1242 2711 1398 2742 nandam.
1413 2708 1698 2748 Comparentibus
1716 2707 1820 2747 igitur
1838 2705 1993 2745 partibus
2007 2714 2120 2736 coram
2138 2705 2256 2736 eodem

1242 2765 1377 2794 domino
1395 2762 1552 2801 episcopo
1570 2758 1830 2798 Sabinensi‚qui
1846 2758 1918 2788 vice
1935 2766 1996 2788 sua
2014 2757 2066 2788 vel
2083 2758 2199 2788 nostra
2214 2756 2255 2787 de

1243 2825 1343 2847 causa
1359 2813 1578 2854 cognoscebat
1595 2812 1724 2846 eadem,
1736 2813 1767 2841 et
1781 2811 1840 2841 lite
1855 2811 2010 2841 intereos
2022 2818 2126 2848 super
2138 2808 2257 2840 libello

1212 2862 1213 2868 ¹
1243 2877 1356 2900 coram
1380 2876 1418 2898 eo
1443 2876 1461 2897 a
1484 2867 1573 2896 dicto
1597 2864 1736 2895 Alberto
1757 2865 1923 2904 porrecto,
1948 2863 2098 2903 legitime
2124 2864 2256 2893 contes-

206 2933 228 2955 1.
243 2930 391 2955 Plusieurs
406 2932 478 2954 mots
495 2930 604 2954 emices.

1244 2924 1326 2958 tata,
1339 2922 1532 2961 juramento
1545 2919 1585 2949 de
1598 2918 1740 2948 veritate
1758 2916 1899 2947 dicenda
1918 2916 2071 2956 prestito,
2091 2915 2258 2954 factisque
