2519 3262
202 265 261 294 374

693 346 819 380 Orvieto,
835 348 868 373 27
883 346 1038 373 novembre
1060 346 1137 374 1263.

289 351 387 381 2256

236 433 455 468 Arehiepiscopo
480 431 683 458 Mediolanensi
704 432 823 457 mandat
846 431 976 457 absolvat
1003 431 1208 458 Novariensem

201 483 365 516 episcopum
386 491 400 507 a
422 480 565 508 sententia
580 479 887 507 excommunicationis
902 480 937 506 ab
958 481 1059 506 codem
1076 480 1209 507 Mediola-

200 531 282 557 nensi
299 530 512 564 archiepiscopo
527 530 680 564 prolatam.
699 530 777 561 (Ili-20.
795 530 841 562 20,
858 528 905 555 sol.
923 529 985 561 213,
1003 534 1031 555 11ο
1046 529 1138 564 1305.)

239 648 255 668 ((
277 639 516 678 Areliiepiscopo
534 637 762 667 Mediolanensi.
781 637 874 667 More
893 637 939 675 pii
957 638 1064 676 patris
1081 637 1137 676 qui
1160 637 1212 667 de·

200 692 392 730 linquentes
427 691 516 721 filios
547 691 659 721 od1sse
687 699 753 721 non
783 691 893 729 potest
921 691 953 720 et
979 690 1082 720 nichil
1106 690 1212 720 odivit

200 753 316 774 eorum
345 753 410 783 que
435 744 514 774 fecit
539 744 772 782 suffraganeos
791 745 866 773 tuos
888 744 1031 773 tractare
1055 743 1157 773 debes
1176 744 1209 773 in

201 797 323 835 spiritu
349 797 513 828 lenitatis.
540 797 626 828 Sane
651 797 714 827 fuit
741 806 782 827 ex
805 797 900 835 parte
927 821 932 826 .
956 819 961 825 .
988 796 1211 827 Novariensis

200 851 362 889 episcopi,
376 850 587 889 propositum
600 858 711 880 coram
722 849 821 880 nobis
833 849 922 888 quod
934 849 1014 880 tuin
1031 850 1154 888 ipsum,
1173 858 1210 880 eo

200 905 356 942 pretextu
379 904 466 942 quod
484 903 573 933 idem
591 903 755 942 quosdam
779 903 925 939 obsides,
951 912 1036 942 quos
1059 903 1211 932 custodie

201 965 260 987 sue
290 957 521 990 commiseras,
545 957 685 987 tradidit
713 980 719 985 .
745 979 752 985 .
779 957 950 995 potestati,
978 958 1010 986 et
1040 956 1210 986 communi

199 1009 523 1046 Mediolanensibus,
547 1019 613 1040 non
637 1011 750 1040 tamen
773 1011 979 1048 spontaneus
999 1009 1057 1039 sed
1073 1011 1211 1048 propter

200 1063 358 1094 timorem
381 1063 653 1102 depopulationis
671 1064 760 1093 terre
778 1071 837 1093 sue
861 1072 898 1092 ac
919 1062 1142 1093 Novariensis
1161 1071 1210 1093 ec-

200 1116 314 1153 clesie,
335 1125 398 1155 que
425 1116 492 1155 ipsi
514 1118 602 1147 terre
620 1115 818 1146 imminebat
843 1116 872 1145 si
898 1116 1008 1145 dictus
1030 1116 1210 1154 episcopus

201 1169 336 1200 obsides
348 1170 441 1208 ipsos
455 1169 614 1208 potestati
627 1171 658 1200 et
672 1169 842 1200 communi
856 1177 920 1199 non
936 1168 1132 1199 tradidisset
1148 1169 1211 1199 eis-

201 1223 288 1256 dem,
298 1223 496 1253 auctoritate
508 1222 755 1261 metropolitica
767 1222 1129 1252 excommunicationis
1137 1231 1210 1253 sen—

201 1276 341 1306 tentiam
350 1275 584 1315 promulgasti.
598 1276 684 1311 Quia
700 1284 789 1312 vero,
802 1276 900 1313 prout
917 1275 1120 1313 accepimus,
1136 1284 1209 1314 pre-

201 1329 311 1359 dictus
334 1329 512 1368 episcopus
529 1337 588 1367 per
614 1337 649 1359 se
674 1338 711 1358 ac
727 1328 882 1358 homines
903 1336 983 1358 suos
1005 1327 1068 1358 tibi
1090 1329 1209 1366 astitit,

201 1382 281 1412 dum
305 1390 398 1412 esses
414 1382 448 1411 in
465 1383 575 1412 castro
594 1382 633 1412 de
649 1383 762 1412 Arona
779 1381 940 1411 obsessus
955 1383 988 1411 et
1003 1390 1045 1411 ex
1061 1381 1122 1411 hoc
1140 1382 1209 1411 tam

200 1435 273 1474 ipse
296 1444 396 1474 quam
413 1435 554 1474 predicti
574 1435 727 1465 homines
746 1436 777 1465 et
798 1435 916 1465 eadem
932 1435 1075 1465 ecclesia
1097 1443 1210 1473 perse-

201 1489 353 1519 cutiones
372 1488 579 1527 multiplices
595 1490 627 1518 et
642 1489 787 1526 dampna
801 1488 948 1526 plurima
963 1489 1041 1518 sunt
1055 1488 1209 1526 perpessi

200 1551 218 1572 a
240 1543 309 1572 tuis
329 1543 359 1572 et
379 1541 643 1572 Mediolanensis
661 1541 802 1571 ecclesie
821 1541 983 1576 inimicis,
1000 1541 1140 1580 dignum
1159 1543 1210 1571 est

199 1597 230 1626 et
255 1597 518 1625 consentaneum
542 1594 665 1625 rationi
688 1596 724 1624 ut
748 1595 892 1624 eundem
917 1594 1126 1633 episcopum,
1152 1594 1209 1632 qui

199 1650 250 1678 est
276 1649 309 1678 in
335 1647 395 1678 hoc
416 1648 653 1686 multipliciter
672 1647 971 1684 commendandus,
991 1649 1126 1686 propter
1148 1647 1210 1677 hoc

200 1701 312 1732 favore
336 1701 492 1731 benivolo
514 1701 745 1740 prosequaris.
770 1701 934 1736 Quocirca
962 1701 1209 1731 fraternitatem
1239 1736 1240 1741 ¹

198 1756 290 1785 tuam
299 1763 467 1793 rogamus
480 1762 656 1785 monemus
669 1756 699 1784 et
707 1754 880 1784 hortamur
892 1756 1030 1789 attente,
1041 1763 1100 1793 per
1114 1762 1209 1793 apos-

198 1808 298 1838 tolica
314 1808 373 1838 tibi
391 1808 516 1846 scripta
533 1807 744 1843 mandantes,
760 1807 919 1846 quatinus
932 1807 972 1836 ab
987 1807 1104 1837 eodem
1120 1808 1210 1846 epis—

198 1870 280 1900 copo
300 1861 351 1891 vel
370 1863 584 1899 procuratore
599 1869 671 1895 suo,
692 1861 764 1899 ejus
782 1861 928 1895 nomine,
946 1860 1088 1890 habente
1107 1869 1209 1899 super

198 1914 259 1944 hoc
277 1914 317 1945 ab
336 1915 409 1953 ipso
428 1914 573 1953 speciale
592 1914 798 1950 mandatum,
817 1914 856 1944 de
872 1914 1020 1952 parendo
1037 1914 1208 1944 mandatis

197 1968 266 1998 tuis
283 1968 475 2006 juramento
493 1969 636 2005 recepto,
662 1967 855 2006 hujusmodi
879 1967 1094 2002 sententiam,
1111 1968 1208 2006 juxta

200 2022 343 2052 formam
370 2021 522 2056 ecclesie,
551 2020 624 2050 sine
651 2020 801 2058 qualibet
821 2020 1018 2050 difficultate
1036 2020 1206 2057 relaxans,

198 2074 300 2104 nichil
330 2075 466 2113 propter
489 2073 550 2104 hoc
572 2073 697 2112 absque
721 2073 878 2103 mamiato
910 2075 1025 2103 nostro
1052 2073 1207 2112 episcopo

199 2128 353 2167 injungas
369 2127 479 2157 eidem
496 2145 544 2157 —.
565 2127 690 2157 Datum
705 2126 793 2165 apud
810 2126 1098 2161 Urbemvetereni,
1117 2135 1135 2155 v
1154 2127 1207 2156 ka-
1237 2157 1238 2160 ,

197 2182 314 2211 lendas
331 2180 531 2216 decembris,
552 2189 638 2210 anno
656 2180 766 2210 tertio.
788 2189 803 2208 1)

690 2343 814 2375 Orvieto,
835 2344 868 2370 29
884 2342 1039 2370 novembre
1058 2342 1133 2369 12133.

286 2347 381 2377 2257

232 2429 364 2456 (iaut'ritlo
388 2429 564 2464 presbytero,
590 2429 693 2455 rectori
715 2427 852 2455 ecclesiae
872 2429 905 2455 de
930 2427 1136 2460 Monteboiaco,
1157 2428 1206 2453 Se—

197 2479 331 2506 nonensis
348 2477 480 2509 diocesis,
495 2479 530 2504 ad
543 2478 713 2504 decanatum
730 2477 868 2504 eeclesiae
888 2477 921 2503 de
934 2477 1102 2504 Castillione
1122 2484 1208 2510 super

197 2527 304 2562 Lupam
326 2536 342 2554 a
360 2527 484 2562 capitulo
502 2526 590 2561 ipsius
607 2526 746 2554 eeclesiae
761 2526 862 2554 electo.
880 2526 1007 2561 indulget
1026 2527 1053 2552 ut
1072 2525 1206 2552 eumdem

197 2577 367 2603 decanatum
393 2584 458 2603 cum
485 2575 606 2603 eeclesia
625 2576 659 2602 de
685 2575 883 2603 Monteboiaco
909 2575 963 2602 sibi
986 2574 1115 2610 proxime
1140 2573 1205 2605 sita,

197 2625 322 2652 retinere
339 2625 440 2652 valeat.
457 2625 537 2659 (Rae.
552 2626 597 2656 29,
614 2624 660 2651 fol.
679 2625 740 2655 243,
759 2630 790 2651 n0
809 2625 898 2656 130o.)

237 2739 254 2761 «
271 2730 507 2771 Arclzicpiscopo
534 2730 712 2761 Scnoncnsi.
743 2731 954 2770 Significavit
986 2729 1083 2761 nobis
1106 2729 1206 2760 dilec-

198 2785 252 2814 tus
267 2801 316 2812 —.
336 2784 458 2814 Datum
485 2784 571 2822 apud
591 2783 878 2818 Urbemveterem,
899 2794 934 2813 ιιι
964 2783 1128 2813 kalendas
1155 2783 1207 2813 de-

198 2835 355 2872 ‹sembi-is,
372 2845 458 2867 anno
479 2837 588 2867 tertio.
610 2846 626 2866 »

954 261 1199 292 REGISTRES
1226 262 1443 293 D'URBAIN
1470 263 1528 293 IV.

1359 349 1456 379 2258
1773 347 1897 379 OrvietO,
1912 348 1946 375 30
1962 347 2117 375 novembre
2131 348 2209 376 1263.

1305 432 1388 459 Petro
1415 433 1584 459 Laurentiae
1602 433 1779 468 presbytero,
1801 433 1940 460 canonico
1962 433 2156 467 Maeloviensh
2173 433 2282 460 ordinis

1269 490 1291 508 s.
1314 481 1478 516 Augustini,
1492 481 1643 508 ecclesiam
1669 490 1692 508 s.
1711 482 1787 508 l'etri
1806 482 1839 508 de
1861 482 1984 513 Bedano,
1999 482 2199 509 Maeloviensis
2222 482 2282 509 (110-

1268 530 1353 562 cesis,
1375 533 1524 557 vacantem
1541 538 1591 564 per
1607 533 1732 557 mortem
1749 530 1897 561 Johannis‚
1915 530 1984 557 dicti
2005 531 2137 565 Lipalers.
2157 531 2281 558 retinen-

1268 580 1334 606 dam
1353 588 1418 605 cum
1437 579 1617 611 canonicatu,
1635 579 1757 606 confert.
1779 580 1858 615 (niso.
1875 580 1920 611 29,
1940 579 1988 606 sol.
2005 579 2068 610 243,
2088 585 2117 606 n0
2138 579 2227 614 1307.)

1311 684 1435 714 «Petro
1454 683 1615 713 Laureneie
1638 684 1818 723 presbitero,
1834 685 1981 714 carzonico
2003 684 2210 721 Mactouiensi,
2235 694 2281 714 or-

1270 737 1351 767 dinis
1375 748 1398 767 s.
1417 737 1595 777 :tuquseina
1614 737 1692 767 Vite
1720 737 1903 768 laudabilis
1927 740 1959 768 et
1975 755 2025 768 —.
2045 738 2169 768 Datum
2194 738 2283 776 apud

1270 790 1559 828 Urbemveterem,
1580 800 1601 820 11
1621 790 1784 821 kalendas
1802 790 2002 826 decembris,
2023 799 2110 821 anno
2131 791 2242 821 tertio.
2266 803 2281 818 »

1773 962 1897 994 Orvieto,
1911 964 1944 989 27
1959 962 2114 989 novembre
2134 962 2210 989 1203.

1359 963 1456 993 2259

1308 1047 1419 1073 Decano
1428 1046 1652 1081 Rothomagensi
1667 1050 1694 1074 ct
1710 1047 1850 1081 magistro
1870 1047 1989 1073 ilenrico
2006 1047 2178 1077 Lombardo,
2199 1053 2282 1073 cano-

1269 1095 1335 1122 nico
1363 1095 1500 1123 ccclesiae
1526 1104 1548 1122 s.
1568 1096 1734 1126 Audomari,
1757 1095 1926 1123 Morinensis
1951 1095 2086 1129 diocesis,
2112 1096 2233 1122 mandat
2252 1097 2283 1122 ut

1269 1144 1443 1179 magistrum
1466 1144 1651 1172 Eustachium
1674 1145 1707 1171 de
1732 1145 1915 1175 Monsterolo,
1946 1145 2116 1171 canonicum
2143 1144 2282 1171 ecclcsiae

1270 1193 1439 1227 Drocarum,
1460 1193 1644 1220 Carnotensis
1676 1193 1810 1225 diocesis,
1836 1194 1953 1220 obtentu
1981 1193 2185 1220 Ambianensis
2210 1193 2283 1228 epis-

1270 1242 1344 1276 copi,
1361 1242 1389 1268 in
1403 1242 1525 1269 eeclesia
1540 1242 1726 1268 Ambianensi
1743 1242 1771 1268 in
1787 1243 1958 1269 canonicum
1975 1242 2063 1277 recipi
2080 1242 2185 1269 saciant
2199 1242 2281 1277 eique

1271 1291 1305 1318 de
1322 1291 1485 1326 praebenda
1501 1291 1678 1326 provideant.
1697 1291 1774 1325 (nro.
1791 1291 1835 1322 29,
1853 1290 1902 1318 sol*
1918 1291 1970 1318 243
1984 1296 2023 1322 v0,
2041 1297 2070 1317 n⁰
2088 1291 2176 1326 1308.)

1311 1406 1328 1426 ((
1346 1396 1467 1426 Decnno
1489 1396 1725 1436 Hotlzomayensi
1739 1401 1766 1426 el
1786 1397 1931 1436 magistro
1947 1396 2082 1426 Henrz'co
2100 1395 2280 1434 Lombnrdo,

1270 1450 1418 1480 canonico
1432 1449 1554 1480 ecclesie
1569 1460 1592 1479 s.
1608 1449 1791 1486 Audomari,
1809 1450 1990 1480 illorinensis
2005 1450 2143 1479 diocesis.
2154 1450 2282 1480 Hones-

1269 1505 1340 1534 tum
1359 1505 1410 1534 est
1433 1505 1465 1534 et
1488 1520 1536 1532 —.
1556 1504 1681 1534 Datum
1702 1504 1791 1542 apud
1818 1503 2109 1539 Urbemveterem,
2130 1512 2149 1532 v
2167 1503 2281 1534 kalen-

1269 1557 1329 1587 das
1346 1556 1546 1593 decembris,
1566 1566 1652 1587 anno
1669 1558 1777 1588 tertio.
1797 1567 1811 1586 »

1358 1732 1455 1762 2260
1763 1729 1889 1760 Officio,
1907 1731 1942 1757 30
1957 1730 2112 1756 novembre
2131 1730 2208 1757 12153.

1303 1814 1425 1842 officiali
1447 1815 1631 1842 Noviomensi
1653 1815 1769 1841 mandat
1798 1817 1827 1841 ut
1851 1814 1963 1841 Galtero
1987 1815 2022 1841 de.
2044 1815 2125 1846 Fara,
2144 1815 2282 1842 canonico

1268 1863 1479 1891 Suessionensi.
1497 1863 1648 1890 dimidiam
1664 1864 1856 1898 praebendam
1874 1864 2021 1898 resignare
2037 1866 2147 1898 parato,
2163 1864 2280 1890 obtentu

1267 1913 1383 1945 Mariae,
1402 1912 1536 1939 dominae
1556 1913 1589 1938 (10
1607 1913 1693 1945 Fara,
1709 1913 1743 1939 de
1766 1912 1877 1947 integra
1894 1912 2056 1947 praebenda
2079 1912 2225 1946 provideat
2252 1912 2280 1938 in

1265 1961 1387 1988 ecclesia
1404 1961 1612 1988 suessionensi.
1633 1962 1708 1995 [Rau.
1729 1962 1773 1995 29,
1793 1961 1839 1988 sol.
1861 1962 1913 1989 243
1931 1965 1968 1991 v0,
1988 1965 2020 1987 0ο
2040 1961 2130 1990 1309.)

1307 2078 1321 2096 (1
1342 2066 1480 2106 officiali
1499 2067 1701 2097 Noviomcnsi.
1718 2068 1786 2098 Sua
1807 2067 1905 2097 nobis
1922 2067 2066 2098 dilectus
2084 2084 2132 2095 —.
2153 2066 2278 2097 Datum

1265 2121 1354 2159 apud
1382 2120 1670 2156 Urbemveterem,
1706 2130 1727 2150 ιι
1761 2120 1923 2151 kalendas
1958 2119 2158 2156 decembris,
2191 2129 2278 2151 anno

1267 2174 1374 2204 tertio.
1397 2186 1411 2201 »

1758 2348 1882 2382 ers-icto,
1903 2349 1937 2375 28
1953 2349 2108 2375 novembre
2129 2350 2205 2376 12113.

1354 2350 1446 2380 2261

1302 2435 1349 2465 M.‚
1368 2434 1459 2461 electo
1473 2433 1662 2463 Salernitano.
1676 2433 1723 2468 qui
1740 2434 1775 2461 ad
1797 2434 1949 2461 ecclesiam
1970 2435 2180 2462 Salernitanam
2201 2443 2278 2462 eom-

1267 2484 1350 2510 mode
1367 2484 1501 2510 accedere
1528 2492 1582 2510 non
1600 2485 1703 2518 potest,
1722 2484 1861 2518 temporis
1879 2483 1991 2511 malitia
2012 2484 2147 2518 faciente,
2173 2492 2275 2512 omues

1266 2534 1445 2567 personatus,
1470 2532 1645 2567 praebendas
1664 2534 1691 2558 et
1716 2532 1912 2559 ecclesiastiea
1928 2533 2072 2567 ,beneficia
2096 2541 2206 2560 necnon
2230 2542 2276 2561 ac—

1264 2581 1358 2608 tiones
1374 2583 1400 2607 et
1414 2581 1477 2615 jura
1497 2589 1568 2615 quae
1591 2583 1721 2616 tempore
1735 2581 1925 2615 promotionis
1948 2581 2107 2609 obtinebat.
2134 2585 2273 2616 reservat,

1264 2630 1354 2657 donee
1385 2630 1521 2656 ecelesiae
1549 2630 1744 2657 ¹<alernitanae
1772 2630 1986 2664 possessionem
2019 2630 2139 2665 adipisci
2171 2631 2275 2658 valeat.

1264 2678 1344 2713 (ttae.
1362 2678 1406 2711 29,
1427 2677 1475 2705 sol.
1493 2678 1554 2711 244,
1575 2683 1604 2704 0ο
1619 2678 1708 2710 1310.)

1303 2795 1320 2816 ((
1338 2784 1391 2817 .11.,
1411 2784 1502 2814 elcrro
1516 2784 1726 2815 Salernitana.
1745 2785 1929 2815 Personam
1942 2787 2033 2815 tuam
2052 2785 2212 2824 precipua
2223 2803 2271 2816 —.

1264 2839 1387 2869 Datum
1407 2838 1495 2876 apud
1525 2837 1813 2873 Urbemveterem,
1833 2848 1868 2868 ιιι
1891 2838 2053 2869 kalendas
2072 2838 2274 2873 decembris,

1263 2900 1349 2922 anno
1366 2892 1476 2922 tertio.
1496 2900 1513 2920 »
