2519 3262
1045 185 1285 224 TROISIEME
1312 186 1474 222 ANNEE.

221 282 374 320 preferri⁷
391 284 489 321 prout
500 282 621 320 dejure
633 281 733 311 fuerit
746 279 978 319 preferendus.
991 279 1066 309 Non
1080 277 1235 308 obstante

220 353 268 364 -—.
295 336 567 365 Contradictores
596 337 658 364 etc.
691 341 798 372 usque
824 331 1078 370 compescendo.
1111 331 1235 360 Datum
1264 340 1265 350 ³

221 388 310 426 apud
328 388 651 421 Url›emvetere1u‚x
668 387 829 417 kalendas
841 384 971 423 aprilis,
989 392 1075 413 anno
1093 382 1204 413 tertio.
1222 392 1235 410 11

795 545 920 575 Orvicto,
943 544 975 572 13
993 544 1064 571 avril
1084 544 1160 571 1204.

314 551 410 582 1538

261 634 397 668 Episcopo
423 632 573 666 Anagnino
592 631 711 658 mandat
733 633 763 657 ut
791 630 947 656 tierurdum
965 629 1114 659 clericum,
1135 631 1234 655 natum

224 683 301 710 l‘ctri
318 682 433 709 Roberti
462 680 572 710 Sorani,
589 680 707 706 obtentu
727 678 848 705 Mathaei
869 677 1019 709 Johannis,
1042 677 1144 704 militis
1162 678 1235 703 Ana-

221 732 312 768 gnini,
329 731 358 757 in
384 729 506 757 ecclesia
523 729 631 755 Soruna
649 728 677 754 in
692 727 865 754 canonicum
883 727 971 761 recipi
997 726 1083 753 faciat
1105 726 1185 761 eique
1202 727 1235 752 de

225 781 386 815 praehenda
401 778 561 813 provideat.
577 778 656 811 (Rau.
674 778 719 810 29,
739 776 786 803 sol.
808 777 867 808 148,
882 781 911 802 n⁰
926 776 1001 811 5138.)

261 897 275 912 «
293 884 454 924 Episcopo
476 882 651 922 Anaqnino.
678 882 863 912 Personam
881 881 993 911 dilecti
1020 880 1082 910 filii
1101 898 1148 910 —.
1172 881 1235 910 Da-

221 940 294 968 tum
311 937 398 976 apud
416 936 705 970 Urbemveterem,
735 935 811 964 idus
831 934 962 972 aprilis,
985 942 1071 964 anno
1090 934 1201 964 tertio.
1221 944 1236 963 »

800 1105 924 1137 Orviet0‚
940 1106 973 1132 27
991 1113 1069 1131 mars
1086 1105 1163 1132 1204.

314 1108 410 1140 1539

253 1191 392 1226 Episcopo
418 1191 525 1225 Regino
550 1191 672 1217 mandat
698 1193 727 1217 ut
752 1190 945 1217 Albertinum,
964 1190 1114 1221 clericum,
1135 1192 1233 1216 natum

217 1241 347 1276 Opizonis
363 1242 397 1267 (10
416 1240 548 1271 Julianis,
564 1239 635 1266 civis
658 1239 834 1268 Parmensis.
854 1240 880 1266 111
900 1239 1023 1266 ecclesia
1043 1238 1192 1266 Parmensi
1208 1239 1234 1265 in

220 1290 390 1317 canonicum
403 1289 490 1324 recipi
507 1289 592 1315 saciat
607 1289 690 1323 eique
701 1289 733 1315 dc
752 1289 913 1322 praebenda
924 1287 1083 1323 provideat.
1094 1288 1171 1322 (Rau.
1191 1291 1235 1319 at),

223 1339 271 1367 t'ol,
291 1340 349 1369 148,
366 1345 394 1365 11ο
409 1339 484 1367 589.)

264 1457 277 1474 ι(
305 1470 310 1475 .
329 1468 334 1474 .
353 1446 492 1485 episcopo
510 1445 635 1484 Regino.
654 1445 722 1475 Sua
736 1444 835 1474 nohis
849 1444 993 1474 dilectus
1009 1444 1101 1473 filius
1116 1444 1236 1474 Allicr-

222 1499 315 1529 tinus
335 1499 490 1530 clericus.
517 1500 615 1528 natus
635 1497 798 1536 Opizonis
815 1498 854 1527 de
872 1497 1032 1533 Julianis,
1050 1497 1134 1527 civis
1155 1497 1234 1527 Par-

223 1552 362 1585 mensis⁷
384 1560 488 1590 nepos
506 1550 621 1581 dilecti
649 1550 711 1580 filii
739 1549 871 1580 Alberti
898 1550 1025 1586 Azarii,
1051 1550 1135 1579 civis
1158 1551 1237 1580 Par-

222 1605 362 1641 mensis,
378 1605 465 1643 juris
485 1604 597 1634 civilis
613 1603 831 1642 professoris,
852 1603 1015 1641 petitione
1034 1604 1236 1633 monstravit

222 1658 323 1697 quod,
344 1658 446 1688 fratre
466 1657 612 1687 Antonio
631 1657 671 1687 de
690 1656 807 1686 ordine
825 1656 1094 1693 Predicatorum,
1115 1659 1235 1695 nepote

223 1713 332 1750 ipsius
351 1710 493 1745 Δ11110111,
515 1710 669 1740 ordinem
688 1710 801 1748 ipsum
820 1710 972 1748 ingresso
990 1711 1021 1739 et
1040 1710 1175 1740 tandem
1196 1709 1236 1739 ab

223 1765 340 1796 eodem
358 1764 504 1794 Antonio
521 1763 568 1793 ibi
587 1765 663 1793 voto
685 1762 909 1801 professionis
933 1763 1072 1799 emisso,
1093 1763 1237 1793 dilectus

223 1817 315 1847 filius
329 1818 444 1847 noster
456 1817 499 1853 J.,
514 1817 708 1846 sanctorum
723 1816 843 1846 Cosme
858 1817 890 1845 et
904 1816 1062 1846 Damiani
1075 1816 1237 1846 diaconus

223 1871 417 1907 cardinalis,
439 1873 518 1901 tunc
535 1870 835 1900 vicecancellarius
852 1871 884 1900 et
910 1870 1063 1900 notarius
1087 1871 1237 1901 Romane

222 1925 376 1960 ecclesie,
409 1924 608 1954 auctoritate
637 1923 746 1954 felicis
774 1924 1021 1954 recordationis
1051 1924 1238 1954 Alexandri

222 1986 318 2017 pape,
334 1977 585 2016 predecessoris
601 1977 720 2013 nostri,
739 1985 841 2015 quam
855 1976 921 2006 sibi
939 1979 1153 2007 concesserat
1167 1986 1237 2007 ora-

224 2031 298 2061 culo
324 2031 398 2060 vive
428 2030 532 2066 vocis,
554 2030 611 2069 jus
624 2030 841 2060 canonicatus
868 2031 956 2068 quod
984 2030 1108 2060 ibidem
1135 2031 1239 2061 frater

224 2085 405 2119 Antonius9
430 2084 605 2122 ingressus
625 2083 820 2122 hujusmodi
845 2084 1008 2121 tempore,
1036 2083 1070 2113 in
1096 2084 1240 2114 ecclesia

225 2138 402 2168 Parmensi
418 2137 571 2172 habebat,
588 2137 697 2167 eidem
717 2136 895 2166 Albertino
914 2137 1073 2167 canonice
1096 2138 1238 2168 contulit

225 2191 358 2229 sibique
369 2190 517 2229 providit
529 2191 568 2220 de
579 2190 637 2220 illo
649 2192 679 2220 et
692 2189 919 2223 Albertinum,
932 2190 1042 2228 ipsius
1052 2190 1183 2220 Alberti
1195 2192 1238 2221 sa-

224 2244 403 2279 miliarem,
414 2252 475 2273 suo
493 2243 665 2273 investiv1t
680 2242 815 2272 nomine
832 2243 871 2272 de
885 2243 1015 2279 eodem,
1027 2243 1237 2274 decernendo

224 2297 358 2327 irritum
369 2298 400 2326 et
414 2297 512 2326 inane
527 2297 556 2326 si
570 2305 667 2326 secus
682 2297 722 2326 de
737 2296 810 2334 ipso
823 2296 1022 2326 canonicatu
1036 2306 1054 2326 a
1067 2306 1237 2336 quoquam

225 2350 432 2388 contingeret
450 2349 655 2387 attemptari,
673 2349 849 2388 dictusque
862 2349 1081 2387 predecessor
1093 2350 1182 2389 quod
1199 2350 1240 2380 ab

226 2403 343 2432 eodem
373 2402 648 2432 vicecancellario
685 2402 718 2431 in
749 2401 809 2432 hac
837 2403 931 2440 parte
960 2402 1084 2433 factum
1113 2403 1238 2439 extitit,

226 2457 336 2486 ratum
353 2455 481 2485 habens
495 2457 526 2485 et
543 2456 687 2494 gratum,
704 2455 738 2484 id
748 2455 947 2486 auctoritate
960 2456 1147 2494 apostolica
1164 2465 1239 2487 con-

227 2509 385 2542 firmavit,
416 2517 452 2538 ac
480 2507 667 2538 venerabili
699 2508 796 2538 fratri
832 2509 948 2538 nostro
966 2532 973 2538 .
993 2533 998 2539 .
1029 2509 1237 2540 Bononiensi

228 2561 397 2600 episcopo,
415 2562 494 2590 tunc
509 2560 628 2596 electo,
644 2560 716 2590 suis
733 2560 824 2590 dedit
835 2560 1007 2591 litterisin
1019 2562 1188 2593 mandatis
1205 2566 1241 2593 ut

228 2614 371 2646 eundem
382 2613 559 2644 Albertum
572 2613 612 2643 ad
626 2613 814 2652 predictum
823 2614 880 2653 Jus
890 2615 1108 2645 canonicatus
1121 2625 1139 2646 a
1150 2617 1239 2655 capi-

227 2667 299 2698 tulo
309 2667 458 2706 predicte
469 2666 603 2702 eclesie,
615 2674 673 2705 per
683 2675 718 2696 se
729 2666 782 2696 vel
797 2675 855 2705 per
869 2667 986 2704 alium,
998 2668 1102 2707 recipi
1117 2668 1242 2700 faceret

229 2720 362 2759 sibique
379 2720 418 2750 de
435 2719 616 2758 prebenda,
633 2727 697 2758 que
712 2719 746 2749 in
760 2719 836 2757 ipsa
848 2719 990 2750 ecclesia
1004 2721 1135 2759 prefato
1145 2722 1241 2752 fratri

229 2773 377 2804 Antonio
395 2773 516 2802 fuisset
526 2772 650 2807 dehita,
667 2772 695 2801 si
713 2772 747 2801 in
757 2772 871 2802 seculo
887 2774 1120 2809 remansisset,
1132 2776 1244 2814 provi-

230 2826 334 2859 deret,
353 2826 381 2856 si
399 2828 477 2856 tunc
498 2826 630 2856 vacaret
647 2825 772 2855 ibidem
792 2825 845 2855 vel
864 2834 964 2864 quam
987 2827 1135 2864 primum
1153 2829 1194 2858 ad
1210 2829 1244 2859 id

231 2879 443 2917 oportunitas
458 2887 493 2908 se
511 2879 658 2909 offerret.
674 2878 947 2909 Contradictores
959 2880 1021 2910 etc.
1035 2889 1142 2919 usque
1157 2890 1244 2912 com-

358 2933 498 2960 URBAIN
520 2931 572 2963 IV,
594 2933 616 2959 t.
638 2931 694 2962 ΙΙΙ,
718 2932 784 2965 1109.
805 2931 867 2958 ord.

2240 206 2297 236 225

1291 278 1469 315 pescendo.
1482 279 1619 314 Verum,
1632 280 1748 310 eodem
1761 282 1998 319 predecessore
2009 287 2115 315 morte
2126 292 2297 324 prevento,

1291 338 1350 367 per
1376 330 1569 368 hujusmodi
1598 331 1730 363 litteras
1750 334 1864 364 nullus
1883 336 2018 366 habitus
2035 340 2085 367 est
2110 348 2298 377 processus.

1291 382 1400 417 Quare
1430 384 1602 421 predictus
1626 385 1771 416 clericus
1790 387 1887 417 nobis
1903 389 2078 421 humiliter
2096 393 2301 431 supplicavit

1291 437 1326 465 ut
1346 436 1524 474 providere
1539 437 1603 467 sibi
1619 447 1721 477 super
1736 439 1794 469 hoc
1809 443 1950 479 paterna
1965 443 2193 475 sollicitudine
2208 455 2301 476 cura-

1292 497 1416 519 remus.
1430 491 1594 525 Quocirca
1604 492 1805 523 mandamus
1815 497 1993 532 quatenus,
2008 497 2035 526 si
2048 499 2098 527 est
2110 499 2165 533 ita,
2178 499 2301 529 dictum

1291 542 1452 572 clericum
1466 543 1499 573 in
1512 545 1641 582 prefata
1651 546 1794 576 ecclesia
1805 547 1933 579 faciens
1947 550 2049 588 recipi
2062 551 2094 580 in
2105 553 2303 582 canonicum

1292 598 1322 625 et
1335 595 1367 625 in
1380 596 1528 633 fratrem,
1544 598 1584 627 ad
1598 600 1829 637 provisionem
1844 601 1954 640 ipsius
1966 603 2079 633 clerici
2097 604 2128 633 in
2140 605 2213 643 ipsa
2229 614 2299 644 pro-

1292 649 1391 678 cedas
1404 658 1462 687 per
1476 652 1507 680 te
1518 651 1569 681 vel
1585 660 1643 689 per
1653 652 1770 688 alium,
1783 654 1881 692 juxta
1894 656 2121 693 predictarum
2135 659 2304 688 continen-

1291 702 1374 732 tiam
1404 703 1605 734 litterarum.
1635 706 1757 736 Datum
1777 708 1863 746 apud
1889 708 2176 744 Urbemveterem„
2201 721 2231 740 vi
2251 712 2305 740 ka-

1292 755 1410 785 lendas
1424 757 1556 795 aprilis,
1575 767 1660 788 anno
1677 760 1788 789 tertio.
1810 772 1823 787 11

1385 917 1480 948 1540
1860 920 1984 949 Orvicto,
2004 923 2034 949 13
2054 932 2132 950 mars
2155 926 2231 952 1202.

1328 1000 1467 1035 Episcopo
1496 1004 1523 1027 et
1550 1002 1676 1036 capitulo
1694 1003 1939 1032 Mindonicnsihus
1958 1008 2075 1034 mandat
2095 1011 2125 1034 ut
2151 1009 2303 1036 Mai-tinum

1292 1049 1417 1080 Martini,
1433 1050 1572 1077 clericum
1596 1051 1674 1078 chori
1694 1053 1900 1081 mindoniensis
1919 1056 2068 1087 ecclesiae,
2088 1057 2115 1083 in
2133 1058 2304 1085 canonicum

1292 1098 1430 1133 recipiant
1445 1099 1528 1134 eique
1549 1101 1583 1127 de
1598 1101 1759 1135 praebenda
1776 1103 1954 1136 provideant.
1974 1105 2051 1136 (nm.
2070 1108 2114 1135 29,
2133 1107 2179 1133 t'ol.
2203 1108 2250 1133 118
2268 1113 2304 1140 v0,

1292 1152 1323 1173 11ο
1340 1148 1415 1183 590.)

1333 1267 1348 1285 ((
1371 1282 1376 1287 .
1398 1280 1404 1285 .
1428 1258 1580 1297 episcopo,
1606 1263 1632 1287 ct
1652 1259 1771 1289 (lileclis
1786 1261 1860 1300 filiis
1877 1262 2012 1301 capitulo
2034 1263 2305 1293 iilindonz'mzsdbns.

1293 1310 1479 1341 Sinceritas
1488 1314 1601 1342 vestra
1613 1312 1770 1344 benivola
1785 1314 1906 1345 dilecto
1919 1316 1988 1345 filio
1999 1317 2143 1347 Martino
2157 1319 2304 1354 Martini,

1292 1364 1415 1394 clerico
1440 1364 1531 1395 chori
1556 1366 1697 1396 ecclesie
1717 1369 1838 1402 vestre,
1860 1369 1947 1399 sicut
1969 1369 2040 1408 ipse
2062 1371 2195 1407 asserit,
2212 1380 2306 1410 spem

1293 1417 1426 1447 firmam
1445 1419 1476 1448 et
1499 1427 1651 1449 securam
1672 1420 1802 1451 induxit
1822 1421 1979 1452 fiduciam
1998 1424 2086 1461 quod
2105 1424 2138 1454 in
2155 1424 2222 1454 hiis
2243 1434 2306 1463 que

1293 1472 1371 1501 sunt
1384 1471 1520 1501 honoris
1549 1474 1580 1502 et
1608 1474 1725 1511 gratie,
1747 1483 1807 1504 vos
1829 1475 1874 1504 ita
1889 1475 1955 1505 sibi
1972 1477 2136 1515 propitios
2154 1478 2305 1508 invenire

1293 1524 1412 1554 debeat
1430 1526 1477 1560 ut,
1495 1527 1570 1563 post
1585 1525 1739 1556 obtentas
1759 1528 1800 1557 ad
1812 1537 1871 1558 vos
1890 1538 2027 1567 precum
2043 1532 2235 1561 nostrarum
2253 1531 2306 1561 lit-

1292 1578 1395 1612 10133,
1409 1577 1473 1607 sibi
1491 1579 1684 1609 executorie
1697 1589 1761 1609 non
1779 1581 1846 1611 sint
1860 1590 2021 1620 processu
2036 1584 2198 1622 temporis
2212 1593 2304 1623 opor-

1292 1630 1385 1660 tune.
1406 1631 1489 1661 Cum
1506 1631 1620 1670 itaque
1648 1633 1757 1663 dictus
1777 1634 1929 1669 clericus,
1949 1645 2047 1674 quem
2066 1645 2126 1675 per
2144 1637 2304 1667 dilectum

1293 1683 1401 1712 filium
1420 1684 1621 1721 magistrum
1638 1686 2073 1722 Petrum,archidiaconum
2090 1690 2305 1720 Bruliensem

1294 1736 1327 1765 in
1344 1736 1487 1766 ecclesia
1504 1738 1708 1776 Agennensi,
1726 1740 1855 1770 socium
1874 1741 1987 1772 dilecti
2003 1742 2065 1772 filii
2080 1743 2234 1781 magistri
2247 1743 2306 1773 Mi-

1294 1790 1431 1826 chaelis,
1461 1792 1574 1820 sancte
1604 1792 1754 1829 Romane
1773 1794 1913 1824 ecclesie
1933 1795 2212 1832 vicecancellarii,
2232 1806 2308 1826 exa-

1294 1843 1416 1872 minari
1447 1843 1589 1873 fecimus
1609 1844 1800 1883 diligenter,
1826 1846 1956 1877 dicatur
1975 1848 2131 1878 inventus
2149 1849 2254 1879 fuisse
2274 1850 2307 1879 in

1294 1896 1485 1926 litteratura
1498 1899 1728 1935 competenter
1747 1899 1910 1936 ydoneus.
1929 1909 1988 1931 nec
2003 1902 2047 1931 sit
2063 1904 2239 1933 assecutus
2254 1903 2307 1933 110-

1294 1949 1452 1979 neficium
1482 1950 1751 1981 ecclesiasticum
1780 1953 1846 1982 nisi
1871 1954 2040 1992 quoddam
2070 1957 2183 1992 1011110,
2211 1957 2307 1995 cujus¹

1295 2004 1478 2041 proventus
1497 2003 1645 2033 valorem
1664 2013 1813 2035 annuum
1831 2007 1979 2045 quinque
2007 2008 2193 2038 solidorum
2221 2011 2308 2039 turo-

1295 2056 1452 2086 nensium
1475 2065 1539 2086 non
1555 2057 1733 2091 excedunt,
1747 2059 2002 2091 universitatem
2017 2064 2164 2092 vestram
2184 2065 2307 2093 attente

1296 2110 1478 2149 rogandam
1509 2110 1670 2140 duximus
1699 2114 1729 2142 et
1757 2113 1959 2143 monendam
1990 2115 2150 2153 quatinus
2181 2116 2307 2146 dictum

1295 2163 1466 2195 clericum,
1483 2163 1788 2202 hujusmoditenue
1803 2165 2003 2197 beneficium
2018 2167 2122 2198 libere
2139 2169 2309 2208 resignan-

1294 2218 1375 2252 tem,
1395 2216 1423 2246 si
1443 2216 1527 2246 alias
1547 2219 1597 2247 est
1614 2217 1766 2256 ydoneus
1787 2219 1939 2250 moribus
1956 2221 1987 2250 et
2005 2222 2092 2251 etate
2112 2231 2148 2251 ac
2169 2222 2208 2252 de
2228 2223 2309 2262 legi-

1295 2270 1378 2299 timo
1398 2270 1614 2300 matrimonio
1634 2273 1841 2309 procreatus,
1862 2273 2043 2304 dummodo
2057 2283 2117 2313 pro
2133 2275 2199 2305 alio
2212 2276 2308 2306 vobis

1296 2332 1361 2353 non
1388 2324 1614 2353 direxerimus
1636 2325 1762 2363 scripta
1786 2328 1912 2362 nostra,
1932 2336 1991 2365 pro
2014 2328 2198 2366 apostolice
2218 2330 2308 2359 sedis

1296 2379 1326 2407 et
1359 2378 1474 2407 nostra
1504 2378 1691 2407 reverentia
1714 2379 1916 2417 recipientes
1938 2381 1973 2410 in
1996 2381 2193 2412 canonicum
2216 2384 2247 2413 et
2276 2383 2309 2412 in

1296 2430 1448 2464 fratrem,
1469 2430 1508 2460 de
1527 2429 1708 2468 prebenda,
1726 2431 1755 2461 si
1773 2441 1838 2470 qua
1855 2432 1889 2462 in
1908 2433 2050 2464 ecclesia
2064 2434 2138 2472 ipsa
2157 2438 2252 2466 vacat
2269 2436 2310 2466 ad

1296 2491 1437 2522 presens
1452 2483 1504 2513 vel
1521 2484 1691 2522 quamcito
1706 2493 1741 2514 se
1757 2485 1899 2516 facultas
1913 2486 2085 2522 obtulerit,
2103 2489 2310 2526 provideatis

1297 2536 1417 2566 eidem.
1438 2537 1513 2567 Non
1532 2536 1686 2568 obstante
1719 2555 1767 2567 —.
1798 2539 1848 2569 Ita
1880 2541 1992 2570 tamen
2016 2559 2063 2571 —.
2083 2541 2246 2582 Alioquin
2264 2560 2309 2574 —.

1297 2590 1421 2620 Datum
1441 2590 1529 2628 apud
1550 2590 1838 2628 Urbemveterem,
1859 2603 1895 2622 111
1915 2593 1991 2624 idus
2006 2595 2132 2631 martii,
2148 2604 2235 2626 anno
2247 2598 2311 2627 ter-

1297 2643 1357 2673 tio.
1381 2654 1394 2672 11

1393 2804 1486 2835 1541
1900 2806 2024 2837 Orvieto,
2039 2808 2056 2835 8
2072 2808 2143 2834 avril
2162 2809 2239 2836 1262.

1339 2887 1436 2915 Eleeto
1460 2888 1663 2923 Argentincnsi
1684 2890 1799 2916 mandat
1816 2892 1844 2916 ut
1868 2890 2040 2922 Wulterum,
2061 2893 2203 2919 medicum
2224 2893 2311 2928 ipsius

2155 2942 2190 2968 29
