2519 3262
1031 184 1272 223 TROISIEME
1303 184 1466 222 ANNEE.
2224 197 2277 226 επ

209 274 304 304 sione
328 273 523 313 hujusmodi
546 282 612 304 non
641 274 806 311 obstante,
835 282 938 313 super
968 275 1158 313 receptione
1180 283 1217 304 ac
1247 292 1249 304 i
1275 273 1412 304 diocesis.
1438 274 1600 304 Yolentes
1622 273 1743 304 dilecto
1774 274 1843 304 filio
1870 292 1918 303 —.
1947 274 2072 306 Datum
2102 278 2189 316 apud
2219 280 2278 310 Ur-

208 327 401 366 provisione
427 327 537 366 ipsius
564 327 677 358 clerici
693 328 873 366 procedere
894 327 1125 366 valeas,juxta
1142 335 1218 366 pre·

208 380 374 410 dictarum
401 380 641 414 continentiam
664 381 866 411 litterarum.
891 380 1015 410 Datum
1039 379 1128 418 apud
1159 380 1218 409 Ur-

208 432 446 469 bemveterem‚
463 443 500 463 iii
519 442 626 464 nonas
638 433 738 472 junii,
755 442 842 463 anno
858 433 971 464 tertio.
992 441 1009 461 »

795 598 919 628 Orvieto,
940 598 970 624 12
983 597 1046 632 juin
1061 598 1140 624 1261.

297 601 393 633 1743

240 684 376 718 Magistro
399 682 522 710 Johanni
547 683 582 709 de
609 682 738 713 Senonis,
763 682 890 716 generali
910 681 1034 708 auditori
1062 689 1214 708 causarum

205 740 335 759 camerae
353 731 537 767 apostolicae,
563 730 700 758 canonic)
720 730 858 757 ccclesiae
882 730 1093 761 Curii-acensis,
1109 731 1216 757 Torna—

204 782 297 808 censis
313 781 445 811 diocesis,
463 780 589 814 indulget
605 781 636 806 ut
647 781 800 813 proventus
814 779 991 814 praebendae
1005 779 1213 810 Curtraeensis,

203 831 340 865 quamdiu
362 830 508 857 Romanae
523 828 618 856 curiae
631 828 774 862 obsequiis
800 828 1013 860 immorabitur,
1029 828 1058 855 in
1084 828 1215 855 absentia

204 879 348 914 percipere
364 878 470 905 valeat.
487 878 566 913 (Rae.
583 878 627 908 29,
646 877 695 904 sol.
719 878 768 904 170
785 881 824 908 νῦ,
841 882 872 903 110
890 877 966 912 793⁷)

241 993 259 1014 ((
281 983 429 1022 Maqistro
450 982 588 1013 Johanm·
606 982 641 1012 de
660 981 802 1019 Senonis,
827 981 964 1022 yenerali
991 981 1127 1012 auditori
1144 991 1215 1012 cau-

201 1046 302 1066 sarum
330 1046 445 1066 camere
466 1035 645 1076 apostolice,
674 1036 821 1065 canonico
836 1035 957 1065 ecclesie
985 1035 1212 1071 Cui-tracensis,

202 1088 405 1119 Tornacensis
430 1088 569 1120 diocesis,
596 1089 732 1120 Nostris
757 1091 787 1120 et
816 1089 1000 1128 apostolice
1015 1106 1065 1118 —.
1082 1089 1210 1120 Datum

201 1143 289 1182 apud
305 1142 594 1180 Urbemveterem‚
617 1153 638 1173 11
657 1143 733 1174 idus
748 1143 848 1182 junii,
868 1151 954 1173 anno
970 1143 1082 1174 tertio.
1101 1153 1116 1172 ))

290 1316 388 1348 1744
785 1314 910 1347 Orvieto,
928 1313 961 1342 13
977 1313 1040 1350 juin
1058 1314 1136 1342 1264.

236 1401 435 1435 Praepositum
454 1401 592 1428 ecclesiae
605 1400 807 1427 Ambianensis
819 1402 846 1426 et
860 1400 1034 1434 magistrum
1046 1399 1212 1434 Nicolaum,

200 1451 309 1477 dictum
332 1450 492 1481 Limirilier,
517 1449 688 1476 canonicum
710 1448 1080 1483 Tornacensem,praedieti
1107 1448 1211 1475 indulti

201 1500 316 1534 deputat
335 1502 511 1526 executores.
527 1499 607 1532 (REo.
627 1499 670 1529 29,
688 1498 736 1525 sol.
762 1498 811 1525 176
826 1503 864 1530 Ψ),
885 1502 915 1524 n⁰
931 1500 964 1526 79
973 1498 1006 1532 i.)

241 1614 256 1633 ((
272 1603 433 1644 Preposilo
460 1602 580 1633 ecclesie
599 1603 812 1632 Ambianensis
833 1608 859 1632 cc
890 1603 1035 1642 maqistro
1067 1601 1211 1638 ΝἰσοΙαο,

200 1656 281 1687 dicto
309 1656 506 1694 Limirilier,
535 1656 679 1686 canonico
711 1655 904 1686 Tornacensi.
933 1655 1088 1686 Dilectus
1119 1655 1213 1685 filius

201 1711 363 1750 magister
381 1729 428 1740 —.
452 1711 577 1741 Datum
596 1710 684 1749 apud
706 1709 996 1745 Urbemveterem,
1013 1709 1090 1739 idus
1107 1709 1212 1747 Junii,

202 1773 287 1794 anno
302 1764 414 1795 tertio.
436 1774 451 1793 ))

291 1928 387 1959 1745
788 1925 913 1955 Orvieto,
934 1926 964 1952 12
981 1924 1043 1960 juin
1060 1924 1137 1952 1204.

234 2011 342 2039 Simoni
371 2012 404 2039 dc
429 2011 534 2042 Insula,
556 2011 743 2038 Yirdunensis
765 2011 898 2042 diocesis³
925 2010 1041 2042 clerieo,
1070 2017 1210 2045 germano

198 2061 362 2095 Philippini,
380 2061 530 2088 servientis
556 2060 718 2095 apostolici,
742 2060 942 2087 canonicatum
967 2063 994 2086 et
1010 2059 1209 2094 praebendam

197 2113 346 2137 vacantem
379 2118 429 2137 seu
460 2112 626 2137 vacaturam
657 2109 687 2136 in
716 2108 839 2136 ecclesia
874 2109 1045 2136 vii-«lunensi
1079 2108 1208 2136 confert.

199 2160 277 2189 (llas.
297 2160 341 2190 29,
360 2159 470 2186 forno
489 2164 527 2191 το,
543 2163 574 2185 n⁰
592 2159 669 2193 795.)

237 2277 254 2297 ((
271 2266 402 2306 Symoni
421 2265 456 2296 de
476 2265 593 2303 Insula,
627 2265 820 2296 Virdunensis
832 2264 968 2301 diocesis,
991 2264 1113 2300 clerico,
1139 2274 1211 2303 9131·-

199 2331 285 2350 mano
297 2319 400 2349 dilecti
421 2318 517 2359 filii..
540 2318 723 2359 ΡΙιὶίὶμρὶηἱ,
744 2319 902 2349 servientis
918 2318 1026 2348 noslri.
1042 2318 1209 2348 Volentes

198 2373 260 2404 tibi
283 2373 426 2412 gratiam
444 2390 493 2402 —-.
510 2373 636 2403 Datum
662 2372 752 2412 apud
780 2372 1069 2406 Urbemveterem,
1085 2380 1106 2401 11
1131 2370 1209 2401 idus

195 2426 295 2466 junii,
316 2435 402 2456 anno
419 2426 531 2457 tertio.
553 2435 568 2456 »

292 2596 387 2627 1746
794 2592 918 2623 Orvieto,
935 2592 968 2619 12
978 2591 1042 2627 juin
1055 2591 1135 2619 1264.

233 2680 373 2707 Abbatem
390 2687 413 2706 S.
431 2677 587 2708 Michaelis,
604 2677 712 2704 ordinis
727 2686 750 2704 s.
766 2677 922 2709 Benedicti,
942 2676 1132 2704 Vir-dunensis
1149 2676 1211 2704 dio-

197 2729 284 2763 cesis,
300 2732 326 2756 et
355 2729 495 2755 decanum
516 2726 654 2754 ecclesiae
684 2735 707 2753 s.
728 2727 856 2761 Gengulti
878 2726 1020 2754 Tullensis
1041 2725 1208 2761 praedictae

199 2777 359 2805 collationis
375 2777 491 2812 deputat
504 2779 678 2803 executores.
695 2775 774 2810 (Rae.
794 2776 838 2808 29,
859 2774 908 2802 fol.
927 2776 989 2809 177,
1005 2780 1034 2802 n⁶
1051 2776 1126 2809 796.)

240 2895 256 2915 «
275 2885 388 2915 Abbati
406 2895 430 2915 s.
451 2883 620 2919 Michaelis,
643 2881 759 2913 ordinis
771 2892 794 2913 S.
817 2882 986 2919 Benedicti,
1010 2881 1208 2913 Virdunensis

1273 327 1512 362 bemveterem,
1534 337 1554 356 ιι
1573 327 1649 356 idus
1663 327 1762 365 junii,
1782 336 1868 357 anno
1886 329 1997 359 tertio.
2022 340 2037 358 υ

1364 490 1460 522 1747
1859 491 1983 525 Ori-leto,
2006 493 2039 520 13
2052 493 2115 528 juin
2131 494 2207 522 1264.

1308 573 1446 607 Episcopo
1457 573 1646 605 Laudunensi,
1663 575 1780 602 obtentu
1804 576 1848 601 A..
1864 575 1940 602 tituli
1966 586 1988 602 s.
2006 577 2141 604 Praxedis
2161 580 2282 615 presby-

1246 611 1249 653 l
1272 622 1325 648 teri
1344 622 1509 653 cardinalis,
1533 623 1659 657 indulget
1678 626 1707 650 ut
1725 624 1908 651 Guillelmum
1926 626 2074 658 clericum7
2088 631 2221 662 nepotem
2240 629 2280 663 ip-

1246 670 1249 680 '
1273 669 1343 703 sius,
1358 671 1386 696 in
1397 671 1517 698 ecclesia
1533 671 1724 705 Laudunensi‚
1743 673 1770 699 in
1786 681 1841 707 qua
1855 674 1889 700 ad
1911 674 2005 708 ipsum
2016 677 2140 709 pertinet
2162 677 2278 704 collatio

1272 719 1510 753 praebendarum,
1529 721 1556 746 in
1576 721 1746 748 canonicum
1764 722 1850 756 recipi
1869 722 1964 750 saciat.
1984 724 2062 758 (um.
2082 726 2125 756 29,
2149 725 2196 752 sol.
2220 727 2280 758 l77,

1246 765 1248 812 Ι
1273 772 1304 794 n⁰
1320 768 1394 803 797.)

1314 878 1327 897 (ι
1345 868 1504 908 Episcopo
1525 869 1734 901 Landunensi.
1752 871 1875 902 Dilecti
1893 872 1955 902 filii
1971 873 2080 903 nostri
2096 875 2280 906 —-.Datum

1273 922 1361 960 apud
1377 921 1666 959 Urbemveterem,
1686 924 1762 954 idus
1775 925 1875 964 junii,
1893 934 1979 956 anno
1994 927 2106 957 tertio.
2128 938 2142 956 »

1362 1086 1457 1118 1748

1851 1088 1975 1121 Orfleto,
1991 1089 2024 1117 28
2042 1090 2100 1117 mai
2121 1090 2213 1126 1264.)

1306 1170 1456 1205 Episcopo,
1477 1172 1584 1198 decano
1609 1174 1635 1199 et
1655 1172 1780 1206 capitulo
1797 1173 1972 1201 Lunensibus
1998 1176 2117 1202 mandat
2142 1177 2171 1201 ut
2198 1175 2280 1202 Nuno

1270 1218 1400 1247 Roderici
1422 1221 1442 1255 1,
1458 1221 1669 1255 portionarium
1680 1221 1818 1249 ecclesiae
1833 1222 2059 1257 Salainantinae,
2073 1223 2102 1250 in
2121 1232 2220 1250 eorum
2237 1232 2281 1251 ec-

1270 1268 1358 1296 clesia
1373 1269 1452 1304 cujus
1470 1269 1548 1296 chori
1573 1272 1615 1297 est
1631 1269 1752 1298 clericus
1770 1274 1796 1298 et
1814 1271 1842 1298 in
1856 1280 1911 1306 qua
1929 1273 1977 1299 diu
1994 1272 2124 1306 servivit,
2148 1272 2177 1299 in
2192 1281 2282 1300 cano-

1270 1317 1367 1345 nicum
1397 1319 1535 1353 recipiant
1565 1319 1646 1354 eique
1673 1320 1706 1346 de
1735 1320 1899 1354 praebenda
1928 1321 2110 1356 provideant.
2136 1321 2220 1357 (Bne.
2236 1322 2280 1355 29,

1270 1366 1319 1393 rol.
1332 1367 1394 1399 177,
1414 1373 1443 1394 11⁰
1459 1369 1533 1396 798.i

1311 1477 1328 1497 ((
1346 1491 1372 1498 ..
1392 1468 1546 1508 episcopo,
1573 1473 1599 1498 ec
1618 1468 1736 1498 dilectis
1753 1469 1828 1508 filiis
1843 1493 1868 1500 ..
1888 1469 2002 1500 decano
2021 1475 2047 1500 el
2071 1470 2208 1510 capitulo
2222 1471 2280 1500 Lu-

1271 1521 1417 1550 censibus.
1434 1521 1586 1553 Dilectus
1600 1522 1693 1552 filius
1709 1523 1808 1554 Nuno
1824 1540 1874 1554 —.
1893 1524 2018 1554 Datum
2035 1525 2122 1562 apud
2141 1524 2281 1555 Urbem-

1270 1576 1428 1611 veterem,
1450 1583 1470 1604 v
1485 1575 1648 1605 kalendas
1661 1575 1761 1614 junii,
1783 1584 1869 1606 anno
1887 1577 2000 1607 tertio.

1364 1742 1460 1773 1749
1860 1742 1983 1773 Officio,
2005 1744 2036 1771 13
2047 1743 2110 1778 juin
2132 1743 2208 1770 1264.

1306 1823 1416 1851 Decano
1429 1825 1595 1852 Carnotensi
1619 1827 1734 1853 mandat
1758 1829 1786 1853 ut
1808 1827 1932 1853 Johanni
1950 1828 1984 1854 de
2000 1827 2138 1860 Parisios,
2167 1827 2278 1854 nullum

1270 1873 1361 1900 adhuc
1386 1873 1555 1901 beneficium
1575 1877 1717 1907 assecuto⁷
1738 1875 1966 1903 consideratione
1983 1876 2119 1903 Johannis
2135 1877 2169 1903 de
2186 1877 2279 1904 Curti-

1242 1921 1244 1955 }
1269 1921 1361 1953 niaco,
1377 1923 1510 1957 capicerii
1522 1923 1747 1954 Aurelianensis,
1761 1925 1794 1951 de
1813 1925 1910 1959 aliquo
1927 1925 2066 1952 beneficio
2081 1928 2227 1960 spectante
2243 1927 2278 1953 ad

1242 1979 1243 1987 ¹
1269 1971 1453 1998 collationem
1474 1972 1667 1999 archidiaconi
1693 1973 1854 2008 Sigaleniae
1878 1974 1906 2001 in
1930 1975 2055 2002 eeclesia
2069 1975 2279 2007 Aurelianensi,

1269 2021 1426 2055 provideat.
1446 2021 1524 2054 (Rae.
1543 2022 1587 2053 29,
1604 2021 1653 2048 fol.
1671 2022 1732 2053 177,
1751 2028 1782 2048 n⁰
1797 2024 1871 2050 799.i

1310 2133 1324 2152 α
1343 2122 1465 2152 Dec-ano
1494 2122 1686 2154 carnotensi.
1705 2124 1874 2154 Dilectum
1893 2124 2002 2154 filium
2024 2125 2211 2156 <Iohannem
2227 2143 2276 2155 —.

1268 2176 1392 2207 Datum
1408 2177 1497 2215 apud
1513 2176 1802 2213 Urbemveterem,
1824 2178 1900 2208 idus
1913 2177 2013 2217 junii,
2029 2187 2114 2209 anno
2132 2179 2243 2209 tertio.
2263 2189 2278 2208 »

1358 2340 1455 2370 ‘1750

1869 2339 1992 2369 Orvicto.
2014 2341 2030 2366 ἴ)
2046 2339 2108 2375 juin
2127 2340 2203 2367 1264.

1302 2423 1440 2458 Episcopo
1467 2423 1615 2450 Leodiensi
1635 2424 1754 2450 mandat
1772 2426 1802 2450 ut
1824 2424 1981 2451 Arnoldum
1995 2425 2029 2451 de
2046 2425 2175 2457 Otcieres,
2194 2433 2279 2452 cano·

1266 2471 1364 2498 nicum
1390 2472 1528 2499 ecclesiae
1553 2480 1575 2499 S.
1595 2472 1806 2499 Bartholomaei
1832 2473 2008 2504 Leodiensis,
2030 2474 2148 2501 obtentu
2178 2474 2277 2502 fratris

1266 2520 1422 2551 Lamberti2
1439 2520 1569 2548 hostiarii
1587 2521 1747 2555 apostolici,
1765 2521 1792 2547 in
1809 2521 1930 2548 ecclesia
1947 2530 1971 2548 s.
1988 2522 2115 2557 Dionysii
2137 2523 2277 2550 Leodien-

1266 2569 1306 2597 sis
1324 2569 1353 2596 in
1381 2570 1550 2598 canonicum
1585 2578 1650 2596 cum
1677 2570 1839 2604 praebenda
1866 2570 1953 2606 recipi
1974 2570 2072 2604 faciat,
2100 2572 2278 2600 canonicatu

1267 2627 1290 2646 s,
1307 2619 1519 2646 Bartholomaei
1536 2619 1614 2654 prius
1630 2619 1760 2646 dimisso.
1780 2619 1856 2654 (Rae.
1877 2620 1921 2652 29,
1938 2619 1988 2647 l'ol.
2005 2621 2066 2652 177,
2080 2625 2112 2647 n⁰
2132 2621 2207 2653 800.)

1307 2724 1497 2764 «Episcopo
1523 2723 1692 2753 Leoclietisi.
1719 2723 1850 2754 Dilecto
1875 2723 1946 2754 filio
1973 2723 2123 2754 Arnoldo
2141 2741 2190 2754 —.
2211 2724 2278 2755 Da·

1266 2779 1339 2809 tum
1357 2778 1445 2817 apud
1469 2777 1758 2811 Uibenn-eterem,
1784 2777 1882 2807 nonis
1900 2777 2000 2815 junii,
2019 2785 2106 2807 anno
2128 2777 2239 2807 tertio.
2257 2785 2274 2806 »

1298 2892 1320 2915 1.
1335 2891 1377 2916 En
1392 2898 1489 2922 mai-ge
1507 2896 1513 2915 :
1530 2900 1539 2913 ‹
1558 2890 1629 2915 Scitis
1645 2892 1682 2914 est
1698 2889 1841 2921 sufficiens.
1861 2899 1870 2912 ι
