<?xml version="1.0" encoding="UTF-8"?>
<!DOCTYPE html PUBLIC "-//W3C//DTD XHTML 1.0 Transitional//EN"
    "http://www.w3.org/TR/xhtml1/DTD/xhtml1-transitional.dtd">
<html xmlns="http://www.w3.org/1999/xhtml" xml:lang="en" lang="en">
 <head>
  <title>
</title>
<meta http-equiv="Content-Type" content="text/html;charset=utf-8" />
  <meta name='ocr-system' content='tesseract 3.04.00' />
  <meta name='ocr-capabilities' content='ocr_page ocr_carea ocr_par ocr_line ocrx_word'/>
</head>
<body>
  <div class='ocr_page' id='page_1' title='image "./lesregistresdurb34cath/lesregistresdurb34cath_0098.png"; bbox 0 0 2519 3262; ppageno 0'>
   <div class='ocr_carea' id='block_1_1' title="bbox 193 228 1521 260">
    <p class='ocr_par' dir='ltr' id='par_1_1' title="bbox 193 228 1521 260">
     <span class='ocr_line' id='line_1_1' title="bbox 193 228 1521 260; baseline 0.002 -4"><span class='ocrx_word' id='word_1_1' title='bbox 193 228 229 256; x_wconf 87' lang='lat'>74</span> <span class='ocrx_word' id='word_1_2' title='bbox 940 228 1186 259; x_wconf 68' lang='lat' dir='ltr'><strong>REGISTRES</strong></span> <span class='ocrx_word' id='word_1_3' title='bbox 1217 228 1432 260; x_wconf 72' lang='lat' dir='ltr'>D&#39;URBAIN</span> <span class='ocrx_word' id='word_1_4' title='bbox 1464 230 1521 260; x_wconf 77' lang='lat' dir='ltr'>iv.</span> 
     </span>
    </p>
   </div>
   <div class='ocr_carea' id='block_1_2' title="bbox 282 313 377 344">
    <p class='ocr_par' dir='ltr' id='par_1_2' title="bbox 282 313 377 344">
     <span class='ocr_line' id='line_1_2' title="bbox 282 313 377 344; baseline 0 0"><span class='ocrx_word' id='word_1_5' title='bbox 282 313 377 344; x_wconf 80' lang='lat'>1083</span> 
     </span>
    </p>
   </div>
   <div class='ocr_carea' id='block_1_3' title="bbox 190 386 1200 517">
    <p class='ocr_par' dir='ltr' id='par_1_3' title="bbox 190 386 1200 517">
     <span class='ocr_line' id='line_1_3' title="bbox 226 386 1200 414; baseline 0 0"><span class='ocrx_word' id='word_1_6' title='bbox 226 387 354 414; x_wconf 77' lang='lat' dir='ltr'><strong>Priorem</strong></span> <span class='ocrx_word' id='word_1_7' title='bbox 380 396 402 414; x_wconf 90' lang='lat' dir='ltr'>s.</span> <span class='ocrx_word' id='word_1_8' title='bbox 429 387 561 414; x_wconf 76' lang='lat' dir='ltr'>Germani</span> <span class='ocrx_word' id='word_1_9' title='bbox 590 388 624 413; x_wconf 83' lang='lat' dir='ltr'>de</span> <span class='ocrx_word' id='word_1_10' title='bbox 652 387 743 413; x_wconf 79' lang='lat' dir='ltr'>l&#39;ratis</span> <span class='ocrx_word' id='word_1_11' title='bbox 773 386 942 413; x_wconf 80' lang='lat' dir='ltr'>l¹arisiensis</span> <span class='ocrx_word' id='word_1_12' title='bbox 968 389 993 413; x_wconf 72' lang='lat' dir='ltr'>et</span> <span class='ocrx_word' id='word_1_13' title='bbox 1026 387 1139 413; x_wconf 77' lang='lat' dir='ltr'>Petrum</span> <span class='ocrx_word' id='word_1_14' title='bbox 1166 388 1200 414; x_wconf 86' lang='lat' dir='ltr'>de</span> 
     </span>
     <span class='ocr_line' id='line_1_4' title="bbox 190 435 1197 470; baseline -0.001 -8"><span class='ocrx_word' id='word_1_15' title='bbox 190 437 274 462; x_wconf 74' lang='lat' dir='ltr'>(Iurte</span> <span class='ocrx_word' id='word_1_16' title='bbox 298 436 460 470; x_wconf 75' lang='lat' dir='ltr'>praedictae</span> <span class='ocrx_word' id='word_1_17' title='bbox 490 436 651 462; x_wconf 74' lang='lat' dir='ltr'>sententiae</span> <span class='ocrx_word' id='word_1_18' title='bbox 679 437 844 462; x_wconf 68' lang='lat' dir='ltr'>executores</span> <span class='ocrx_word' id='word_1_19' title='bbox 870 435 1030 462; x_wconf 78' lang='lat' dir='ltr'>constituit.</span> <span class='ocrx_word' id='word_1_20' title='bbox 1055 436 1134 465; x_wconf 66' lang='lat' dir='ltr'>(lim.</span> <span class='ocrx_word' id='word_1_21' title='bbox 1153 436 1197 466; x_wconf 78' lang='lat'>29,</span> 
     </span>
     <span class='ocr_line' id='line_1_5' title="bbox 190 484 443 517; baseline 0.004 -6"><span class='ocrx_word' id='word_1_22' title='bbox 190 484 238 512; x_wconf 85' lang='lat' dir='ltr'>fol.</span> <span class='ocrx_word' id='word_1_23' title='bbox 254 486 297 516; x_wconf 83' lang='lat'>57,</span> <span class='ocrx_word' id='word_1_24' title='bbox 322 486 443 517; x_wconf 41' lang='lat'>110&#39;132.)</span> 
     </span>
    </p>
   </div>
   <div class='ocr_carea' id='block_1_4' title="bbox 782 311 1128 346">
    <p class='ocr_par' dir='ltr' id='par_1_4' title="bbox 782 311 1128 346">
     <span class='ocr_line' id='line_1_6' title="bbox 782 311 1128 346; baseline 0.003 -8"><span class='ocrx_word' id='word_1_25' title='bbox 782 311 905 342; x_wconf 83' lang='lat' dir='ltr'>Orvieto,</span> <span class='ocrx_word' id='word_1_26' title='bbox 923 313 956 338; x_wconf 69' lang='lat' dir='ltr'>zo</span> <span class='ocrx_word' id='word_1_27' title='bbox 968 312 1030 346; x_wconf 84' lang='lat' dir='ltr'>juin</span> <span class='ocrx_word' id='word_1_28' title='bbox 1050 313 1128 339; x_wconf 69' lang='lat'><strong>1204.</strong></span> 
     </span>
    </p>
   </div>
   <div class='ocr_carea' id='block_1_5' title="bbox 188 581 1199 781">
    <p class='ocr_par' dir='ltr' id='par_1_5' title="bbox 188 581 1199 781">
     <span class='ocr_line' id='line_1_7' title="bbox 230 581 1199 613; baseline -0.001 0"><span class='ocrx_word' id='word_1_29' title='bbox 230 594 244 613; x_wconf 83' lang='lat'>«</span> <span class='ocrx_word' id='word_1_30' title='bbox 269 583 374 613; x_wconf 75' lang='lat' dir='ltr'>Priori</span> <span class='ocrx_word' id='word_1_31' title='bbox 393 594 414 612; x_wconf 92' lang='lat' dir='ltr'>s.</span> <span class='ocrx_word' id='word_1_32' title='bbox 443 582 585 611; x_wconf 78' lang='lat' dir='ltr'>Germani</span> <span class='ocrx_word' id='word_1_33' title='bbox 602 581 637 611; x_wconf 84' lang='lat' dir='ltr'>de</span> <span class='ocrx_word' id='word_1_34' title='bbox 653 581 759 611; x_wconf 70' lang='lat' dir='ltr'>l’ratz&#39;s</span> <span class='ocrx_word' id='word_1_35' title='bbox 786 581 968 611; x_wconf 71' lang='lat' dir='ltr'>l&#39;arisiensis</span> <span class='ocrx_word' id='word_1_36' title='bbox 995 587 1021 611; x_wconf 84' lang='lat' dir='ltr'>et</span> <span class='ocrx_word' id='word_1_37' title='bbox 1044 581 1136 610; x_wconf 71' lang='lat' dir='ltr'>Petro</span> <span class='ocrx_word' id='word_1_38' title='bbox 1163 582 1199 612; x_wconf 83' lang='lat' dir='ltr'>de</span> 
     </span>
     <span class='ocr_line' id='line_1_8' title="bbox 191 634 1199 674; baseline -0.004 -7"><span class='ocrx_word' id='word_1_39' title='bbox 191 635 294 672; x_wconf 76' lang='lat' dir='ltr'>Curte,</span> <span class='ocrx_word' id='word_1_40' title='bbox 325 636 511 665; x_wconf 62' lang='lat' dir='ltr'>thesaurario</span> <span class='ocrx_word' id='word_1_41' title='bbox 534 634 738 674; x_wconf 74' lang='lat' dir='ltr'>Tripolitano,</span> <span class='ocrx_word' id='word_1_42' title='bbox 757 634 894 664; x_wconf 74' lang='lat' dir='ltr'>Parisz&#39;us</span> <span class='ocrx_word' id='word_1_43' title='bbox 915 635 1124 664; x_wconf 73' lang='lat' dir='ltr'><em>commoranti.</em></span> <span class='ocrx_word' id='word_1_44' title='bbox 1149 636 1199 664; x_wconf 82' lang='lat' dir='ltr'>Ex</span> 
     </span>
     <span class='ocr_line' id='line_1_9' title="bbox 188 688 1197 727; baseline -0.003 -7"><span class='ocrx_word' id='word_1_45' title='bbox 188 692 303 720; x_wconf 84' lang='lat' dir='ltr'>tenore</span> <span class='ocrx_word' id='word_1_46' title='bbox 325 689 509 727; x_wconf 77' lang='lat' dir='ltr'>petitionis.</span> <span class='ocrx_word' id='word_1_47' title='bbox 531 706 568 710; x_wconf 90' lang='lat'>—</span> <span class='ocrx_word' id='word_1_48' title='bbox 588 689 712 718; x_wconf 86' lang='lat' dir='ltr'>Datum</span> <span class='ocrx_word' id='word_1_49' title='bbox 735 688 823 726; x_wconf 83' lang='lat' dir='ltr'>apud</span> <span class='ocrx_word' id='word_1_50' title='bbox 849 688 1135 724; x_wconf 72' lang='lat' dir='ltr'>Urbemveterem,</span> <span class='ocrx_word' id='word_1_51' title='bbox 1161 697 1197 717; x_wconf 86' lang='lat'>111</span> 
     </span>
     <span class='ocr_line' id='line_1_10' title="bbox 189 741 728 781; baseline -0.006 -8"><span class='ocrx_word' id='word_1_52' title='bbox 189 743 351 773; x_wconf 83' lang='lat' dir='ltr'>kalendas</span> <span class='ocrx_word' id='word_1_53' title='bbox 366 742 456 781; x_wconf 78' lang='lat' dir='ltr'>Juni,</span> <span class='ocrx_word' id='word_1_54' title='bbox 476 750 561 771; x_wconf 90' lang='lat' dir='ltr'>anno</span> <span class='ocrx_word' id='word_1_55' title='bbox 582 741 693 771; x_wconf 90' lang='lat' dir='ltr'>tertio.</span> <span class='ocrx_word' id='word_1_56' title='bbox 713 754 728 770; x_wconf 82' lang='grc'>11</span> 
     </span>
    </p>
   </div>
   <div class='ocr_carea' id='block_1_6' title="bbox 279 908 373 939">
    <p class='ocr_par' dir='ltr' id='par_1_6' title="bbox 279 908 373 939">
     <span class='ocr_line' id='line_1_11' title="bbox 279 908 373 939; baseline 0 0"><span class='ocrx_word' id='word_1_57' title='bbox 279 908 373 939; x_wconf 72' lang='lat'>1084</span> 
     </span>
    </p>
   </div>
   <div class='ocr_carea' id='block_1_7' title="bbox 186 981 1200 1066">
    <p class='ocr_par' dir='ltr' id='par_1_7' title="bbox 186 981 1200 1066">
     <span class='ocr_line' id='line_1_12' title="bbox 225 981 1199 1016; baseline 0 -8"><span class='ocrx_word' id='word_1_58' title='bbox 225 982 352 1009; x_wconf 66' lang='lat' dir='ltr'>Mattiaco</span> <span class='ocrx_word' id='word_1_59' title='bbox 378 981 497 1009; x_wconf 74' lang='lat' dir='ltr'>‹ieiitilis</span> <span class='ocrx_word' id='word_1_60' title='bbox 513 982 706 1016; x_wconf 80' lang='lat' dir='ltr'>praebendam</span> <span class='ocrx_word' id='word_1_61' title='bbox 723 981 752 1007; x_wconf 94' lang='lat' dir='ltr'>in</span> <span class='ocrx_word' id='word_1_62' title='bbox 768 981 887 1008; x_wconf 76' lang='lat' dir='ltr'>ecclesie</span> <span class='ocrx_word' id='word_1_63' title='bbox 905 982 1039 1008; x_wconf 81' lang='lat' dir='ltr'>Firmana</span> <span class='ocrx_word' id='word_1_64' title='bbox 1058 992 1073 1008; x_wconf 86' lang='lat' dir='ltr'>a</span> <span class='ocrx_word' id='word_1_65' title='bbox 1091 982 1199 1016; x_wconf 80' lang='lat' dir='ltr'>magis·</span> 
     </span>
     <span class='ocr_line' id='line_1_13' title="bbox 186 1030 1200 1066; baseline 0 -9"><span class='ocrx_word' id='word_1_66' title='bbox 186 1034 230 1058; x_wconf 90' lang='lat' dir='ltr'>tro</span> <span class='ocrx_word' id='word_1_67' title='bbox 246 1031 384 1058; x_wconf 79' lang='lat' dir='ltr'>Dalfinate</span> <span class='ocrx_word' id='word_1_68' title='bbox 400 1031 592 1066; x_wconf 81' lang='lat' dir='ltr'>adjudicatam</span> <span class='ocrx_word' id='word_1_69' title='bbox 609 1030 772 1057; x_wconf 82' lang='lat' dir='ltr'>confirmat.</span> <span class='ocrx_word' id='word_1_70' title='bbox 789 1031 866 1064; x_wconf 61' lang='lat' dir='ltr'>(Rae.</span> <span class='ocrx_word' id='word_1_71' title='bbox 883 1031 927 1064; x_wconf 73' lang='lat'>29,</span> <span class='ocrx_word' id='word_1_72' title='bbox 946 1031 994 1058; x_wconf 87' lang='lat' dir='ltr'>sol.</span> <span class='ocrx_word' id='word_1_73' title='bbox 1014 1033 1059 1065; x_wconf 73' lang='lat'>57,</span> <span class='ocrx_word' id='word_1_74' title='bbox 1077 1037 1105 1057; x_wconf 80' lang='lat' dir='ltr'>n⁰</span> <span class='ocrx_word' id='word_1_75' title='bbox 1127 1030 1200 1066; x_wconf 84' lang='lat'>133.)</span> 
     </span>
    </p>
   </div>
   <div class='ocr_carea' id='block_1_8' title="bbox 800 906 1124 942">
    <p class='ocr_par' dir='ltr' id='par_1_8' title="bbox 800 906 1124 942">
     <span class='ocr_line' id='line_1_14' title="bbox 800 906 1124 942; baseline 0.006 -10"><span class='ocrx_word' id='word_1_76' title='bbox 800 906 924 936; x_wconf 84' lang='lat' dir='ltr'>Orvieto.</span> <span class='ocrx_word' id='word_1_77' title='bbox 939 909 954 934; x_wconf 82' lang='lat'>5</span> <span class='ocrx_word' id='word_1_78' title='bbox 966 906 1028 942; x_wconf 64' lang='grc' dir='ltr'>ι111111</span> <span class='ocrx_word' id='word_1_79' title='bbox 1047 907 1124 934; x_wconf 63' lang='lat' dir='ltr'>izo-t.</span> 
     </span>
    </p>
   </div>
   <div class='ocr_carea' id='block_1_9' title="bbox 184 1128 1203 2868">
    <p class='ocr_par' dir='ltr' id='par_1_9' title="bbox 184 1128 1203 2761">
     <span class='ocr_line' id='line_1_15' title="bbox 228 1128 1197 1170; baseline 0.004 -13"><span class='ocrx_word' id='word_1_80' title='bbox 228 1138 242 1157; x_wconf 84' lang='lat'>«</span> <span class='ocrx_word' id='word_1_81' title='bbox 262 1128 380 1158; x_wconf 76' lang='lat' dir='ltr'>Matheo</span> <span class='ocrx_word' id='word_1_82' title='bbox 399 1128 537 1165; x_wconf 76' lang='lat' dir='ltr'>Gentilis,</span> <span class='ocrx_word' id='word_1_83' title='bbox 549 1128 753 1168; x_wconf 79' lang='lat' dir='ltr'>prebendario</span> <span class='ocrx_word' id='word_1_84' title='bbox 770 1129 891 1159; x_wconf 79' lang='lat' dir='ltr'><em>ecclesie</em></span> <span class='ocrx_word' id='word_1_85' title='bbox 907 1129 1060 1160; x_wconf 75' lang='lat' dir='ltr'>Firmane.</span> <span class='ocrx_word' id='word_1_86' title='bbox 1073 1131 1120 1161; x_wconf 84' lang='lat' dir='ltr'>Ea</span> <span class='ocrx_word' id='word_1_87' title='bbox 1134 1139 1197 1170; x_wconf 83' lang='lat' dir='ltr'>que</span> 
     </span>
     <span class='ocr_line' id='line_1_16' title="bbox 184 1181 1199 1221; baseline 0.003 -10"><span class='ocrx_word' id='word_1_88' title='bbox 184 1181 311 1220; x_wconf 86' lang='lat' dir='ltr'>judicio</span> <span class='ocrx_word' id='word_1_89' title='bbox 328 1183 389 1212; x_wconf 82' lang='lat' dir='ltr'>etc.</span> <span class='ocrx_word' id='word_1_90' title='bbox 409 1191 516 1220; x_wconf 84' lang='lat' dir='ltr'>usque</span> <span class='ocrx_word' id='word_1_91' title='bbox 537 1182 751 1212; x_wconf 81' lang='lat' dir='ltr'>communiri.</span> <span class='ocrx_word' id='word_1_92' title='bbox 776 1183 862 1212; x_wconf 78' lang='lat' dir='ltr'>Sane</span> <span class='ocrx_word' id='word_1_93' title='bbox 885 1183 1003 1221; x_wconf 86' lang='lat' dir='ltr'>petitio</span> <span class='ocrx_word' id='word_1_94' title='bbox 1023 1185 1080 1214; x_wconf 87' lang='lat' dir='ltr'>tua</span> <span class='ocrx_word' id='word_1_95' title='bbox 1100 1184 1199 1214; x_wconf 89' lang='lat' dir='ltr'>nobis</span> 
     </span>
     <span class='ocr_line' id='line_1_17' title="bbox 188 1235 1198 1276; baseline 0.002 -11"><span class='ocrx_word' id='word_1_96' title='bbox 188 1235 339 1265; x_wconf 86' lang='lat' dir='ltr'>exhibita</span> <span class='ocrx_word' id='word_1_97' title='bbox 364 1235 556 1265; x_wconf 67' lang='lat' dir='ltr'>continebat</span> <span class='ocrx_word' id='word_1_98' title='bbox 578 1236 678 1274; x_wconf 86' lang='lat' dir='ltr'>quod,</span> <span class='ocrx_word' id='word_1_99' title='bbox 703 1244 779 1266; x_wconf 91' lang='lat' dir='ltr'>cum</span> <span class='ocrx_word' id='word_1_100' title='bbox 797 1237 833 1266; x_wconf 87' lang='lat' dir='ltr'>tu</span> <span class='ocrx_word' id='word_1_101' title='bbox 857 1237 941 1270; x_wconf 80' lang='lat' dir='ltr'>Noe,</span> <span class='ocrx_word' id='word_1_102' title='bbox 960 1236 1198 1276; x_wconf 73' lang='lat' dir='ltr'>presbyterum</span> 
     </span>
     <span class='ocr_line' id='line_1_18' title="bbox 189 1288 1200 1328; baseline 0.002 -10"><span class='ocrx_word' id='word_1_103' title='bbox 189 1288 330 1318; x_wconf 75' lang='lat' dir='ltr'>ecclesie</span> <span class='ocrx_word' id='word_1_104' title='bbox 350 1288 518 1322; x_wconf 72' lang='lat' dir='ltr'>Firmano,</span> <span class='ocrx_word' id='word_1_105' title='bbox 537 1297 637 1327; x_wconf 87' lang='lat' dir='ltr'>super</span> <span class='ocrx_word' id='word_1_106' title='bbox 655 1297 693 1319; x_wconf 88' lang='lat' dir='ltr'>eo</span> <span class='ocrx_word' id='word_1_107' title='bbox 713 1289 801 1327; x_wconf 89' lang='lat' dir='ltr'>quod</span> <span class='ocrx_word' id='word_1_108' title='bbox 818 1289 890 1327; x_wconf 80' lang='lat' dir='ltr'>ipse</span> <span class='ocrx_word' id='word_1_109' title='bbox 907 1291 938 1319; x_wconf 83' lang='lat' dir='ltr'>te</span> <span class='ocrx_word' id='word_1_110' title='bbox 954 1289 1124 1328; x_wconf 84' lang='lat' dir='ltr'>prebenda</span> <span class='ocrx_word' id='word_1_111' title='bbox 1142 1292 1200 1322; x_wconf 85' lang='lat' dir='ltr'>tua</span> 
     </span>
     <span class='ocr_line' id='line_1_19' title="bbox 190 1341 1197 1380; baseline 0.001 -8"><span class='ocrx_word' id='word_1_112' title='bbox 190 1341 339 1380; x_wconf 82' lang='lat' dir='ltr'>ejusdem</span> <span class='ocrx_word' id='word_1_113' title='bbox 361 1341 501 1371; x_wconf 79' lang='lat' dir='ltr'>ecclesie</span> <span class='ocrx_word' id='word_1_114' title='bbox 518 1343 633 1371; x_wconf 87' lang='lat' dir='ltr'>contra</span> <span class='ocrx_word' id='word_1_115' title='bbox 655 1341 823 1380; x_wconf 89' lang='lat' dir='ltr'>justitiam</span> <span class='ocrx_word' id='word_1_116' title='bbox 842 1342 1016 1380; x_wconf 87' lang='lat' dir='ltr'>spoliarat,</span> <span class='ocrx_word' id='word_1_117' title='bbox 1037 1352 1149 1373; x_wconf 86' lang='lat' dir='ltr'>corani</span> <span class='ocrx_word' id='word_1_118' title='bbox 1169 1366 1197 1373; x_wconf 90' lang='lat'>..</span> 
     </span>
     <span class='ocr_line' id='line_1_20' title="bbox 190 1395 1200 1434; baseline 0.002 -10"><span class='ocrx_word' id='word_1_119' title='bbox 190 1395 302 1434; x_wconf 90' lang='lat' dir='ltr'>priore</span> <span class='ocrx_word' id='word_1_120' title='bbox 326 1395 431 1425; x_wconf 84' lang='lat' dir='ltr'>sancti</span> <span class='ocrx_word' id='word_1_121' title='bbox 456 1395 642 1425; x_wconf 75' lang='lat' dir='ltr'>Salvatoris</span> <span class='ocrx_word' id='word_1_122' title='bbox 661 1395 825 1430; x_wconf 84' lang='lat' dir='ltr'>Firmani,</span> <span class='ocrx_word' id='word_1_123' title='bbox 846 1397 1044 1426; x_wconf 67' lang='lat' dir='ltr'>anctoritate</span> <span class='ocrx_word' id='word_1_124' title='bbox 1067 1405 1200 1426; x_wconf 81' lang='lat' dir='ltr'>venera-</span> 
     </span>
     <span class='ocr_line' id='line_1_21' title="bbox 189 1447 1200 1487; baseline 0.001 -10"><span class='ocrx_word' id='word_1_125' title='bbox 189 1447 270 1478; x_wconf 85' lang='lat' dir='ltr'>bilis</span> <span class='ocrx_word' id='word_1_126' title='bbox 290 1448 403 1478; x_wconf 84' lang='lat' dir='ltr'>fratris</span> <span class='ocrx_word' id='word_1_127' title='bbox 427 1448 532 1477; x_wconf 84' lang='lat' dir='ltr'>nostri</span> <span class='ocrx_word' id='word_1_128' title='bbox 552 1471 577 1478; x_wconf 91' lang='lat'>..</span> <span class='ocrx_word' id='word_1_129' title='bbox 597 1448 747 1478; x_wconf 79' lang='lat' dir='ltr'>Firmani</span> <span class='ocrx_word' id='word_1_130' title='bbox 772 1449 934 1487; x_wconf 77' lang='lat' dir='ltr'>episcopi,</span> <span class='ocrx_word' id='word_1_131' title='bbox 954 1449 1120 1479; x_wconf 81' lang='lat' dir='ltr'>traxisses</span> <span class='ocrx_word' id='word_1_132' title='bbox 1141 1449 1148 1466; x_wconf 82' lang='lat'>¹</span> <span class='ocrx_word' id='word_1_133' title='bbox 1167 1449 1200 1478; x_wconf 90' lang='lat' dir='ltr'>in</span> 
     </span>
     <span class='ocr_line' id='line_1_22' title="bbox 191 1501 1201 1539; baseline 0.001 -8"><span class='ocrx_word' id='word_1_134' title='bbox 191 1509 339 1536; x_wconf 86' lang='lat' dir='ltr'>causam,</span> <span class='ocrx_word' id='word_1_135' title='bbox 361 1501 448 1531; x_wconf 89' lang='lat' dir='ltr'>idem</span> <span class='ocrx_word' id='word_1_136' title='bbox 471 1501 573 1539; x_wconf 85' lang='lat' dir='ltr'>prior,</span> <span class='ocrx_word' id='word_1_137' title='bbox 599 1501 742 1539; x_wconf 78' lang='lat' dir='ltr'>cognitis</span> <span class='ocrx_word' id='word_1_138' title='bbox 770 1501 878 1539; x_wconf 86' lang='lat' dir='ltr'>ipsius</span> <span class='ocrx_word' id='word_1_139' title='bbox 899 1510 997 1531; x_wconf 79' lang='lat' dir='ltr'>cause</span> <span class='ocrx_word' id='word_1_140' title='bbox 1019 1502 1150 1532; x_wconf 87' lang='lat' dir='ltr'>meritis</span> <span class='ocrx_word' id='word_1_141' title='bbox 1170 1503 1201 1532; x_wconf 87' lang='lat' dir='ltr'>et</span> 
     </span>
     <span class='ocr_line' id='line_1_23' title="bbox 188 1553 1201 1593; baseline 0 -9"><span class='ocrx_word' id='word_1_142' title='bbox 188 1554 276 1593; x_wconf 86' lang='lat' dir='ltr'>juris</span> <span class='ocrx_word' id='word_1_143' title='bbox 295 1554 410 1583; x_wconf 82' lang='lat' dir='ltr'>ordine</span> <span class='ocrx_word' id='word_1_144' title='bbox 429 1553 618 1589; x_wconf 78' lang='lat' dir='ltr'>observato,</span> <span class='ocrx_word' id='word_1_145' title='bbox 637 1554 854 1584; x_wconf 81' lang='lat' dir='ltr'>diffinitivam</span> <span class='ocrx_word' id='word_1_146' title='bbox 872 1563 931 1592; x_wconf 86' lang='lat' dir='ltr'>pro</span> <span class='ocrx_word' id='word_1_147' title='bbox 947 1557 978 1584; x_wconf 81' lang='lat' dir='ltr'>te</span> <span class='ocrx_word' id='word_1_148' title='bbox 998 1555 1201 1585; x_wconf 86' lang='lat' dir='ltr'>sententiam</span> 
     </span>
     <span class='ocr_line' id='line_1_24' title="bbox 190 1607 1201 1646; baseline 0 -9"><span class='ocrx_word' id='word_1_149' title='bbox 190 1607 428 1646; x_wconf 77' lang='lat' dir='ltr'>promulgavit,</span> <span class='ocrx_word' id='word_1_150' title='bbox 447 1616 465 1636; x_wconf 91' lang='lat' dir='ltr'>a</span> <span class='ocrx_word' id='word_1_151' title='bbox 487 1616 553 1645; x_wconf 85' lang='lat' dir='ltr'>qua</span> <span class='ocrx_word' id='word_1_152' title='bbox 571 1607 741 1645; x_wconf 81' lang='lat' dir='ltr'>predictus</span> <span class='ocrx_word' id='word_1_153' title='bbox 758 1608 829 1637; x_wconf 83' lang='lat' dir='ltr'>Noe</span> <span class='ocrx_word' id='word_1_154' title='bbox 848 1607 889 1637; x_wconf 83' lang='lat' dir='ltr'>ad</span> <span class='ocrx_word' id='word_1_155' title='bbox 907 1608 1021 1637; x_wconf 81' lang='lat' dir='ltr'>sedem</span> <span class='ocrx_word' id='word_1_156' title='bbox 1041 1608 1201 1646; x_wconf 86' lang='lat' dir='ltr'>apostoli-</span> 
     </span>
     <span class='ocr_line' id='line_1_25' title="bbox 191 1660 1202 1699; baseline 0 -8"><span class='ocrx_word' id='word_1_157' title='bbox 191 1670 263 1691; x_wconf 82' lang='lat' dir='ltr'>cam</span> <span class='ocrx_word' id='word_1_158' title='bbox 279 1660 478 1699; x_wconf 44' lang='lat' dir='ltr'>appellavi&amp;</span> <span class='ocrx_word' id='word_1_159' title='bbox 496 1669 624 1698; x_wconf 81' lang='lat' dir='ltr'>nosque</span> <span class='ocrx_word' id='word_1_160' title='bbox 641 1660 801 1690; x_wconf 74' lang='lat' dir='ltr'>dilectum</span> <span class='ocrx_word' id='word_1_161' title='bbox 820 1660 927 1690; x_wconf 85' lang='lat' dir='ltr'>tilium</span> <span class='ocrx_word' id='word_1_162' title='bbox 943 1661 1126 1697; x_wconf 85' lang='lat' dir='ltr'>Matheum,</span> <span class='ocrx_word' id='word_1_163' title='bbox 1147 1661 1202 1691; x_wconf 79' lang='lat' dir='ltr'>Sa-</span> 
     </span>
     <span class='ocr_line' id='line_1_26' title="bbox 190 1713 1201 1752; baseline -0.001 -8"><span class='ocrx_word' id='word_1_164' title='bbox 190 1714 395 1744; x_wconf 85' lang='lat' dir='ltr'>lernitanum</span> <span class='ocrx_word' id='word_1_165' title='bbox 413 1713 555 1743; x_wconf 83' lang='lat' dir='ltr'>electum</span> <span class='ocrx_word' id='word_1_166' title='bbox 574 1715 653 1743; x_wconf 88' lang='lat' dir='ltr'>tunc</span> <span class='ocrx_word' id='word_1_167' title='bbox 671 1713 907 1752; x_wconf 82' lang='lat' dir='ltr'>cappellanum</span> <span class='ocrx_word' id='word_1_168' title='bbox 928 1716 1094 1750; x_wconf 84' lang='lat' dir='ltr'>nostrum,</span> <span class='ocrx_word' id='word_1_169' title='bbox 1109 1714 1201 1744; x_wconf 88' lang='lat' dir='ltr'>dedi-</span> 
     </span>
     <span class='ocr_line' id='line_1_27' title="bbox 192 1766 1203 1805; baseline 0.001 -8"><span class='ocrx_word' id='word_1_170' title='bbox 192 1776 267 1797; x_wconf 87' lang='lat' dir='ltr'>mus</span> <span class='ocrx_word' id='word_1_171' title='bbox 292 1767 324 1796; x_wconf 92' lang='lat' dir='ltr'>in</span> <span class='ocrx_word' id='word_1_172' title='bbox 345 1775 445 1797; x_wconf 79' lang='lat' dir='ltr'>causa</span> <span class='ocrx_word' id='word_1_173' title='bbox 468 1766 662 1804; x_wconf 78' lang='lat' dir='ltr'>hujusmodi</span> <span class='ocrx_word' id='word_1_174' title='bbox 683 1766 837 1805; x_wconf 83' lang='lat' dir='ltr'>partibus</span> <span class='ocrx_word' id='word_1_175' title='bbox 856 1767 1057 1803; x_wconf 75' lang='lat' dir='ltr'>auditorem,</span> <span class='ocrx_word' id='word_1_176' title='bbox 1075 1769 1106 1798; x_wconf 88' lang='lat' dir='ltr'>et</span> <span class='ocrx_word' id='word_1_177' title='bbox 1130 1769 1203 1798; x_wconf 87' lang='lat' dir='ltr'>tan-</span> 
     </span>
     <span class='ocr_line' id='line_1_28' title="bbox 192 1820 1201 1859; baseline 0.001 -10"><span class='ocrx_word' id='word_1_178' title='bbox 192 1820 268 1851; x_wconf 87' lang='lat' dir='ltr'>dem</span> <span class='ocrx_word' id='word_1_179' title='bbox 288 1821 346 1850; x_wconf 82' lang='lat' dir='ltr'>lite</span> <span class='ocrx_word' id='word_1_180' title='bbox 374 1829 484 1849; x_wconf 82' lang='lat' dir='ltr'>coram</span> <span class='ocrx_word' id='word_1_181' title='bbox 503 1828 540 1849; x_wconf 86' lang='lat' dir='ltr'>eo</span> <span class='ocrx_word' id='word_1_182' title='bbox 558 1820 591 1849; x_wconf 88' lang='lat' dir='ltr'>in</span> <span class='ocrx_word' id='word_1_183' title='bbox 610 1828 711 1849; x_wconf 83' lang='lat' dir='ltr'>causa</span> <span class='ocrx_word' id='word_1_184' title='bbox 736 1820 809 1858; x_wconf 91' lang='lat' dir='ltr'>ipsa</span> <span class='ocrx_word' id='word_1_185' title='bbox 835 1820 984 1859; x_wconf 75' lang='lat' dir='ltr'>legitime</span> <span class='ocrx_word' id='word_1_186' title='bbox 1002 1822 1201 1856; x_wconf 54' lang='lat' dir='ltr'>‹anitestatffi</span> 
     </span>
     <span class='ocr_line' id='line_1_29' title="bbox 192 1873 1201 1911; baseline -0.001 -7"><span class='ocrx_word' id='word_1_187' title='bbox 192 1874 291 1904; x_wconf 84' lang='lat' dir='ltr'>factis</span> <span class='ocrx_word' id='word_1_188' title='bbox 314 1873 541 1911; x_wconf 63' lang='lat' dir='ltr'>positionibus</span> <span class='ocrx_word' id='word_1_189' title='bbox 567 1874 598 1902; x_wconf 89' lang='lat' dir='ltr'>et</span> <span class='ocrx_word' id='word_1_190' title='bbox 617 1873 898 1911; x_wconf 75' lang='lat' dir='ltr'>responsionibus</span> <span class='ocrx_word' id='word_1_191' title='bbox 922 1874 962 1903; x_wconf 84' lang='lat' dir='ltr'>ad</span> <span class='ocrx_word' id='word_1_192' title='bbox 985 1875 1132 1909; x_wconf 77' lang='lat' dir='ltr'>easdem,</span> <span class='ocrx_word' id='word_1_193' title='bbox 1150 1874 1201 1904; x_wconf 88' lang='lat' dir='ltr'>di—</span> 
     </span>
     <span class='ocr_line' id='line_1_30' title="bbox 191 1926 1201 1966; baseline 0.001 -9"><span class='ocrx_word' id='word_1_194' title='bbox 191 1927 278 1957; x_wconf 80' lang='lat' dir='ltr'>lecto</span> <span class='ocrx_word' id='word_1_195' title='bbox 299 1927 366 1956; x_wconf 87' lang='lat' dir='ltr'>tilio</span> <span class='ocrx_word' id='word_1_196' title='bbox 388 1926 550 1965; x_wconf 79' lang='lat' dir='ltr'>magistro</span> <span class='ocrx_word' id='word_1_197' title='bbox 570 1926 730 1956; x_wconf 85' lang='lat' dir='ltr'>Dalfinati</span> <span class='ocrx_word' id='word_1_198' title='bbox 756 1926 795 1956; x_wconf 87' lang='lat' dir='ltr'>de</span> <span class='ocrx_word' id='word_1_199' title='bbox 822 1927 978 1965; x_wconf 80' lang='lat' dir='ltr'>Neapoli,</span> <span class='ocrx_word' id='word_1_200' title='bbox 1002 1927 1201 1966; x_wconf 76' lang='lat' dir='ltr'>cappellano</span> 
     </span>
     <span class='ocr_line' id='line_1_31' title="bbox 192 1979 1201 2014; baseline 0 -4"><span class='ocrx_word' id='word_1_201' title='bbox 192 1981 320 2014; x_wconf 87' lang='lat' dir='ltr'>nostro,</span> <span class='ocrx_word' id='word_1_202' title='bbox 332 1988 466 2009; x_wconf 80' lang='lat' dir='ltr'>eausam</span> <span class='ocrx_word' id='word_1_203' title='bbox 481 1979 621 2009; x_wconf 87' lang='lat' dir='ltr'>eandem</span> <span class='ocrx_word' id='word_1_204' title='bbox 635 1979 796 2008; x_wconf 82' lang='lat' dir='ltr'>duximus</span> <span class='ocrx_word' id='word_1_205' title='bbox 807 1980 1095 2010; x_wconf 67' lang='lat' dir='ltr'>committendam.</span> <span class='ocrx_word' id='word_1_206' title='bbox 1108 1981 1201 2010; x_wconf 90' lang='lat' dir='ltr'>Idem</span> 
     </span>
     <span class='ocr_line' id='line_1_32' title="bbox 192 2032 1201 2071; baseline 0.001 -8"><span class='ocrx_word' id='word_1_207' title='bbox 192 2042 271 2064; x_wconf 89' lang='lat' dir='ltr'>vero</span> <span class='ocrx_word' id='word_1_208' title='bbox 305 2034 464 2071; x_wconf 80' lang='lat' dir='ltr'>magister</span> <span class='ocrx_word' id='word_1_209' title='bbox 500 2032 662 2068; x_wconf 84' lang='lat' dir='ltr'>Dallinas,</span> <span class='ocrx_word' id='word_1_210' title='bbox 688 2032 832 2070; x_wconf 72' lang='lat' dir='ltr'>cognitis</span> <span class='ocrx_word' id='word_1_211' title='bbox 865 2032 973 2071; x_wconf 83' lang='lat' dir='ltr'>ipsius</span> <span class='ocrx_word' id='word_1_212' title='bbox 1005 2042 1104 2063; x_wconf 80' lang='lat' dir='ltr'>cause</span> <span class='ocrx_word' id='word_1_213' title='bbox 1134 2043 1201 2065; x_wconf 86' lang='lat' dir='ltr'>me-</span> 
     </span>
     <span class='ocr_line' id='line_1_33' title="bbox 192 2085 1202 2125; baseline 0 -8"><span class='ocrx_word' id='word_1_214' title='bbox 192 2087 269 2117; x_wconf 82' lang='lat' dir='ltr'>ritis</span> <span class='ocrx_word' id='word_1_215' title='bbox 292 2087 323 2116; x_wconf 79' lang='lat' dir='ltr'>et</span> <span class='ocrx_word' id='word_1_216' title='bbox 340 2085 428 2124; x_wconf 85' lang='lat' dir='ltr'>juris</span> <span class='ocrx_word' id='word_1_217' title='bbox 443 2085 559 2115; x_wconf 78' lang='lat' dir='ltr'>ordine</span> <span class='ocrx_word' id='word_1_218' title='bbox 578 2085 766 2120; x_wconf 81' lang='lat' dir='ltr'>observato,</span> <span class='ocrx_word' id='word_1_219' title='bbox 788 2086 1037 2116; x_wconf 62' lang='lat' dir='ltr'>sententialiter</span> <span class='ocrx_word' id='word_1_220' title='bbox 1057 2096 1202 2125; x_wconf 88' lang='lat' dir='ltr'>pronun—</span> 
     </span>
     <span class='ocr_line' id='line_1_34' title="bbox 191 2138 1202 2177; baseline 0 -7"><span class='ocrx_word' id='word_1_221' title='bbox 191 2140 285 2171; x_wconf 82' lang='lat' dir='ltr'>tiavit</span> <span class='ocrx_word' id='word_1_222' title='bbox 311 2147 370 2177; x_wconf 84' lang='lat' dir='ltr'>per</span> <span class='ocrx_word' id='word_1_223' title='bbox 393 2138 539 2177; x_wconf 76' lang='lat' dir='ltr'>priorem</span> <span class='ocrx_word' id='word_1_224' title='bbox 565 2138 752 2177; x_wconf 75' lang='lat' dir='ltr'>predictum</span> <span class='ocrx_word' id='word_1_225' title='bbox 782 2138 864 2168; x_wconf 86' lang='lat' dir='ltr'>bene</span> <span class='ocrx_word' id='word_1_226' title='bbox 889 2139 1075 2177; x_wconf 84' lang='lat' dir='ltr'>judicatum</span> <span class='ocrx_word' id='word_1_227' title='bbox 1105 2142 1137 2170; x_wconf 84' lang='lat' dir='ltr'>et</span> <span class='ocrx_word' id='word_1_228' title='bbox 1162 2140 1202 2170; x_wconf 88' lang='lat' dir='ltr'>ab</span> 
     </span>
     <span class='ocr_line' id='line_1_35' title="bbox 192 2190 1201 2230; baseline 0 -7"><span class='ocrx_word' id='word_1_229' title='bbox 192 2201 231 2223; x_wconf 86' lang='lat' dir='ltr'>eo</span> <span class='ocrx_word' id='word_1_230' title='bbox 262 2191 349 2222; x_wconf 86' lang='lat' dir='ltr'>male</span> <span class='ocrx_word' id='word_1_231' title='bbox 377 2190 585 2230; x_wconf 85' lang='lat' dir='ltr'>appellatum</span> <span class='ocrx_word' id='word_1_232' title='bbox 614 2191 731 2226; x_wconf 84' lang='lat' dir='ltr'>fuisse,</span> <span class='ocrx_word' id='word_1_233' title='bbox 759 2200 794 2220; x_wconf 76' lang='lat' dir='ltr'>ac</span> <span class='ocrx_word' id='word_1_234' title='bbox 826 2192 965 2221; x_wconf 66' lang='lat' dir='ltr'>eandem</span> <span class='ocrx_word' id='word_1_235' title='bbox 999 2192 1201 2223; x_wconf 82' lang='lat' dir='ltr'>sententiam</span> 
     </span>
     <span class='ocr_line' id='line_1_36' title="bbox 192 2244 1202 2284; baseline 0.001 -8"><span class='ocrx_word' id='word_1_236' title='bbox 192 2245 415 2279; x_wconf 80' lang='lat' dir='ltr'>confirmavit,</span> <span class='ocrx_word' id='word_1_237' title='bbox 445 2245 572 2275; x_wconf 76' lang='lat' dir='ltr'>dictum</span> <span class='ocrx_word' id='word_1_238' title='bbox 604 2245 675 2275; x_wconf 89' lang='lat' dir='ltr'>Noe</span> <span class='ocrx_word' id='word_1_239' title='bbox 708 2244 766 2274; x_wconf 86' lang='lat' dir='ltr'>tibi</span> <span class='ocrx_word' id='word_1_240' title='bbox 808 2244 841 2274; x_wconf 91' lang='lat' dir='ltr'>in</span> <span class='ocrx_word' id='word_1_241' title='bbox 878 2245 1022 2284; x_wconf 78' lang='lat' dir='ltr'>quadam</span> <span class='ocrx_word' id='word_1_242' title='bbox 1061 2247 1202 2284; x_wconf 76' lang='lat' dir='ltr'>pecunie</span> 
     </span>
     <span class='ocr_line' id='line_1_37' title="bbox 191 2298 1202 2337; baseline 0.001 -8"><span class='ocrx_word' id='word_1_243' title='bbox 191 2307 336 2333; x_wconf 85' lang='lat' dir='ltr'>summa,</span> <span class='ocrx_word' id='word_1_244' title='bbox 367 2298 538 2328; x_wconf 83' lang='lat' dir='ltr'>taxatione</span> <span class='ocrx_word' id='word_1_245' title='bbox 570 2298 756 2336; x_wconf 84' lang='lat' dir='ltr'>prehabita,</span> <span class='ocrx_word' id='word_1_246' title='bbox 777 2299 808 2328; x_wconf 84' lang='lat' dir='ltr'>et</span> <span class='ocrx_word' id='word_1_247' title='bbox 834 2307 851 2327; x_wconf 87' lang='lat' dir='ltr'>a</span> <span class='ocrx_word' id='word_1_248' title='bbox 878 2299 908 2328; x_wconf 91' lang='lat' dir='ltr'>te</span> <span class='ocrx_word' id='word_1_249' title='bbox 937 2298 1130 2337; x_wconf 80' lang='lat' dir='ltr'>juramento</span> <span class='ocrx_word' id='word_1_250' title='bbox 1153 2308 1202 2330; x_wconf 89' lang='lat' dir='ltr'>re-</span> 
     </span>
     <span class='ocr_line' id='line_1_38' title="bbox 191 2351 1203 2392; baseline -0.001 -9"><span class='ocrx_word' id='word_1_251' title='bbox 191 2353 297 2391; x_wconf 84' lang='lat' dir='ltr'>cepto,</span> <span class='ocrx_word' id='word_1_252' title='bbox 323 2360 546 2390; x_wconf 84' lang='lat' dir='ltr'>expensarum</span> <span class='ocrx_word' id='word_1_253' title='bbox 577 2351 724 2388; x_wconf 80' lang='lat' dir='ltr'>nomine,</span> <span class='ocrx_word' id='word_1_254' title='bbox 752 2352 1000 2382; x_wconf 77' lang='lat' dir='ltr'>sententialiter</span> <span class='ocrx_word' id='word_1_255' title='bbox 1024 2353 1203 2392; x_wconf 78' lang='lat' dir='ltr'>condemp-</span> 
     </span>
     <span class='ocr_line' id='line_1_39' title="bbox 191 2404 1202 2444; baseline 0.002 -9"><span class='ocrx_word' id='word_1_256' title='bbox 191 2405 422 2443; x_wconf 86' lang='lat' dir='ltr'>nando‚p1·0ut</span> <span class='ocrx_word' id='word_1_257' title='bbox 439 2405 471 2434; x_wconf 92' lang='lat' dir='ltr'>in</span> <span class='ocrx_word' id='word_1_258' title='bbox 491 2405 715 2435; x_wconf 87' lang='lat' dir='ltr'>instrumento</span> <span class='ocrx_word' id='word_1_259' title='bbox 735 2404 870 2444; x_wconf 84' lang='lat' dir='ltr'>publico</span> <span class='ocrx_word' id='word_1_260' title='bbox 886 2405 963 2435; x_wconf 86' lang='lat' dir='ltr'>inde</span> <span class='ocrx_word' id='word_1_261' title='bbox 982 2405 1145 2442; x_wconf 78' lang='lat' dir='ltr'>confecto,</span> <span class='ocrx_word' id='word_1_262' title='bbox 1160 2406 1202 2437; x_wconf 89' lang='lat' dir='ltr'>si-</span> 
     </span>
     <span class='ocr_line' id='line_1_40' title="bbox 191 2457 1202 2497; baseline 0.002 -9"><span class='ocrx_word' id='word_1_263' title='bbox 191 2457 309 2497; x_wconf 84' lang='lat' dir='ltr'>gillato</span> <span class='ocrx_word' id='word_1_264' title='bbox 328 2457 441 2496; x_wconf 71' lang='lat' dir='ltr'>sigillo</span> <span class='ocrx_word' id='word_1_265' title='bbox 467 2457 575 2496; x_wconf 87' lang='lat' dir='ltr'>ipsius</span> <span class='ocrx_word' id='word_1_266' title='bbox 594 2458 749 2496; x_wconf 78' lang='lat' dir='ltr'>magistri</span> <span class='ocrx_word' id='word_1_267' title='bbox 771 2458 950 2488; x_wconf 82' lang='lat' dir='ltr'>Daliinatis</span> <span class='ocrx_word' id='word_1_268' title='bbox 971 2458 1106 2497; x_wconf 83' lang='lat' dir='ltr'>plenius</span> <span class='ocrx_word' id='word_1_269' title='bbox 1127 2468 1202 2490; x_wconf 87' lang='lat' dir='ltr'>con-</span> 
     </span>
     <span class='ocr_line' id='line_1_41' title="bbox 191 2510 1200 2549; baseline 0.001 -8"><span class='ocrx_word' id='word_1_270' title='bbox 191 2511 329 2541; x_wconf 83' lang='lat' dir='ltr'>tinetur.</span> <span class='ocrx_word' id='word_1_271' title='bbox 356 2511 426 2541; x_wconf 80' lang='lat' dir='ltr'>Nos</span> <span class='ocrx_word' id='word_1_272' title='bbox 456 2511 579 2549; x_wconf 81' lang='lat' dir='ltr'>itaque,</span> <span class='ocrx_word' id='word_1_273' title='bbox 604 2510 673 2540; x_wconf 86' lang='lat' dir='ltr'>tuis</span> <span class='ocrx_word' id='word_1_274' title='bbox 700 2511 1007 2549; x_wconf 77' lang='lat' dir='ltr'>supplicationibus</span> <span class='ocrx_word' id='word_1_275' title='bbox 1035 2512 1200 2549; x_wconf 78' lang='lat' dir='ltr'>inclinati,</span> 
     </span>
     <span class='ocr_line' id='line_1_42' title="bbox 193 2563 1200 2603; baseline 0.001 -9"><span class='ocrx_word' id='word_1_276' title='bbox 193 2564 396 2594; x_wconf 83' lang='lat' dir='ltr'>sententiam</span> <span class='ocrx_word' id='word_1_277' title='bbox 428 2563 620 2602; x_wconf 81' lang='lat' dir='ltr'>hujusmodi</span> <span class='ocrx_word' id='word_1_278' title='bbox 654 2564 792 2602; x_wconf 74' lang='lat' dir='ltr'>predicti</span> <span class='ocrx_word' id='word_1_279' title='bbox 827 2565 979 2603; x_wconf 76' lang='lat' dir='ltr'>magistri</span> <span class='ocrx_word' id='word_1_280' title='bbox 1008 2566 1200 2600; x_wconf 77' lang='lat' dir='ltr'>Daltinatis,</span> 
     </span>
     <span class='ocr_line' id='line_1_43' title="bbox 194 2616 1201 2654; baseline 0.003 -8"><span class='ocrx_word' id='word_1_281' title='bbox 194 2616 281 2646; x_wconf 85' lang='lat' dir='ltr'>sieut</span> <span class='ocrx_word' id='word_1_282' title='bbox 299 2617 436 2654; x_wconf 82' lang='lat' dir='ltr'>provide</span> <span class='ocrx_word' id='word_1_283' title='bbox 454 2617 520 2646; x_wconf 88' lang='lat' dir='ltr'>lata</span> <span class='ocrx_word' id='word_1_284' title='bbox 536 2618 598 2652; x_wconf 87' lang='lat' dir='ltr'>est,</span> <span class='ocrx_word' id='word_1_285' title='bbox 618 2617 724 2646; x_wconf 86' lang='lat' dir='ltr'>ratam</span> <span class='ocrx_word' id='word_1_286' title='bbox 740 2619 770 2647; x_wconf 90' lang='lat' dir='ltr'>et</span> <span class='ocrx_word' id='word_1_287' title='bbox 790 2617 920 2647; x_wconf 89' lang='lat' dir='ltr'>tirmam</span> <span class='ocrx_word' id='word_1_288' title='bbox 937 2618 1108 2653; x_wconf 85' lang='lat' dir='ltr'>habentes,</span> <span class='ocrx_word' id='word_1_289' title='bbox 1129 2628 1201 2649; x_wconf 85' lang='lat' dir='ltr'>eain</span> 
     </span>
     <span class='ocr_line' id='line_1_44' title="bbox 194 2669 1202 2710; baseline 0.003 -11"><span class='ocrx_word' id='word_1_290' title='bbox 194 2669 391 2699; x_wconf 84' lang='lat' dir='ltr'>auctoritate</span> <span class='ocrx_word' id='word_1_291' title='bbox 404 2670 589 2708; x_wconf 84' lang='lat' dir='ltr'>apostolica</span> <span class='ocrx_word' id='word_1_292' title='bbox 604 2671 844 2700; x_wconf 82' lang='lat' dir='ltr'>confirmamus</span> <span class='ocrx_word' id='word_1_293' title='bbox 856 2673 885 2701; x_wconf 89' lang='lat' dir='ltr'>et</span> <span class='ocrx_word' id='word_1_294' title='bbox 902 2672 1070 2709; x_wconf 83' lang='lat' dir='ltr'>presentis</span> <span class='ocrx_word' id='word_1_295' title='bbox 1085 2672 1202 2710; x_wconf 86' lang='lat' dir='ltr'>scripti</span> 
     </span>
     <span class='ocr_line' id='line_1_45' title="bbox 194 2722 656 2761; baseline 0 -9"><span class='ocrx_word' id='word_1_296' title='bbox 194 2722 380 2761; x_wconf 78' lang='lat' dir='ltr'>patrocinio</span> <span class='ocrx_word' id='word_1_297' title='bbox 398 2723 656 2752; x_wconf 78' lang='lat' dir='ltr'>comunmimus.</span> 
     </span>
    </p>

    <p class='ocr_par' dir='ltr' id='par_1_10' title="bbox 195 2775 1201 2868">
     <span class='ocr_line' id='line_1_46' title="bbox 234 2775 1201 2813; baseline 0.004 -8"><span class='ocrx_word' id='word_1_298' title='bbox 234 2775 398 2805; x_wconf 81' lang='lat' dir='ltr'>Tenorem</span> <span class='ocrx_word' id='word_1_299' title='bbox 422 2775 530 2813; x_wconf 79' lang='lat' dir='ltr'>ipsius</span> <span class='ocrx_word' id='word_1_300' title='bbox 557 2776 772 2806; x_wconf 75' lang='lat' dir='ltr'>instrumenti</span> <span class='ocrx_word' id='word_1_301' title='bbox 804 2777 843 2806; x_wconf 80' lang='lat' dir='ltr'>de</span> <span class='ocrx_word' id='word_1_302' title='bbox 864 2777 965 2807; x_wconf 82' lang='lat' dir='ltr'>verbo</span> <span class='ocrx_word' id='word_1_303' title='bbox 993 2778 1034 2808; x_wconf 90' lang='lat' dir='ltr'>ad</span> <span class='ocrx_word' id='word_1_304' title='bbox 1063 2778 1201 2809; x_wconf 81' lang='lat' dir='ltr'>verbum</span> 
     </span>
     <span class='ocr_line' id='line_1_47' title="bbox 195 2827 993 2868; baseline 0.003 -12"><span class='ocrx_word' id='word_1_305' title='bbox 195 2827 410 2865; x_wconf 78' lang='lat' dir='ltr'>presentibus</span> <span class='ocrx_word' id='word_1_306' title='bbox 431 2827 532 2857; x_wconf 77' lang='lat' dir='ltr'>inseri</span> <span class='ocrx_word' id='word_1_307' title='bbox 553 2828 725 2864; x_wconf 75' lang='lat' dir='ltr'>facientes,</span> <span class='ocrx_word' id='word_1_308' title='bbox 745 2829 800 2868; x_wconf 81' lang='lat' dir='ltr'>qui</span> <span class='ocrx_word' id='word_1_309' title='bbox 821 2830 899 2859; x_wconf 84' lang='lat' dir='ltr'>talis</span> <span class='ocrx_word' id='word_1_310' title='bbox 919 2832 969 2860; x_wconf 87' lang='lat' dir='ltr'>est</span> <span class='ocrx_word' id='word_1_311' title='bbox 989 2840 993 2858; x_wconf 93' lang='lat'><strong>:</strong></span> 
     </span>
    </p>
   </div>
   <div class='ocr_carea' id='block_1_10' title="bbox 228 2917 484 2942">
    <p class='ocr_par' dir='ltr' id='par_1_11' title="bbox 228 2917 484 2942">
     <span class='ocr_line' id='line_1_48' title="bbox 228 2917 484 2942; baseline -0.004 0"><span class='ocrx_word' id='word_1_312' title='bbox 228 2919 249 2942; x_wconf 85' lang='lat'>1.</span> <span class='ocrx_word' id='word_1_313' title='bbox 266 2917 309 2942; x_wconf 86' lang='lat' dir='ltr'>Ms</span> <span class='ocrx_word' id='word_1_314' title='bbox 328 2924 333 2942; x_wconf 75' lang='lat' dir='ltr'><em>z</em></span> <span class='ocrx_word' id='word_1_315' title='bbox 352 2918 484 2942; x_wconf 67' lang='lat' dir='ltr'>{raa-isset.</span> 
     </span>
    </p>
   </div>
   <div class='ocr_carea' id='block_1_11' title="bbox 1227 323 1232 986">
    <p class='ocr_par' dir='ltr' id='par_1_12' title="bbox 1227 323 1232 986">
     <span class='ocr_line' id='line_1_49' title="bbox 1227 323 1232 986; baseline 0 0"><span class='ocrx_word' id='word_1_316' title='bbox 1227 323 1232 986; x_wconf 95' lang='lat' dir='ltr'> </span> 
     </span>
    </p>
   </div>
   <div class='ocr_carea' id='block_1_12' title="bbox 1229 323 1237 2934">
    <p class='ocr_par' dir='ltr' id='par_1_13' title="bbox 1229 323 1237 2934">
     <span class='ocr_line' id='line_1_50' title="bbox 1229 323 1237 2934; baseline 0 0"><span class='ocrx_word' id='word_1_317' title='bbox 1229 323 1237 2934; x_wconf 95' lang='lat' dir='ltr'> </span> 
     </span>
    </p>
   </div>
   <div class='ocr_carea' id='block_1_13' title="bbox 1259 313 2278 2847">
    <p class='ocr_par' dir='ltr' id='par_1_14' title="bbox 1259 313 2274 662">
     <span class='ocr_line' id='line_1_51' title="bbox 1300 313 2272 353; baseline 0.002 -11"><span class='ocrx_word' id='word_1_318' title='bbox 1300 323 1317 343; x_wconf 89' lang='lat'>«</span> <span class='ocrx_word' id='word_1_319' title='bbox 1334 313 1371 343; x_wconf 91' lang='lat' dir='ltr'>In</span> <span class='ocrx_word' id='word_1_320' title='bbox 1393 314 1455 343; x_wconf 88' lang='lat' dir='ltr'>Dei</span> <span class='ocrx_word' id='word_1_321' title='bbox 1476 313 1611 344; x_wconf 87' lang='lat' dir='ltr'>nomine</span> <span class='ocrx_word' id='word_1_322' title='bbox 1627 322 1735 344; x_wconf 88' lang='lat' dir='ltr'>amen.</span> <span class='ocrx_word' id='word_1_323' title='bbox 1757 314 1841 344; x_wconf 88' lang='lat' dir='ltr'>Cum</span> <span class='ocrx_word' id='word_1_324' title='bbox 1862 315 1894 344; x_wconf 90' lang='lat' dir='ltr'>in</span> <span class='ocrx_word' id='word_1_325' title='bbox 1913 323 2014 344; x_wconf 87' lang='lat' dir='ltr'>causa</span> <span class='ocrx_word' id='word_1_326' title='bbox 2033 314 2272 353; x_wconf 75' lang='lat' dir='ltr'>appellationis</span> 
     </span>
     <span class='ocr_line' id='line_1_52' title="bbox 1261 367 2272 406; baseline 0.002 -10"><span class='ocrx_word' id='word_1_327' title='bbox 1261 374 1325 404; x_wconf 86' lang='lat' dir='ltr'>que</span> <span class='ocrx_word' id='word_1_328' title='bbox 1341 367 1428 396; x_wconf 84' lang='lat' dir='ltr'>inter</span> <span class='ocrx_word' id='word_1_329' title='bbox 1447 367 1617 397; x_wconf 69' lang='lat' dir='ltr'>Mam-mm</span> <span class='ocrx_word' id='word_1_330' title='bbox 1632 367 1777 397; x_wconf 70' lang='lat' dir='ltr'>(jentilis</span> <span class='ocrx_word' id='word_1_331' title='bbox 1797 367 1836 397; x_wconf 84' lang='lat' dir='ltr'>de</span> <span class='ocrx_word' id='word_1_332' title='bbox 1856 368 1968 405; x_wconf 81' lang='lat' dir='ltr'>Firmo</span> <span class='ocrx_word' id='word_1_333' title='bbox 1985 370 2014 397; x_wconf 84' lang='lat' dir='ltr'>et</span> <span class='ocrx_word' id='word_1_334' title='bbox 2034 367 2272 406; x_wconf 66' lang='lat' dir='ltr'>presbyterum</span> 
     </span>
     <span class='ocr_line' id='line_1_53' title="bbox 1259 419 2273 459; baseline 0.001 -10"><span class='ocrx_word' id='word_1_335' title='bbox 1259 419 1342 455; x_wconf 86' lang='lat' dir='ltr'>Noe,</span> <span class='ocrx_word' id='word_1_336' title='bbox 1355 420 1552 450; x_wconf 71' lang='lat' dir='ltr'>canonicum</span> <span class='ocrx_word' id='word_1_337' title='bbox 1572 420 1781 455; x_wconf 78' lang='lat' dir='ltr'>Firmamun,</span> <span class='ocrx_word' id='word_1_338' title='bbox 1794 429 1895 459; x_wconf 86' lang='lat' dir='ltr'>super</span> <span class='ocrx_word' id='word_1_339' title='bbox 1914 420 2142 458; x_wconf 78' lang='lat' dir='ltr'>expoliatione</span> <span class='ocrx_word' id='word_1_340' title='bbox 2161 421 2273 459; x_wconf 84' lang='lat' dir='ltr'>eujus-</span> 
     </span>
     <span class='ocr_line' id='line_1_54' title="bbox 1261 471 2274 512; baseline 0.002 -11"><span class='ocrx_word' id='word_1_341' title='bbox 1261 471 1337 501; x_wconf 85' lang='lat' dir='ltr'>dam</span> <span class='ocrx_word' id='word_1_342' title='bbox 1364 472 1532 511; x_wconf 86' lang='lat' dir='ltr'>prebende</span> <span class='ocrx_word' id='word_1_343' title='bbox 1563 473 1716 509; x_wconf 81' lang='lat' dir='ltr'>vertitur,</span> <span class='ocrx_word' id='word_1_344' title='bbox 1745 482 1857 503; x_wconf 74' lang='lat' dir='ltr'>coram</span> <span class='ocrx_word' id='word_1_345' title='bbox 1889 473 2051 512; x_wconf 67' lang='lat' dir='ltr'>magis-tro</span> <span class='ocrx_word' id='word_1_346' title='bbox 2077 473 2208 504; x_wconf 83' lang='lat' dir='ltr'>Matheo</span> <span class='ocrx_word' id='word_1_347' title='bbox 2233 474 2274 503; x_wconf 85' lang='lat' dir='ltr'>de</span> 
     </span>
     <span class='ocr_line' id='line_1_55' title="bbox 1261 524 2272 565; baseline 0.002 -11"><span class='ocrx_word' id='word_1_348' title='bbox 1261 524 1412 559; x_wconf 79' lang='lat' dir='ltr'>Salerno,</span> <span class='ocrx_word' id='word_1_349' title='bbox 1444 525 1571 556; x_wconf 90' lang='lat' dir='ltr'>domini</span> <span class='ocrx_word' id='word_1_350' title='bbox 1599 535 1682 565; x_wconf 87' lang='lat' dir='ltr'>pape</span> <span class='ocrx_word' id='word_1_351' title='bbox 1705 526 1913 565; x_wconf 61' lang='lat' dir='ltr'>caltnpellano⁷</span> <span class='ocrx_word' id='word_1_352' title='bbox 1933 526 1974 556; x_wconf 81' lang='lat' dir='ltr'>ab</span> <span class='ocrx_word' id='word_1_353' title='bbox 1999 526 2115 556; x_wconf 85' lang='lat' dir='ltr'>eodem</span> <span class='ocrx_word' id='word_1_354' title='bbox 2137 526 2272 556; x_wconf 84' lang='lat' dir='ltr'>(lomino</span> 
     </span>
     <span class='ocr_line' id='line_1_56' title="bbox 1260 578 2274 617; baseline 0.003 -11"><span class='ocrx_word' id='word_1_355' title='bbox 1260 586 1346 616; x_wconf 85' lang='lat' dir='ltr'>papa</span> <span class='ocrx_word' id='word_1_356' title='bbox 1370 578 1524 617; x_wconf 87' lang='lat' dir='ltr'>partibus</span> <span class='ocrx_word' id='word_1_357' title='bbox 1548 579 1701 609; x_wconf 75' lang='lat' dir='ltr'>auditore</span> <span class='ocrx_word' id='word_1_358' title='bbox 1720 579 1892 617; x_wconf 81' lang='lat' dir='ltr'>deputato,</span> <span class='ocrx_word' id='word_1_359' title='bbox 1912 579 2050 609; x_wconf 76' lang='lat' dir='ltr'>libellus</span> <span class='ocrx_word' id='word_1_360' title='bbox 2069 578 2202 609; x_wconf 84' lang='lat' dir='ltr'>oblatus</span> <span class='ocrx_word' id='word_1_361' title='bbox 2218 587 2274 609; x_wconf 80' lang='lat' dir='ltr'>ex-</span> 
     </span>
     <span class='ocr_line' id='line_1_57' title="bbox 1260 630 1667 662; baseline 0.002 -2"><span class='ocrx_word' id='word_1_362' title='bbox 1260 630 1329 661; x_wconf 86' lang='lat' dir='ltr'>titit</span> <span class='ocrx_word' id='word_1_363' title='bbox 1348 631 1381 660; x_wconf 91' lang='lat' dir='ltr'>in</span> <span class='ocrx_word' id='word_1_364' title='bbox 1400 631 1486 661; x_wconf 76' lang='lat' dir='ltr'>hunc</span> <span class='ocrx_word' id='word_1_365' title='bbox 1508 632 1645 662; x_wconf 82' lang='lat' dir='ltr'>moduni</span> <span class='ocrx_word' id='word_1_366' title='bbox 1663 643 1667 661; x_wconf 92' lang='lat'>:</span> 
     </span>
    </p>

    <p class='ocr_par' dir='ltr' id='par_1_15' title="bbox 1261 684 2278 1838">
     <span class='ocr_line' id='line_1_58' title="bbox 1301 684 2275 721; baseline 0 -7"><span class='ocrx_word' id='word_1_367' title='bbox 1301 694 1315 711; x_wconf 85' lang='lat'>«</span> <span class='ocrx_word' id='word_1_368' title='bbox 1337 684 1457 714; x_wconf 86' lang='lat' dir='ltr'>Coram</span> <span class='ocrx_word' id='word_1_369' title='bbox 1478 684 1586 721; x_wconf 86' lang='lat' dir='ltr'>vobis,</span> <span class='ocrx_word' id='word_1_370' title='bbox 1607 685 1743 715; x_wconf 90' lang='lat' dir='ltr'>domino</span> <span class='ocrx_word' id='word_1_371' title='bbox 1764 685 1895 715; x_wconf 79' lang='lat' dir='ltr'>Matheo</span> <span class='ocrx_word' id='word_1_372' title='bbox 1915 686 1954 716; x_wconf 85' lang='lat' dir='ltr'>de</span> <span class='ocrx_word' id='word_1_373' title='bbox 1973 686 2124 719; x_wconf 62' lang='lat' dir='ltr'>salerno,</span> <span class='ocrx_word' id='word_1_374' title='bbox 2145 685 2275 715; x_wconf 85' lang='lat' dir='ltr'>domini</span> 
     </span>
     <span class='ocr_line' id='line_1_59' title="bbox 1262 737 2275 776; baseline 0.003 -11"><span class='ocrx_word' id='word_1_375' title='bbox 1262 746 1276 765; x_wconf 89' lang='grc'>11</span> <span class='ocrx_word' id='word_1_376' title='bbox 1294 745 1380 776; x_wconf 84' lang='lat' dir='ltr'>pape</span> <span class='ocrx_word' id='word_1_377' title='bbox 1397 737 1605 776; x_wconf 78' lang='lat' dir='ltr'>cappellano,</span> <span class='ocrx_word' id='word_1_378' title='bbox 1622 738 1769 776; x_wconf 79' lang='lat' dir='ltr'>generali</span> <span class='ocrx_word' id='word_1_379' title='bbox 1788 738 1940 768; x_wconf 85' lang='lat' dir='ltr'>auditore</span> <span class='ocrx_word' id='word_1_380' title='bbox 1957 746 2136 768; x_wconf 75' lang='lat' dir='ltr'>causarum</span> <span class='ocrx_word' id='word_1_381' title='bbox 2155 738 2275 776; x_wconf 85' lang='lat' dir='ltr'>palatii</span> 
     </span>
     <span class='ocr_line' id='line_1_60' title="bbox 1262 790 2276 829; baseline 0.001 -10"><span class='ocrx_word' id='word_1_382' title='bbox 1262 800 1277 818; x_wconf 82' lang='grc'>11</span> <span class='ocrx_word' id='word_1_383' title='bbox 1295 790 1424 820; x_wconf 88' lang='lat' dir='ltr'>domini</span> <span class='ocrx_word' id='word_1_384' title='bbox 1457 799 1553 829; x_wconf 80' lang='lat' dir='ltr'>pape,</span> <span class='ocrx_word' id='word_1_385' title='bbox 1587 790 1669 820; x_wconf 82' lang='lat' dir='ltr'>dicit</span> <span class='ocrx_word' id='word_1_386' title='bbox 1699 794 1731 821; x_wconf 87' lang='lat' dir='ltr'>et</span> <span class='ocrx_word' id='word_1_387' title='bbox 1764 791 1919 829; x_wconf 85' lang='lat' dir='ltr'>proponit</span> <span class='ocrx_word' id='word_1_388' title='bbox 1954 791 2111 821; x_wconf 78' lang='lat' dir='ltr'>Clemens</span> <span class='ocrx_word' id='word_1_389' title='bbox 2145 791 2276 821; x_wconf 86' lang='lat' dir='ltr'>domini</span> 
     </span>
     <span class='ocr_line' id='line_1_61' title="bbox 1262 843 2276 881; baseline 0.003 -10"><span class='ocrx_word' id='word_1_390' title='bbox 1262 854 1276 871; x_wconf 89' lang='grc'>11</span> <span class='ocrx_word' id='word_1_391' title='bbox 1294 843 1435 877; x_wconf 82' lang='lat' dir='ltr'>Cesarii,</span> <span class='ocrx_word' id='word_1_392' title='bbox 1455 845 1652 881; x_wconf 80' lang='lat' dir='ltr'>procurator</span> <span class='ocrx_word' id='word_1_393' title='bbox 1672 843 1810 881; x_wconf 86' lang='lat' dir='ltr'>dompni</span> <span class='ocrx_word' id='word_1_394' title='bbox 1837 844 1919 879; x_wconf 76' lang='lat' dir='ltr'>Noe,</span> <span class='ocrx_word' id='word_1_395' title='bbox 1938 844 2089 874; x_wconf 47' lang='lat' dir='ltr'>cancmiri</span> <span class='ocrx_word' id='word_1_396' title='bbox 2110 844 2276 880; x_wconf 75' lang='lat' dir='ltr'>Firmani,</span> 
     </span>
     <span class='ocr_line' id='line_1_62' title="bbox 1262 896 2277 934; baseline 0.003 -10"><span class='ocrx_word' id='word_1_397' title='bbox 1262 907 1276 924; x_wconf 86' lang='lat'>»</span> <span class='ocrx_word' id='word_1_398' title='bbox 1296 899 1412 926; x_wconf 85' lang='lat' dir='ltr'>contra</span> <span class='ocrx_word' id='word_1_399' title='bbox 1428 896 1599 926; x_wconf 84' lang='lat' dir='ltr'>Matlieum</span> <span class='ocrx_word' id='word_1_400' title='bbox 1613 896 1760 927; x_wconf 69' lang='lat' dir='ltr'>Gentilis</span> <span class='ocrx_word' id='word_1_401' title='bbox 1778 897 1878 934; x_wconf 78' lang='lat' dir='ltr'>quod,</span> <span class='ocrx_word' id='word_1_402' title='bbox 1899 905 1974 926; x_wconf 82' lang='lat' dir='ltr'>cum</span> <span class='ocrx_word' id='word_1_403' title='bbox 1996 897 2106 927; x_wconf 85' lang='lat' dir='ltr'>dictus</span> <span class='ocrx_word' id='word_1_404' title='bbox 2120 897 2277 927; x_wconf 79' lang='lat' dir='ltr'>Matheus</span> 
     </span>
     <span class='ocr_line' id='line_1_63' title="bbox 1261 949 2276 987; baseline 0.002 -9"><span class='ocrx_word' id='word_1_405' title='bbox 1261 960 1276 978; x_wconf 82' lang='grc'>11</span> <span class='ocrx_word' id='word_1_406' title='bbox 1295 958 1407 980; x_wconf 83' lang='lat' dir='ltr'>coram</span> <span class='ocrx_word' id='word_1_407' title='bbox 1425 949 1561 979; x_wconf 89' lang='lat' dir='ltr'>domino</span> <span class='ocrx_word' id='word_1_408' title='bbox 1577 949 1741 985; x_wconf 79' lang='lat' dir='ltr'>Johanne,</span> <span class='ocrx_word' id='word_1_409' title='bbox 1762 949 1875 987; x_wconf 83' lang='lat' dir='ltr'>priore</span> <span class='ocrx_word' id='word_1_410' title='bbox 1894 949 2000 979; x_wconf 79' lang='lat' dir='ltr'>sancti</span> <span class='ocrx_word' id='word_1_411' title='bbox 2025 950 2213 980; x_wconf 77' lang='lat' dir='ltr'>salvatoris</span> <span class='ocrx_word' id='word_1_412' title='bbox 2236 950 2276 980; x_wconf 89' lang='lat' dir='ltr'>de</span> 
     </span>
     <span class='ocr_line' id='line_1_64' title="bbox 1262 1001 2277 1040; baseline 0.001 -8"><span class='ocrx_word' id='word_1_413' title='bbox 1262 1012 1276 1031; x_wconf 87' lang='grc'>11</span> <span class='ocrx_word' id='word_1_414' title='bbox 1294 1002 1422 1037; x_wconf 89' lang='lat' dir='ltr'>Firmo,</span> <span class='ocrx_word' id='word_1_415' title='bbox 1453 1001 1672 1040; x_wconf 78' lang='lat' dir='ltr'>subdelegato</span> <span class='ocrx_word' id='word_1_416' title='bbox 1698 1011 1715 1031; x_wconf 88' lang='lat' dir='ltr'>a</span> <span class='ocrx_word' id='word_1_417' title='bbox 1741 1001 1927 1032; x_wconf 82' lang='lat' dir='ltr'>venerabili</span> <span class='ocrx_word' id='word_1_418' title='bbox 1956 1004 2050 1040; x_wconf 87' lang='lat' dir='ltr'>patre</span> <span class='ocrx_word' id='word_1_419' title='bbox 2080 1002 2217 1033; x_wconf 88' lang='lat' dir='ltr'>domino</span> <span class='ocrx_word' id='word_1_420' title='bbox 2243 1025 2277 1034; x_wconf 85' lang='lat'>..</span> 
     </span>
     <span class='ocr_line' id='line_1_65' title="bbox 1261 1055 2276 1095; baseline 0.001 -10"><span class='ocrx_word' id='word_1_421' title='bbox 1261 1056 1455 1087; x_wconf 80' lang='lat' dir='ltr'>»Firmano</span> <span class='ocrx_word' id='word_1_422' title='bbox 1485 1056 1656 1095; x_wconf 82' lang='lat' dir='ltr'>episcopo,</span> <span class='ocrx_word' id='word_1_423' title='bbox 1681 1064 1782 1094; x_wconf 87' lang='lat' dir='ltr'>super</span> <span class='ocrx_word' id='word_1_424' title='bbox 1813 1064 1850 1085; x_wconf 89' lang='lat' dir='ltr'>eo</span> <span class='ocrx_word' id='word_1_425' title='bbox 1878 1055 1967 1094; x_wconf 74' lang='lat' dir='ltr'>quod</span> <span class='ocrx_word' id='word_1_426' title='bbox 1998 1055 2087 1085; x_wconf 84' lang='lat' dir='ltr'>idem</span> <span class='ocrx_word' id='word_1_427' title='bbox 2120 1055 2276 1086; x_wconf 80' lang='lat' dir='ltr'>Matheus</span> 
     </span>
     <span class='ocr_line' id='line_1_66' title="bbox 1262 1108 2276 1147; baseline -0.001 -8"><span class='ocrx_word' id='word_1_428' title='bbox 1262 1109 1467 1139; x_wconf 86' lang='lat' dir='ltr'>»asserebat</span> <span class='ocrx_word' id='word_1_429' title='bbox 1498 1118 1556 1147; x_wconf 88' lang='lat' dir='ltr'>per</span> <span class='ocrx_word' id='word_1_430' title='bbox 1580 1109 1724 1139; x_wconf 87' lang='lat' dir='ltr'>eundem</span> <span class='ocrx_word' id='word_1_431' title='bbox 1748 1109 1933 1146; x_wconf 85' lang='lat' dir='ltr'>dompnum</span> <span class='ocrx_word' id='word_1_432' title='bbox 1960 1109 2031 1138; x_wconf 76' lang='lat' dir='ltr'>Noe</span> <span class='ocrx_word' id='word_1_433' title='bbox 2058 1108 2276 1147; x_wconf 77' lang='lat' dir='ltr'>possessione</span> 
     </span>
     <span class='ocr_line' id='line_1_67' title="bbox 1262 1161 2275 1201; baseline 0 -9"><span class='ocrx_word' id='word_1_434' title='bbox 1262 1173 1276 1192; x_wconf 85' lang='grc'>11</span> <span class='ocrx_word' id='word_1_435' title='bbox 1294 1162 1463 1201; x_wconf 85' lang='lat' dir='ltr'>prebende</span> <span class='ocrx_word' id='word_1_436' title='bbox 1484 1171 1543 1192; x_wconf 80' lang='lat' dir='ltr'>sue</span> <span class='ocrx_word' id='word_1_437' title='bbox 1568 1162 1718 1192; x_wconf 84' lang='lat' dir='ltr'>indebite</span> <span class='ocrx_word' id='word_1_438' title='bbox 1739 1162 1936 1200; x_wconf 84' lang='lat' dir='ltr'>spoliatum,</span> <span class='ocrx_word' id='word_1_439' title='bbox 1959 1162 2071 1200; x_wconf 78' lang='lat' dir='ltr'>ipsum</span> <span class='ocrx_word' id='word_1_440' title='bbox 2089 1161 2275 1200; x_wconf 87' lang='lat' dir='ltr'>dompnum</span> 
     </span>
     <span class='ocr_line' id='line_1_68' title="bbox 1262 1215 2277 1253; baseline -0.001 -8"><span class='ocrx_word' id='word_1_441' title='bbox 1262 1216 1366 1247; x_wconf 84' lang='lat' dir='ltr'>»Noe</span> <span class='ocrx_word' id='word_1_442' title='bbox 1388 1216 1550 1245; x_wconf 79' lang='lat' dir='ltr'>traxisset</span> <span class='ocrx_word' id='word_1_443' title='bbox 1576 1216 1608 1245; x_wconf 87' lang='lat' dir='ltr'>iu</span> <span class='ocrx_word' id='word_1_444' title='bbox 1632 1224 1780 1251; x_wconf 84' lang='lat' dir='ltr'>causam,</span> <span class='ocrx_word' id='word_1_445' title='bbox 1804 1215 1892 1245; x_wconf 79' lang='lat' dir='ltr'>idem</span> <span class='ocrx_word' id='word_1_446' title='bbox 1922 1215 2014 1253; x_wconf 88' lang='lat' dir='ltr'>prior</span> <span class='ocrx_word' id='word_1_447' title='bbox 2035 1223 2214 1253; x_wconf 84' lang='lat' dir='ltr'>perperam</span> <span class='ocrx_word' id='word_1_448' title='bbox 2244 1217 2277 1245; x_wconf 88' lang='lat' dir='ltr'>et</span> 
     </span>
     <span class='ocr_line' id='line_1_69' title="bbox 1262 1267 2278 1307; baseline 0 -10"><span class='ocrx_word' id='word_1_449' title='bbox 1262 1280 1277 1297; x_wconf 88' lang='grc'>11</span> <span class='ocrx_word' id='word_1_450' title='bbox 1297 1269 1411 1307; x_wconf 83' lang='lat' dir='ltr'>inique</span> <span class='ocrx_word' id='word_1_451' title='bbox 1428 1269 1613 1307; x_wconf 81' lang='lat' dir='ltr'>procedens</span> <span class='ocrx_word' id='word_1_452' title='bbox 1628 1268 1882 1298; x_wconf 85' lang='lat' dir='ltr'>contradictum</span> <span class='ocrx_word' id='word_1_453' title='bbox 1898 1268 1981 1298; x_wconf 75' lang='lat' dir='ltr'>Noe.</span> <span class='ocrx_word' id='word_1_454' title='bbox 1998 1268 2149 1306; x_wconf 77' lang='lat' dir='ltr'>iniquam</span> <span class='ocrx_word' id='word_1_455' title='bbox 2167 1270 2196 1297; x_wconf 81' lang='lat' dir='ltr'>et</span> <span class='ocrx_word' id='word_1_456' title='bbox 2215 1267 2278 1297; x_wconf 79' lang='lat' dir='ltr'>dif-</span> 
     </span>
     <span class='ocr_line' id='line_1_70' title="bbox 1263 1320 2277 1359; baseline -0.001 -7"><span class='ocrx_word' id='word_1_457' title='bbox 1263 1333 1277 1351; x_wconf 83' lang='lat'>»</span> <span class='ocrx_word' id='word_1_458' title='bbox 1297 1322 1460 1352; x_wconf 82' lang='lat' dir='ltr'>finitivam</span> <span class='ocrx_word' id='word_1_459' title='bbox 1484 1322 1687 1351; x_wconf 76' lang='lat' dir='ltr'>sententiam</span> <span class='ocrx_word' id='word_1_460' title='bbox 1708 1320 1935 1359; x_wconf 76' lang='lat' dir='ltr'>pronmlgavit</span> <span class='ocrx_word' id='word_1_461' title='bbox 1957 1330 1973 1350; x_wconf 91' lang='lat' dir='ltr'>a</span> <span class='ocrx_word' id='word_1_462' title='bbox 2001 1329 2065 1359; x_wconf 87' lang='lat' dir='ltr'>qua</span> <span class='ocrx_word' id='word_1_463' title='bbox 2094 1330 2152 1359; x_wconf 86' lang='lat' dir='ltr'>pro</span> <span class='ocrx_word' id='word_1_464' title='bbox 2181 1324 2277 1359; x_wconf 85' lang='lat' dir='ltr'>parte</span> 
     </span>
     <span class='ocr_line' id='line_1_71' title="bbox 1263 1373 2278 1413; baseline -0.002 -8"><span class='ocrx_word' id='word_1_465' title='bbox 1263 1386 1278 1405; x_wconf 87' lang='grc'>11</span> <span class='ocrx_word' id='word_1_466' title='bbox 1297 1375 1377 1405; x_wconf 84' lang='lat' dir='ltr'>dicti</span> <span class='ocrx_word' id='word_1_467' title='bbox 1393 1376 1465 1405; x_wconf 77' lang='lat' dir='ltr'>Noe</span> <span class='ocrx_word' id='word_1_468' title='bbox 1482 1374 1673 1413; x_wconf 74' lang='lat' dir='ltr'>presbyteri</span> <span class='ocrx_word' id='word_1_469' title='bbox 1687 1374 1728 1404; x_wconf 87' lang='lat' dir='ltr'>ad</span> <span class='ocrx_word' id='word_1_470' title='bbox 1745 1374 1858 1403; x_wconf 83' lang='lat' dir='ltr'>sedem</span> <span class='ocrx_word' id='word_1_471' title='bbox 1877 1374 2097 1412; x_wconf 76' lang='lat' dir='ltr'>apostolicam</span> <span class='ocrx_word' id='word_1_472' title='bbox 2116 1374 2178 1404; x_wconf 84' lang='lat' dir='ltr'>t&#39;uit</span> <span class='ocrx_word' id='word_1_473' title='bbox 2199 1373 2278 1412; x_wconf 77' lang='lat' dir='ltr'>legi-</span> 
     </span>
     <span class='ocr_line' id='line_1_72' title="bbox 1262 1426 2276 1466; baseline -0.001 -9"><span class='ocrx_word' id='word_1_474' title='bbox 1262 1437 1279 1457; x_wconf 91' lang='lat'>»</span> <span class='ocrx_word' id='word_1_475' title='bbox 1298 1428 1377 1458; x_wconf 82' lang='lat' dir='ltr'>time</span> <span class='ocrx_word' id='word_1_476' title='bbox 1408 1427 1626 1466; x_wconf 85' lang='lat' dir='ltr'>appellatum.</span> <span class='ocrx_word' id='word_1_477' title='bbox 1650 1430 1760 1462; x_wconf 79' lang='lat' dir='ltr'>Quare</span> <span class='ocrx_word' id='word_1_478' title='bbox 1788 1426 1869 1465; x_wconf 83' lang='lat' dir='ltr'>petit</span> <span class='ocrx_word' id='word_1_479' title='bbox 1891 1426 2062 1464; x_wconf 68' lang='lat' dir='ltr'>predictus</span> <span class='ocrx_word' id='word_1_480' title='bbox 2081 1429 2276 1465; x_wconf 82' lang='lat' dir='ltr'>procurator</span> 
     </span>
     <span class='ocr_line' id='line_1_73' title="bbox 1264 1479 2275 1518; baseline 0 -9"><span class='ocrx_word' id='word_1_481' title='bbox 1264 1491 1278 1509; x_wconf 83' lang='lat'>»</span> <span class='ocrx_word' id='word_1_482' title='bbox 1297 1481 1501 1511; x_wconf 82' lang='lat' dir='ltr'>sententiam</span> <span class='ocrx_word' id='word_1_483' title='bbox 1521 1480 1719 1518; x_wconf 63' lang='lat' dir='ltr'>predictan‘i,</span> <span class='ocrx_word' id='word_1_484' title='bbox 1738 1482 1906 1518; x_wconf 79' lang='lat' dir='ltr'>quatenus</span> <span class='ocrx_word' id='word_1_485' title='bbox 1932 1480 1971 1509; x_wconf 89' lang='lat' dir='ltr'>de</span> <span class='ocrx_word' id='word_1_486' title='bbox 1994 1479 2080 1509; x_wconf 85' lang='lat' dir='ltr'>facto</span> <span class='ocrx_word' id='word_1_487' title='bbox 2098 1480 2275 1518; x_wconf 74' lang='lat' dir='ltr'>processit,</span> 
     </span>
     <span class='ocr_line' id='line_1_74' title="bbox 1264 1533 2275 1572; baseline -0.001 -9"><span class='ocrx_word' id='word_1_488' title='bbox 1264 1536 1326 1565; x_wconf 83' lang='lat' dir='ltr'>»et</span> <span class='ocrx_word' id='word_1_489' title='bbox 1356 1534 1516 1572; x_wconf 78' lang='lat' dir='ltr'>quicquid</span> <span class='ocrx_word' id='word_1_490' title='bbox 1541 1543 1581 1563; x_wconf 78' lang='lat' dir='ltr'>ex</span> <span class='ocrx_word' id='word_1_491' title='bbox 1607 1542 1645 1563; x_wconf 83' lang='lat' dir='ltr'>ea</span> <span class='ocrx_word' id='word_1_492' title='bbox 1671 1536 1824 1563; x_wconf 81' lang='lat' dir='ltr'>secatum</span> <span class='ocrx_word' id='word_1_493' title='bbox 1849 1535 1911 1567; x_wconf 75' lang='lat' dir='ltr'>est,</span> <span class='ocrx_word' id='word_1_494' title='bbox 1937 1533 2063 1562; x_wconf 81' lang='lat' dir='ltr'>cassari</span> <span class='ocrx_word' id='word_1_495' title='bbox 2082 1534 2113 1562; x_wconf 85' lang='lat' dir='ltr'>et</span> <span class='ocrx_word' id='word_1_496' title='bbox 2134 1533 2275 1568; x_wconf 83' lang='lat' dir='ltr'>irritari,</span> 
     </span>
     <span class='ocr_line' id='line_1_75' title="bbox 1264 1585 2277 1621; baseline -0.001 -4"><span class='ocrx_word' id='word_1_497' title='bbox 1264 1598 1278 1616; x_wconf 84' lang='grc'>11</span> <span class='ocrx_word' id='word_1_498' title='bbox 1299 1596 1442 1621; x_wconf 85' lang='lat' dir='ltr'>cassam,</span> <span class='ocrx_word' id='word_1_499' title='bbox 1461 1587 1590 1616; x_wconf 87' lang='lat' dir='ltr'>nnllam</span> <span class='ocrx_word' id='word_1_500' title='bbox 1609 1589 1639 1616; x_wconf 88' lang='lat' dir='ltr'>et</span> <span class='ocrx_word' id='word_1_501' title='bbox 1658 1586 1789 1615; x_wconf 86' lang='lat' dir='ltr'>irritam</span> <span class='ocrx_word' id='word_1_502' title='bbox 1814 1585 1974 1621; x_wconf 83' lang='lat' dir='ltr'>nuntiari,</span> <span class='ocrx_word' id='word_1_503' title='bbox 1996 1589 2027 1615; x_wconf 85' lang='lat' dir='ltr'>et</span> <span class='ocrx_word' id='word_1_504' title='bbox 2050 1585 2178 1616; x_wconf 85' lang='lat' dir='ltr'>nullius</span> <span class='ocrx_word' id='word_1_505' title='bbox 2201 1593 2277 1616; x_wconf 84' lang='lat' dir='ltr'>esse</span> 
     </span>
     <span class='ocr_line' id='line_1_76' title="bbox 1265 1639 2278 1678; baseline 0 -8"><span class='ocrx_word' id='word_1_506' title='bbox 1265 1651 1279 1669; x_wconf 84' lang='lat'>»</span> <span class='ocrx_word' id='word_1_507' title='bbox 1298 1640 1460 1673; x_wconf 81' lang='lat' dir='ltr'>nomenti,</span> <span class='ocrx_word' id='word_1_508' title='bbox 1477 1642 1508 1670; x_wconf 89' lang='lat' dir='ltr'>et</span> <span class='ocrx_word' id='word_1_509' title='bbox 1527 1639 1788 1678; x_wconf 83' lang='lat' dir='ltr'>appellationem</span> <span class='ocrx_word' id='word_1_510' title='bbox 1808 1639 1993 1677; x_wconf 80' lang='lat' dir='ltr'>predictam</span> <span class='ocrx_word' id='word_1_511' title='bbox 2008 1639 2135 1677; x_wconf 83' lang='lat' dir='ltr'>justam</span> <span class='ocrx_word' id='word_1_512' title='bbox 2153 1648 2227 1669; x_wconf 82' lang='lat' dir='ltr'>esse</span> <span class='ocrx_word' id='word_1_513' title='bbox 2245 1641 2278 1670; x_wconf 83' lang='lat' dir='ltr'>et</span> 
     </span>
     <span class='ocr_line' id='line_1_77' title="bbox 1265 1692 2278 1731; baseline 0 -9"><span class='ocrx_word' id='word_1_514' title='bbox 1265 1704 1279 1722; x_wconf 86' lang='grc'>11</span> <span class='ocrx_word' id='word_1_515' title='bbox 1300 1693 1405 1723; x_wconf 85' lang='lat' dir='ltr'>fuisse</span> <span class='ocrx_word' id='word_1_516' title='bbox 1425 1702 1484 1731; x_wconf 90' lang='lat' dir='ltr'>per</span> <span class='ocrx_word' id='word_1_517' title='bbox 1501 1694 1648 1722; x_wconf 78' lang='lat' dir='ltr'>vestram</span> <span class='ocrx_word' id='word_1_518' title='bbox 1673 1692 1875 1722; x_wconf 82' lang='lat' dir='ltr'>sententiam</span> <span class='ocrx_word' id='word_1_519' title='bbox 1904 1692 2087 1726; x_wconf 78' lang='lat' dir='ltr'>deelarari;</span> <span class='ocrx_word' id='word_1_520' title='bbox 2112 1693 2194 1730; x_wconf 86' lang='lat' dir='ltr'>petit</span> <span class='ocrx_word' id='word_1_521' title='bbox 2221 1700 2278 1722; x_wconf 78' lang='lat' dir='ltr'>ex—</span> 
     </span>
     <span class='ocr_line' id='line_1_78' title="bbox 1266 1745 2275 1785; baseline -0.001 -9"><span class='ocrx_word' id='word_1_522' title='bbox 1266 1757 1280 1776; x_wconf 84' lang='lat'>»</span> <span class='ocrx_word' id='word_1_523' title='bbox 1298 1755 1421 1785; x_wconf 87' lang='lat' dir='ltr'>pensas</span> <span class='ocrx_word' id='word_1_524' title='bbox 1451 1746 1555 1776; x_wconf 78' lang='lat' dir='ltr'>tactas</span> <span class='ocrx_word' id='word_1_525' title='bbox 1589 1748 1619 1776; x_wconf 86' lang='lat' dir='ltr'>et</span> <span class='ocrx_word' id='word_1_526' title='bbox 1650 1745 1689 1775; x_wconf 85' lang='lat' dir='ltr'>de</span> <span class='ocrx_word' id='word_1_527' title='bbox 1722 1745 1886 1775; x_wconf 82' lang='lat' dir='ltr'>faciendis</span> <span class='ocrx_word' id='word_1_528' title='bbox 1921 1745 2024 1775; x_wconf 87' lang='lat' dir='ltr'>etiam</span> <span class='ocrx_word' id='word_1_529' title='bbox 2055 1747 2275 1783; x_wconf 82' lang='lat' dir='ltr'>protestatur,</span> 
     </span>
     <span class='ocr_line' id='line_1_79' title="bbox 1267 1800 1598 1838; baseline -0.009 -8"><span class='ocrx_word' id='word_1_530' title='bbox 1267 1811 1281 1830; x_wconf 92' lang='lat'>»</span> <span class='ocrx_word' id='word_1_531' title='bbox 1299 1800 1394 1830; x_wconf 83' lang='lat' dir='ltr'>salvo</span> <span class='ocrx_word' id='word_1_532' title='bbox 1408 1800 1482 1838; x_wconf 86' lang='lat' dir='ltr'>jure</span> <span class='ocrx_word' id='word_1_533' title='bbox 1502 1801 1562 1829; x_wconf 82' lang='lat' dir='ltr'>etc.</span> <span class='ocrx_word' id='word_1_534' title='bbox 1584 1810 1598 1827; x_wconf 88' lang='grc'>11</span> 
     </span>
    </p>

    <p class='ocr_par' dir='ltr' id='par_1_16' title="bbox 1262 1852 2278 2847">
     <span class='ocr_line' id='line_1_80' title="bbox 1305 1852 2278 1891; baseline -0.001 -8"><span class='ocrx_word' id='word_1_535' title='bbox 1305 1854 1444 1891; x_wconf 82' lang='lat' dir='ltr'>«Super</span> <span class='ocrx_word' id='word_1_536' title='bbox 1463 1862 1528 1891; x_wconf 78' lang='lat' dir='ltr'>quo</span> <span class='ocrx_word' id='word_1_537' title='bbox 1550 1852 1607 1882; x_wconf 85' lang='lat' dir='ltr'>lite</span> <span class='ocrx_word' id='word_1_538' title='bbox 1633 1852 1784 1891; x_wconf 70' lang='lat' dir='ltr'>legitime</span> <span class='ocrx_word' id='word_1_539' title='bbox 1809 1855 2004 1882; x_wconf 81' lang='lat' dir='ltr'>contestata.</span> <span class='ocrx_word' id='word_1_540' title='bbox 2031 1852 2218 1890; x_wconf 82' lang='lat' dir='ltr'>positiones</span> <span class='ocrx_word' id='word_1_541' title='bbox 2245 1854 2278 1882; x_wconf 81' lang='lat' dir='ltr'>et</span> 
     </span>
     <span class='ocr_line' id='line_1_81' title="bbox 1264 1905 2274 1946; baseline -0.003 -9"><span class='ocrx_word' id='word_1_542' title='bbox 1264 1906 1504 1946; x_wconf 82' lang='lat' dir='ltr'>responsiones</span> <span class='ocrx_word' id='word_1_543' title='bbox 1525 1905 1600 1935; x_wconf 77' lang='lat' dir='ltr'>ltine</span> <span class='ocrx_word' id='word_1_544' title='bbox 1619 1905 1693 1935; x_wconf 87' lang='lat' dir='ltr'>inde</span> <span class='ocrx_word' id='word_1_545' title='bbox 1713 1905 1796 1935; x_wconf 80' lang='lat' dir='ltr'>t&#39;aete</span> <span class='ocrx_word' id='word_1_546' title='bbox 1817 1905 1949 1935; x_wconf 78' lang='lat' dir='ltr'>suerunt</span> <span class='ocrx_word' id='word_1_547' title='bbox 1969 1905 2070 1935; x_wconf 80' lang='lat' dir='ltr'>ctiam</span> <span class='ocrx_word' id='word_1_548' title='bbox 2090 1913 2201 1934; x_wconf 85' lang='lat' dir='ltr'>eoram</span> <span class='ocrx_word' id='word_1_549' title='bbox 2221 1913 2274 1941; x_wconf 82' lang='lat' dir='ltr'>eo;</span> 
     </span>
     <span class='ocr_line' id='line_1_82' title="bbox 1263 1957 2277 1996; baseline -0.002 -6"><span class='ocrx_word' id='word_1_550' title='bbox 1263 1960 1397 1990; x_wconf 85' lang='lat' dir='ltr'>tandem</span> <span class='ocrx_word' id='word_1_551' title='bbox 1408 1959 1647 1989; x_wconf 82' lang='lat' dir='ltr'>sanctissimus</span> <span class='ocrx_word' id='word_1_552' title='bbox 1657 1961 1751 1996; x_wconf 84' lang='lat' dir='ltr'>pater</span> <span class='ocrx_word' id='word_1_553' title='bbox 1761 1958 1919 1987; x_wconf 86' lang='lat' dir='ltr'>dominus</span> <span class='ocrx_word' id='word_1_554' title='bbox 1932 1957 2089 1987; x_wconf 65' lang='lat' dir='ltr'>Urbanus</span> <span class='ocrx_word' id='word_1_555' title='bbox 2099 1966 2183 1996; x_wconf 87' lang='lat' dir='ltr'>papa</span> <span class='ocrx_word' id='word_1_556' title='bbox 2199 1957 2277 1992; x_wconf 88' lang='lat'>1111,</span> 
     </span>
     <span class='ocr_line' id='line_1_83' title="bbox 1262 2010 2276 2051; baseline -0.003 -8"><span class='ocrx_word' id='word_1_557' title='bbox 1262 2012 1371 2045; x_wconf 87' lang='lat' dir='ltr'>nobis,</span> <span class='ocrx_word' id='word_1_558' title='bbox 1382 2012 1545 2051; x_wconf 83' lang='lat' dir='ltr'>magistro</span> <span class='ocrx_word' id='word_1_559' title='bbox 1557 2011 1715 2041; x_wconf 62' lang='lat' dir='ltr'>lialtinati</span> <span class='ocrx_word' id='word_1_560' title='bbox 1726 2011 1766 2041; x_wconf 85' lang='lat' dir='ltr'>de</span> <span class='ocrx_word' id='word_1_561' title='bbox 1776 2010 1930 2049; x_wconf 78' lang='lat' dir='ltr'>Neapoli.</span> <span class='ocrx_word' id='word_1_562' title='bbox 1942 2010 2050 2048; x_wconf 75' lang='lat' dir='ltr'>ipsius</span> <span class='ocrx_word' id='word_1_563' title='bbox 2061 2011 2188 2040; x_wconf 80' lang='lat' dir='ltr'>domini</span> <span class='ocrx_word' id='word_1_564' title='bbox 2201 2010 2276 2040; x_wconf 83' lang='lat' dir='ltr'>sub-</span> 
     </span>
     <span class='ocr_line' id='line_1_84' title="bbox 1263 2063 2277 2103; baseline -0.001 -8"><span class='ocrx_word' id='word_1_565' title='bbox 1263 2066 1404 2096; x_wconf 87' lang='lat' dir='ltr'>diacono</span> <span class='ocrx_word' id='word_1_566' title='bbox 1426 2068 1457 2095; x_wconf 83' lang='lat' dir='ltr'>et</span> <span class='ocrx_word' id='word_1_567' title='bbox 1478 2065 1688 2103; x_wconf 74' lang='lat' dir='ltr'>cappellano.</span> <span class='ocrx_word' id='word_1_568' title='bbox 1709 2072 1847 2094; x_wconf 79' lang='lat' dir='ltr'>causam</span> <span class='ocrx_word' id='word_1_569' title='bbox 1872 2063 2043 2093; x_wconf 69' lang='lat' dir='ltr'>commisit</span> <span class='ocrx_word' id='word_1_570' title='bbox 2071 2063 2222 2097; x_wconf 82' lang='lat' dir='ltr'>eandem,</span> <span class='ocrx_word' id='word_1_571' title='bbox 2246 2065 2277 2094; x_wconf 80' lang='lat' dir='ltr'>et</span> 
     </span>
     <span class='ocr_line' id='line_1_85' title="bbox 1263 2116 2278 2155; baseline -0.002 -7"><span class='ocrx_word' id='word_1_572' title='bbox 1263 2119 1342 2149; x_wconf 84' lang='lat' dir='ltr'>lieet</span> <span class='ocrx_word' id='word_1_573' title='bbox 1359 2118 1469 2148; x_wconf 79' lang='lat' dir='ltr'>dictus</span> <span class='ocrx_word' id='word_1_574' title='bbox 1486 2117 1639 2147; x_wconf 79' lang='lat' dir='ltr'>Matlieus</span> <span class='ocrx_word' id='word_1_575' title='bbox 1654 2125 1713 2155; x_wconf 88' lang='lat' dir='ltr'>pro</span> <span class='ocrx_word' id='word_1_576' title='bbox 1729 2125 1764 2147; x_wconf 84' lang='lat' dir='ltr'>se</span> <span class='ocrx_word' id='word_1_577' title='bbox 1781 2120 1812 2146; x_wconf 89' lang='lat' dir='ltr'>et</span> <span class='ocrx_word' id='word_1_578' title='bbox 1828 2116 1999 2146; x_wconf 77' lang='lat' dir='ltr'>Joliannes</span> <span class='ocrx_word' id='word_1_579' title='bbox 2012 2116 2052 2146; x_wconf 85' lang='lat' dir='ltr'>de</span> <span class='ocrx_word' id='word_1_580' title='bbox 2071 2116 2188 2151; x_wconf 57' lang='lat' dir='ltr'>Pollio,</span> <span class='ocrx_word' id='word_1_581' title='bbox 2203 2124 2278 2154; x_wconf 89' lang='lat' dir='ltr'>pro-</span> 
     </span>
     <span class='ocr_line' id='line_1_86' title="bbox 1263 2169 2277 2209; baseline -0.001 -8"><span class='ocrx_word' id='word_1_582' title='bbox 1263 2174 1397 2202; x_wconf 84' lang='lat' dir='ltr'>curator</span> <span class='ocrx_word' id='word_1_583' title='bbox 1414 2171 1494 2201; x_wconf 87' lang='lat' dir='ltr'>dicti</span> <span class='ocrx_word' id='word_1_584' title='bbox 1512 2170 1701 2209; x_wconf 68' lang='lat' dir='ltr'>presbyteri</span> <span class='ocrx_word' id='word_1_585' title='bbox 1721 2170 1803 2203; x_wconf 78' lang='lat' dir='ltr'>Noe,</span> <span class='ocrx_word' id='word_1_586' title='bbox 1823 2178 1882 2208; x_wconf 87' lang='lat' dir='ltr'>pro</span> <span class='ocrx_word' id='word_1_587' title='bbox 1904 2170 1979 2208; x_wconf 85' lang='lat' dir='ltr'>ipso</span> <span class='ocrx_word' id='word_1_588' title='bbox 2000 2170 2071 2199; x_wconf 76' lang='lat' dir='ltr'>Noe</span> <span class='ocrx_word' id='word_1_589' title='bbox 2094 2169 2277 2208; x_wconf 79' lang='lat' dir='ltr'>aliquando</span> 
     </span>
     <span class='ocr_line' id='line_1_87' title="bbox 1263 2223 2278 2263; baseline -0.002 -9"><span class='ocrx_word' id='word_1_590' title='bbox 1263 2225 1452 2263; x_wconf 76' lang='lat' dir='ltr'>comparuit</span> <span class='ocrx_word' id='word_1_591' title='bbox 1465 2226 1496 2254; x_wconf 85' lang='lat' dir='ltr'>et</span> <span class='ocrx_word' id='word_1_592' title='bbox 1510 2224 1675 2262; x_wconf 70' lang='lat' dir='ltr'>processit</span> <span class='ocrx_word' id='word_1_593' title='bbox 1690 2232 1800 2253; x_wconf 78' lang='lat' dir='ltr'>coram</span> <span class='ocrx_word' id='word_1_594' title='bbox 1815 2223 1923 2253; x_wconf 83' lang='lat' dir='ltr'>nobis.</span> <span class='ocrx_word' id='word_1_595' title='bbox 1936 2225 2151 2261; x_wconf 78' lang='lat' dir='ltr'>procuratore</span> <span class='ocrx_word' id='word_1_596' title='bbox 2164 2225 2278 2252; x_wconf 82' lang='lat' dir='ltr'>tamen</span> 
     </span>
     <span class='ocr_line' id='line_1_88' title="bbox 1263 2276 2278 2316; baseline -0.003 -9"><span class='ocrx_word' id='word_1_597' title='bbox 1263 2277 1413 2316; x_wconf 81' lang='lat' dir='ltr'>predicto</span> <span class='ocrx_word' id='word_1_598' title='bbox 1429 2278 1468 2307; x_wconf 83' lang='lat' dir='ltr'>de</span> <span class='ocrx_word' id='word_1_599' title='bbox 1483 2277 1576 2307; x_wconf 79' lang='lat' dir='ltr'>curia</span> <span class='ocrx_word' id='word_1_600' title='bbox 1592 2286 1627 2307; x_wconf 83' lang='lat' dir='ltr'>se</span> <span class='ocrx_word' id='word_1_601' title='bbox 1645 2277 1859 2315; x_wconf 85' lang='lat' dir='ltr'>postmodnm</span> <span class='ocrx_word' id='word_1_602' title='bbox 1874 2276 2082 2309; x_wconf 78' lang='lat' dir='ltr'>absentante.</span> <span class='ocrx_word' id='word_1_603' title='bbox 2095 2276 2133 2305; x_wconf 88' lang='lat' dir='ltr'>ad</span> <span class='ocrx_word' id='word_1_604' title='bbox 2148 2276 2278 2305; x_wconf 88' lang='lat' dir='ltr'>instan-</span> 
     </span>
     <span class='ocr_line' id='line_1_89' title="bbox 1263 2328 2276 2367; baseline -0.002 -7"><span class='ocrx_word' id='word_1_605' title='bbox 1263 2330 1345 2360; x_wconf 87' lang='lat' dir='ltr'>tiam</span> <span class='ocrx_word' id='word_1_606' title='bbox 1369 2330 1448 2359; x_wconf 83' lang='lat' dir='ltr'>dicti</span> <span class='ocrx_word' id='word_1_607' title='bbox 1479 2329 1601 2360; x_wconf 86' lang='lat' dir='ltr'>Matbei</span> <span class='ocrx_word' id='word_1_608' title='bbox 1631 2329 1758 2359; x_wconf 86' lang='lat' dir='ltr'>dictum</span> <span class='ocrx_word' id='word_1_609' title='bbox 1790 2328 2028 2367; x_wconf 53' lang='lat' dir='ltr'>presbffterum</span> <span class='ocrx_word' id='word_1_610' title='bbox 2050 2329 2122 2358; x_wconf 79' lang='lat' dir='ltr'>Noe</span> <span class='ocrx_word' id='word_1_611' title='bbox 2145 2331 2176 2358; x_wconf 80' lang='lat' dir='ltr'>et</span> <span class='ocrx_word' id='word_1_612' title='bbox 2203 2328 2276 2367; x_wconf 80' lang='lat' dir='ltr'>ejus</span> 
     </span>
     <span class='ocr_line' id='line_1_90' title="bbox 1263 2382 2276 2422; baseline -0.002 -9"><span class='ocrx_word' id='word_1_613' title='bbox 1263 2385 1529 2422; x_wconf 80' lang='lat' dir='ltr'>procuratorem,</span> <span class='ocrx_word' id='word_1_614' title='bbox 1539 2382 1567 2412; x_wconf 77' lang='lat' dir='ltr'>si</span> <span class='ocrx_word' id='word_1_615' title='bbox 1579 2383 1656 2421; x_wconf 85' lang='lat' dir='ltr'>quis</span> <span class='ocrx_word' id='word_1_616' title='bbox 1669 2384 1757 2411; x_wconf 82' lang='lat' dir='ltr'>esset</span> <span class='ocrx_word' id='word_1_617' title='bbox 1771 2390 1831 2420; x_wconf 83' lang='lat' dir='ltr'>pro</span> <span class='ocrx_word' id='word_1_618' title='bbox 1845 2382 1929 2420; x_wconf 80' lang='lat' dir='ltr'>ipso,</span> <span class='ocrx_word' id='word_1_619' title='bbox 1942 2382 2071 2420; x_wconf 84' lang='lat' dir='ltr'>pluries</span> <span class='ocrx_word' id='word_1_620' title='bbox 2081 2384 2111 2411; x_wconf 83' lang='lat' dir='ltr'>et</span> <span class='ocrx_word' id='word_1_621' title='bbox 2123 2389 2276 2420; x_wconf 86' lang='lat' dir='ltr'>peremp—</span> 
     </span>
     <span class='ocr_line' id='line_1_91' title="bbox 1263 2434 2275 2474; baseline -0.003 -7"><span class='ocrx_word' id='word_1_622' title='bbox 1263 2437 1348 2467; x_wconf 85' lang='lat' dir='ltr'>torie</span> <span class='ocrx_word' id='word_1_623' title='bbox 1363 2437 1396 2466; x_wconf 90' lang='lat' dir='ltr'>in</span> <span class='ocrx_word' id='word_1_624' title='bbox 1414 2436 1585 2466; x_wconf 76' lang='lat' dir='ltr'>aiulientia</span> <span class='ocrx_word' id='word_1_625' title='bbox 1602 2435 1738 2474; x_wconf 85' lang='lat' dir='ltr'>publica</span> <span class='ocrx_word' id='word_1_626' title='bbox 1753 2435 1849 2465; x_wconf 72' lang='lat' dir='ltr'>citari</span> <span class='ocrx_word' id='word_1_627' title='bbox 1868 2435 2022 2469; x_wconf 74' lang='lat' dir='ltr'>fecimus,</span> <span class='ocrx_word' id='word_1_628' title='bbox 2036 2437 2071 2464; x_wconf 89' lang='lat' dir='ltr'>ut</span> <span class='ocrx_word' id='word_1_629' title='bbox 2089 2438 2139 2464; x_wconf 85' lang='lat' dir='ltr'>est</span> <span class='ocrx_word' id='word_1_630' title='bbox 2157 2434 2275 2469; x_wconf 88' lang='lat' dir='ltr'>moris,</span> 
     </span>
     <span class='ocr_line' id='line_1_92' title="bbox 1263 2487 2277 2528; baseline -0.003 -8"><span class='ocrx_word' id='word_1_631' title='bbox 1263 2498 1324 2528; x_wconf 92' lang='lat' dir='ltr'>pro</span> <span class='ocrx_word' id='word_1_632' title='bbox 1355 2498 1420 2528; x_wconf 88' lang='lat' dir='ltr'>quo</span> <span class='ocrx_word' id='word_1_633' title='bbox 1448 2489 1563 2519; x_wconf 84' lang='lat' dir='ltr'>nullus</span> <span class='ocrx_word' id='word_1_634' title='bbox 1583 2488 1772 2527; x_wconf 70' lang='lat' dir='ltr'>comparuit</span> <span class='ocrx_word' id='word_1_635' title='bbox 1796 2487 1854 2526; x_wconf 79' lang='lat' dir='ltr'>qui</span> <span class='ocrx_word' id='word_1_636' title='bbox 1872 2487 1970 2518; x_wconf 83' lang='lat' dir='ltr'>vellet</span> <span class='ocrx_word' id='word_1_637' title='bbox 1998 2488 2178 2518; x_wconf 74' lang='lat' dir='ltr'>defendere</span> <span class='ocrx_word' id='word_1_638' title='bbox 2195 2487 2277 2526; x_wconf 84' lang='lat' dir='ltr'>legi-</span> 
     </span>
     <span class='ocr_line' id='line_1_93' title="bbox 1263 2540 2276 2580; baseline -0.003 -7"><span class='ocrx_word' id='word_1_639' title='bbox 1263 2543 1345 2573; x_wconf 89' lang='lat' dir='ltr'>time</span> <span class='ocrx_word' id='word_1_640' title='bbox 1368 2551 1503 2572; x_wconf 80' lang='lat' dir='ltr'>causam</span> <span class='ocrx_word' id='word_1_641' title='bbox 1523 2542 1643 2580; x_wconf 82' lang='lat' dir='ltr'>ipsam.</span> <span class='ocrx_word' id='word_1_642' title='bbox 1662 2542 1799 2579; x_wconf 77' lang='lat' dir='ltr'>Nosque</span> <span class='ocrx_word' id='word_1_643' title='bbox 1820 2549 2015 2579; x_wconf 78' lang='lat' dir='ltr'>processum</span> <span class='ocrx_word' id='word_1_644' title='bbox 2033 2541 2133 2580; x_wconf 87' lang='lat' dir='ltr'>primi</span> <span class='ocrx_word' id='word_1_645' title='bbox 2149 2540 2276 2579; x_wconf 85' lang='lat' dir='ltr'>judicis</span> 
     </span>
     <span class='ocr_line' id='line_1_94' title="bbox 1264 2594 2276 2634; baseline -0.003 -8"><span class='ocrx_word' id='word_1_646' title='bbox 1264 2597 1296 2626; x_wconf 87' lang='lat' dir='ltr'>et</span> <span class='ocrx_word' id='word_1_647' title='bbox 1314 2595 1390 2634; x_wconf 88' lang='lat' dir='ltr'>jura</span> <span class='ocrx_word' id='word_1_648' title='bbox 1413 2595 1518 2634; x_wconf 79' lang='lat' dir='ltr'>partis</span> <span class='ocrx_word' id='word_1_649' title='bbox 1541 2594 1709 2633; x_wconf 80' lang='lat' dir='ltr'>presentis</span> <span class='ocrx_word' id='word_1_650' title='bbox 1733 2594 2004 2623; x_wconf 69' lang='lat' dir='ltr'>examinavimus</span> <span class='ocrx_word' id='word_1_651' title='bbox 2027 2594 2219 2632; x_wconf 71' lang='lat' dir='ltr'>diligenter,</span> <span class='ocrx_word' id='word_1_652' title='bbox 2238 2601 2276 2623; x_wconf 82' lang='lat' dir='ltr'>ac</span> 
     </span>
     <span class='ocr_line' id='line_1_95' title="bbox 1263 2645 2275 2679; baseline -0.003 0"><span class='ocrx_word' id='word_1_653' title='bbox 1263 2649 1399 2679; x_wconf 89' lang='lat' dir='ltr'>demum</span> <span class='ocrx_word' id='word_1_654' title='bbox 1418 2649 1596 2678; x_wconf 81' lang='lat' dir='ltr'>citationes</span> <span class='ocrx_word' id='word_1_655' title='bbox 1618 2647 1759 2677; x_wconf 77' lang='lat' dir='ltr'>fecimus</span> <span class='ocrx_word' id='word_1_656' title='bbox 1776 2647 1817 2677; x_wconf 87' lang='lat' dir='ltr'>ad</span> <span class='ocrx_word' id='word_1_657' title='bbox 1836 2647 2038 2677; x_wconf 79' lang='lat' dir='ltr'>sententiam</span> <span class='ocrx_word' id='word_1_658' title='bbox 2058 2645 2275 2676; x_wconf 82' lang='lat' dir='ltr'>audiendam.</span> 
     </span>
     <span class='ocr_line' id='line_1_96' title="bbox 1265 2700 2275 2740; baseline -0.003 -8"><span class='ocrx_word' id='word_1_659' title='bbox 1265 2702 1371 2735; x_wconf 82' lang='lat' dir='ltr'>Unde,</span> <span class='ocrx_word' id='word_1_660' title='bbox 1386 2701 1471 2731; x_wconf 87' lang='lat' dir='ltr'>visis</span> <span class='ocrx_word' id='word_1_661' title='bbox 1490 2704 1519 2731; x_wconf 85' lang='lat' dir='ltr'>et</span> <span class='ocrx_word' id='word_1_662' title='bbox 1539 2701 1637 2740; x_wconf 85' lang='lat' dir='ltr'>plene</span> <span class='ocrx_word' id='word_1_663' title='bbox 1654 2700 1822 2730; x_wconf 75' lang='lat' dir='ltr'>discussis</span> <span class='ocrx_word' id='word_1_664' title='bbox 1839 2700 1986 2738; x_wconf 78' lang='lat' dir='ltr'>predicte</span> <span class='ocrx_word' id='word_1_665' title='bbox 2007 2708 2107 2730; x_wconf 81' lang='lat' dir='ltr'>cause</span> <span class='ocrx_word' id='word_1_666' title='bbox 2127 2700 2275 2735; x_wconf 84' lang='lat' dir='ltr'>meritis,</span> 
     </span>
     <span class='ocr_line' id='line_1_97' title="bbox 1264 2752 2274 2794; baseline -0.003 -9"><span class='ocrx_word' id='word_1_667' title='bbox 1264 2764 1339 2785; x_wconf 86' lang='lat' dir='ltr'>eum</span> <span class='ocrx_word' id='word_1_668' title='bbox 1351 2755 1561 2794; x_wconf 79' lang='lat' dir='ltr'>jurisperitis</span> <span class='ocrx_word' id='word_1_669' title='bbox 1576 2763 1614 2784; x_wconf 80' lang='lat' dir='ltr'>ae</span> <span class='ocrx_word' id='word_1_670' title='bbox 1633 2753 1730 2784; x_wconf 82' lang='lat' dir='ltr'>nobis</span> <span class='ocrx_word' id='word_1_671' title='bbox 1747 2753 1991 2783; x_wconf 74' lang='lat' dir='ltr'>deliberatione</span> <span class='ocrx_word' id='word_1_672' title='bbox 2005 2752 2178 2791; x_wconf 82' lang='lat' dir='ltr'>preliabita</span> <span class='ocrx_word' id='word_1_673' title='bbox 2199 2752 2274 2782; x_wconf 82' lang='lat' dir='ltr'>dili-</span> 
     </span>
     <span class='ocr_line' id='line_1_98' title="bbox 1264 2805 2275 2847; baseline -0.002 -9"><span class='ocrx_word' id='word_1_674' title='bbox 1264 2809 1365 2847; x_wconf 78' lang='lat' dir='ltr'>genti,</span> <span class='ocrx_word' id='word_1_675' title='bbox 1380 2808 1468 2838; x_wconf 86' lang='lat' dir='ltr'>dicto</span> <span class='ocrx_word' id='word_1_676' title='bbox 1486 2807 1617 2838; x_wconf 84' lang='lat' dir='ltr'>Matheo</span> <span class='ocrx_word' id='word_1_677' title='bbox 1635 2809 1803 2845; x_wconf 80' lang='lat' dir='ltr'>presente,</span> <span class='ocrx_word' id='word_1_678' title='bbox 1819 2806 2009 2845; x_wconf 63' lang='lat' dir='ltr'>presbyteri</span> <span class='ocrx_word' id='word_1_679' title='bbox 2029 2806 2099 2836; x_wconf 77' lang='lat' dir='ltr'>Noe</span> <span class='ocrx_word' id='word_1_680' title='bbox 2120 2805 2275 2836; x_wconf 78' lang='lat' dir='ltr'>absentia</span> 
     </span>
    </p>
   </div>
   <div class='ocr_carea' id='block_1_14' title="bbox 1234 2859 2274 2904">
    <p class='ocr_par' dir='ltr' id='par_1_17' title="bbox 1234 2859 2274 2904">
     <span class='ocr_line' id='line_1_99' title="bbox 1234 2859 2274 2904; baseline -0.005 -12"><span class='ocrx_word' id='word_1_681' title='bbox 1234 2889 1235 2904; x_wconf 28' lang='grc' dir='ltr'><strong>ἶ</strong></span> <span class='ocrx_word' id='word_1_682' title='bbox 1264 2862 1326 2892; x_wconf 83' lang='lat' dir='ltr'>Dei</span> <span class='ocrx_word' id='word_1_683' title='bbox 1343 2861 1471 2900; x_wconf 82' lang='lat' dir='ltr'>repleta</span> <span class='ocrx_word' id='word_1_684' title='bbox 1484 2861 1664 2899; x_wconf 81' lang='lat' dir='ltr'>presentia.</span> <span class='ocrx_word' id='word_1_685' title='bbox 1679 2859 1927 2890; x_wconf 82' lang='lat' dir='ltr'>sententialiter</span> <span class='ocrx_word' id='word_1_686' title='bbox 1944 2859 2203 2897; x_wconf 84' lang='lat' dir='ltr'>pronuntiamus</span> <span class='ocrx_word' id='word_1_687' title='bbox 2214 2866 2274 2897; x_wconf 84' lang='lat' dir='ltr'>per</span> 
     </span>
    </p>
   </div>
   <div class='ocr_carea' id='block_1_15' title="bbox 1265 2911 2274 2954">
    <p class='ocr_par' dir='ltr' id='par_1_18' title="bbox 1265 2911 2274 2954">
     <span class='ocr_line' id='line_1_100' title="bbox 1265 2911 2274 2954; baseline -0.005 -9"><span class='ocrx_word' id='word_1_688' title='bbox 1265 2915 1412 2954; x_wconf 85' lang='lat' dir='ltr'>priorem</span> <span class='ocrx_word' id='word_1_689' title='bbox 1432 2914 1619 2952; x_wconf 80' lang='lat' dir='ltr'>predictum</span> <span class='ocrx_word' id='word_1_690' title='bbox 1638 2916 1721 2943; x_wconf 79' lang='lat' dir='ltr'>bene</span> <span class='ocrx_word' id='word_1_691' title='bbox 1736 2912 1924 2950; x_wconf 81' lang='lat' dir='ltr'>judicatum</span> <span class='ocrx_word' id='word_1_692' title='bbox 1943 2915 1972 2942; x_wconf 82' lang='lat' dir='ltr'>et</span> <span class='ocrx_word' id='word_1_693' title='bbox 1993 2911 2033 2941; x_wconf 85' lang='lat' dir='ltr'>ab</span> <span class='ocrx_word' id='word_1_694' title='bbox 2057 2920 2095 2941; x_wconf 82' lang='lat' dir='ltr'>co</span> <span class='ocrx_word' id='word_1_695' title='bbox 2114 2911 2202 2941; x_wconf 81' lang='lat' dir='ltr'>male</span> <span class='ocrx_word' id='word_1_696' title='bbox 2220 2919 2274 2950; x_wconf 81' lang='lat' dir='ltr'>ap-</span> 
     </span>
    </p>
   </div>
  </div>
 </body>
</html>
