2519 3262
1037 198 1276 235 ‘morsis-:ME
1305 197 1468 234 ANNEE.

212 289 312 319 clesie
352 289 490 328 poteris,
526 289 674 319 favorem
716 289 958 319 nichilominus
992 288 1223 326 impensurus
1250 309 1252 327 s

212 342 335 372 Datum
353 342 441 380 apud
462 341 751 376 Urbemveterem,
772 351 794 371 x
810 341 972 371 kalendas
993 340 1118 375 martii,
1137 347 1223 369 anno

213 395 324 425 tertio.
348 405 360 423 i>

2235 208 2286 235 187

1320 297 1334 316 (‹
1365 286 1509 316 Miclzaeli
1534 288 1570 317 dc
1597 288 1724 328 Fyenes,
1751 291 1893 319 canonico
1922 291 2096 321 Mol-iriensi.
2127 292 2287 324 Volentes

1278 340 1516 378 indempnitati
1541 342 1762 372 ecclesiarum
1784 345 1877 382 regni
1902 345 2034 383 Anglie,
2055 348 2151 384 prout
2175 355 2215 376 ex
2241 347 2287 377 in-

1274 392 1387 430 juncto
1415 393 1513 423 nobis
1532 395 1743 432 apostolatus
1772 398 1926 426 tenemur
1950 398 2073 433 oflicio,
2093 408 2285 437 precavere,

1249 475 1250 492 χ
1277 454 1393 475 omnes
1410 447 1921 486 venditiones,permutationesy
1937 450 2168 485 alienz‘itifflics,
2182 452 2286 482 inteu-

757 568 883 601 ()rvieto‚
901 568 932 594 21
954 568 1057 594 {cvricr
1076 567 1151 594 1202.

307 572 401 602 1359

251 654 381 681 Michaeli
403 655 436 680 de
453 654 572 688 Fyenes,
590 652 728 680 canonico
745 651 910 682 Morfflcnsi,
935 652 1051 677 mandat
1070 653 1099 676 ut
1117 653 1223 677 statuta

214 703 242 729 in
258 703 463 738 praejudicium
479 701 684 736 archicpiscopi
708 700 922 727 Cantuaricnsis
948 700 1036 729 edita,
1055 700 1136 726 irrita
1155 708 1224 725 nun-

213 751 262 778 tiet
281 754 307 778 ct
322 752 456 777 adversus
472 759 519 777 eos
529 751 575 784 qui
586 758 617 776 ea
633 750 758 779 edidere,
769 750 921 783 procedere
934 751 1075 783 procuret.
1092 749 1167 782 (111511.
1179 749 1223 778 ’,0,

216 800 263 827 fol.
285 801 346 833 120,
367 805 399 826 n⁰
419 800 493 834 409.)

253 919 270 940 ((
290 908 431 938 Jliclzaeli'
454 908 490 938 cle
512 908 641 948 chnes,
665 909 811 938 canonico
830 908 1008 938 Morinensi.
1027 909 1078 938 Ad
1102 909 1225 938 tuenda

214 964 274 993 etc.
291 980 340 991 —.
360 963 485 992 Datum
502 962 591 1001 apud
610 962 898 998 Urbemveterem,
919 971 940 992 x
960 962 1123 992 kalendas
1140 971 1225 992 mar-

211 1016 263 1050 tii,
281 1024 367 1046 anno
383 1016 494 1046 tertio.
518 1026 532 1044 1)

1277 498 1438 534 dationes,
1468 499 1711 536 institutiones,
1730 502 1908 532 universos
1934 512 2066 542 quoque
2096 507 2286 534 contractus

1277 551 1389 581 minus
1406 552 1497 582 licite
1517 553 1634 590 factos,
1657 556 1686 584 ct
1703 555 1866 593 quidquid
1885 556 1923 585 de
1944 556 2096 586 ecclesiis
2116 559 2147 587 et
2166 557 2287 587 benefi-

1276 604 1338 634 ciis
1367 605 1609 636 ecclesiasticis
1641 607 1749 645 ipsius
1781 609 1874 647 regni
1909 618 2093 647 eorumque
2126 610 2223 639 bonis
2256 613 2287 640 et

1273 657 1407 696 juribus
1434 667 1492 697 per
1516 661 1645 689 actores
1671 662 1702 690 et
1733 662 1879 691 lautores
1897 662 2101 692 turbationis
2131 671 2194 701 que
2221 664 2287 693 liiis

1276 711 1486 749 temporibus
1514 713 1546 742 in
1576 713 1663 743 dicto
1693 722 1793 752 regno
1818 715 1960 745 invaluit
1981 715 2033 745 vel
2054 724 2170 745 eorum
2195 725 2285 745 nian-

1249 805 1250 811 Ὶ
1276 764 1353 794 dato
1381 773 1440 794 seu
1469 766 1679 801 auctoritate,
1697 767 1926 806 cujuscunque
1948 768 2135 806 dignitatis,
2155 769 2285 798 ordinis

1277 817 1329 847 vel
1349 818 1553 848 conditionis
1570 819 1728 853 existant,
1751 820 1782 850 in
1800 821 2024 859 prejudicium
2046 821 2217 852 libertatis
2235 831 2282 852 eo-

1277 871 1477 905 clesiastice,
1493 871 1562 902 fore
1575 872 1762 902 dinoscitur
1773 875 2022 912 attemptatum,
2036 874 2163 903 nullius
2175 875 2286 904 decer-

1250 945 1251 954 ,
1278 924 1390 954 nimus
1417 925 1565 954 existere
1584 925 1766 961 firmitatis,
1789 927 1985 956 discretioni
2005 928 2060 956 tue
2079 936 2137 965 per
2157 929 2287 965 aposto-

1250 1011 1251 1022 }
1278 977 1340 1007 lica
1357 978 1482 1016 scripta
1501 979 1699 1008 mandantes
1722 981 1887 1018 quatenus
1905 979 2098 1018 hujusmodi
2117 980 2287 1010 decretum

1250 1035 1251 1050 ³
1278 1032 1443 1067 nostrum,
1461 1030 1517 1060 ubi
1548 1033 1579 1062 et
1603 1032 1735 1071 quando
1761 1032 1920 1070 expedire
1943 1033 2080 1068 videris,
2106 1041 2164 1071 per
2185 1034 2216 1062 te
2234 1033 2287 1063 vel

1251 1095 1252 1113 ς
1278 1093 1336 1123 per
1354 1084 1439 1114 alios
1455 1084 1628 1123 publicare
1640 1093 1810 1123 procures.
1829 1086 1953 1115 Datum
1971 1085 2058 1123 apud
2072 1085 2288 1116 Urbemvete-

305 1188 321 1218 l
328 1187 401 1218 360

760 1186 884 1220 Orvicto,
905 1187 934 1213 19
955 1186 1058 1213 sevrier
1074 1187 1151 1214 1204.
1251 1189 1253 1203 ¹

248 1269 470 1305 Archiepiscopo
490 1270 690 1297 Cantuaricnsi
713 1271 841 1306 indulget
859 1273 890 1298 ut
911 1272 1011 1298 eodem
1028 1272 1112 1298 modo
1127 1272 1226 1298 adver-

215 1327 262 1345 sus
279 1319 462 1354 AnglicanOS,
477 1327 526 1346 sue
543 1319 632 1354 ipsius
654 1320 863 1355 jurisdictionis
884 1321 1056 1352 turbatores,
1074 1322 1225 1355 procedere
1251 1329 1252 1359 i

213 1368 320 1400 valeat,
337 1368 487 1395 residendo
504 1368 533 1394 in
548 1369 679 1402 Francia,
696 1377 728 1395 ac
747 1369 769 1395 si
786 1369 815 1396 in
827 1370 1026 1396 Cantuariensi
1042 1370 1148 1396 diocesi
1166 1378 1225 1395 mo-
1251 1391 1252 1412 t

215 1425 278 1442 ram
295 1416 411 1443 faceret.
430 1417 510 1452 (Reor
525 1418 569 1449 29,
586 1417 633 1443 fol.
650 1418 709 1449 120,
730 1422 761 1444 n⁰
777 1418 853 1451 410.)

255 1529 518 1569 «At-clziepiscopo
529 1528 928 1560 Cantuariensi.Nolentes
938 1538 1098 1560 excessus
1109 1539 1225 1560 eorum

215 1582 272 1621 qui
291 1591 325 1612 se
351 1582 505 1612 ecclesiis
528 1584 559 1612 et
582 1582 683 1613 rebus
711 1592 748 1612 ac
768 1582 903 1621 juribus
931 1583 1170 1613 ecclesiasticis
1192 1584 1225 1613 in

213 1637 271 1666 tua
280 1636 428 1670 civitate,
442 1635 567 1666 diocesi
581 1644 616 1665 ac
628 1636 802 1674 provincia
817 1635 882 1665 hiis
896 1636 1105 1674 temporibus
1124 1637 1225 1667 intro·
1251 1649 1252 1655 ¹

214 1689 359 1724 mittere,
371 1690 484 1719 contra
497 1698 670 1719 sacrorum
683 1690 808 1718 statuta
823 1698 998 1725 canonum,
1012 1697 1224 1728 presumpse-
1251 1715 1252 1726 ἶ

215 1744 303 1778 runt,
321 1742 383 1772 sub
398 1742 683 1772 dissimulationis
696 1742 909 1772 conniventia
925 1743 1138 1780 pertransiri,
1154 1751 1223 1780 pre-

215 1795 363 1825 sentium
395 1794 457 1825 tibi
482 1795 680 1825 auctoritate
710 1795 926 1824 concedimus
950 1798 998 1830 ut,
1020 1795 1171 1825 existens
1192 1795 1225 1824 in

215 1856 319 1886 regno
339 1847 492 1884 Francie,
518 1849 633 1878 contra
651 1856 767 1877 omnes
790 1847 868 1877 illos
892 1847 1050 1883 civitatis,
1079 1848 1225 1878 diocesis
1250 1863 1252 1880 ;

215 1901 247 1930 et
265 1901 438 1939 provincie
457 1900 694 1939 predictarum,
718 1900 789 1930 sive
811 1900 924 1930 clerici
949 1901 1019 1930 sive
1046 1901 1124 1930 laici
1144 1901 1223 1935 sint,

215 1954 272 1992 qui
290 1955 439 1992 tempore
453 1955 569 1983 exorte
586 1953 790 1983 turbationis
806 1962 869 1992 que
889 1953 949 1983 hoc
965 1956 1115 1992 tempore
1130 1963 1224 1992 gene-

215 2007 332 2037 raliter
364 2007 398 2036 in
430 2015 531 2046 regno
560 2007 681 2046 Anglie
713 2007 929 2036 imminuisse
961 2007 1160 2043 dinoscitur,
1194 2009 1225 2037 et
1250 2016 1252 2040 ξ

214 2060 316 2090 etiam
335 2064 421 2099 post,
441 2060 662 2090 investituras
678 2060 897 2090 ecclesiarum
917 2060 956 2090 de
975 2060 1138 2090 laicorum
1158 2069 1224 2090 ma-
1251 2080 1252 2092 1

214 2112 316 2143 nibus
332 2115 542 2151 receperunt,
569 2113 694 2152 quique
711 2122 770 2151 per
788 2113 943 2143 laicalem
962 2114 1147 2151 potentiam
1172 2114 1224 2143 vel
1251 2123 1252 2128 ¹

214 2166 406 2196 temeritate
422 2166 559 2205 propria
576 2167 647 2196 sive
663 2166 748 2196 alias
766 2167 868 2196 etiam
884 2175 919 2196 se
936 2167 970 2196 in
988 2167 1152 2203 ecclesiis,
1169 2167 1221 2196 be-

214 2220 357 2253 neficiis,
371 2219 609 2258 personatibus
625 2228 684 2249 seu
695 2219 916 2258 dignitatibus
933 2220 1127 2250 eorumdem
1147 2220 1225 2250 civi·
1251 2242 1252 2250 i

213 2273 294 2303 tatis
307 2273 452 2303 diocesis
468 2282 504 2303 ac
519 2273 691 2311 provincie
708 2281 773 2303 non
788 2273 986 2303 vacantibus
999 2273 1222 2309 intrudentes,

215 2335 253 2356 ea
280 2326 498 2356 detinuerunt
525 2326 576 2356 vel
604 2326 755 2356 detinent
777 2326 891 2356 taliter
909 2328 1081 2365 occupata,
1108 2336 1167 2365 per
1193 2329 1225 2357 te

214 2379 268 2410 vel
291 2388 349 2417 per
368 2379 473 2409 alium
494 2380 550 2409 aut
567 2379 652 2409 alios
671 2379 863 2417 procedere,
876 2379 974 2416 juxta
988 2380 1090 2410 officii
1109 2380 1224 2410 tuide-

214 2432 335 2466 bitum,
349 2432 474 2468 valeas,
493 2441 529 2461 ac
547 2432 576 2461 si
596 2432 684 2470 apud
707 2433 799 2461 tuam
825 2432 1004 2462 ecclesiam
1027 2433 1223 2463 morareris.

214 2486 290 2516 Non
311 2485 464 2515 obstante
483 2503 531 2514 —.
549 2485 673 2514 Datum
691 2485 780 2523 apud
796 2484 1086 2521 Urbemveterem,
1103 2495 1149 2516 xri
1168 2487 1224 2516 ka-

216 2539 334 2569 lendas
352 2537 477 2574 martii,
498 2546 583 2568 anno
602 2538 713 2568 tertio.
734 2547 750 2567 »

308 2710 399 2740 1361
762 2707 887 2741 Orvieto,
904 2707 936 2734 16
952 2707 1056 2735 fevi-ier
1077 2709 1153 2736 1264.

252 2791 353 2818 Omnia
364 2793 457 2818 cassat
473 2794 499 2818 ct
518 2791 609 2817 irritat
624 2789 732 2825 quaein
747 2798 835 2825 regno
846 2790 964 2825 Angliae
979 2791 1007 2818 in
1020 2792 1227 2827 praejudicium

218 2841 360 2867 libertatis
390 2839 603 2867 ecclesiasticae
625 2841 797 2874 attemptata
824 2842 900 2866 sunt.
926 2840 1004 2874 (Rae.
1024 2841 1068 2872 29,
1095 2841 1146 2869 fol.
1166 2843 1227 2874 120,

218 2895 250 2916 n⁰
267 2889 340 2921 411.)

1279 1147 1360 1173 rem,
1378 1147 1421 1168 xv
1441 1138 1603 1168 kalendas
1621 1139 1746 1175 martii,
1765 1148 1851 1170 anno
1868 1139 1979 1170 tertio.
2003 1150 2016 1165 υ

1371 1327 1465 1358 1362

1824 1330 1950 1364 OrvIcto,
1968 1331 1997 1357 ’21
2017 1330 2120 1357 ferricr
2138 1331 2214 1359 1204.

1314 1409 1499 1445 I'ririlegium
1511 1411 1544 1437 de
1559 1420 1614 1438 non
1625 1412 1818 1440 conveniendo
1833 1413 1907 1441 infra
1920 1423 2040 1449 regnum
2055 1416 2174 1450 AngIIae
2190 1425 2287 1443 coram

1277 1457 1372 1492 aliquo
1388 1459 1482 1494 judice
1503 1459 1648 1487 ordinario
1671 1461 1713 1487 vel
1735 1462 1811 1488 sedis
1836 1463 2009 1497 apostolicae
2028 1464 2158 1499 delegato
2177 1465 2219 1495 P.‚
2237 1465 2287 1491 Ile·

1278 1506 1435 1533 refordensi
1452 1508 1596 1542 episcopo,
1611 1509 1785 1536 conceditur.
1800 1511 1880 1545 (Rae.
1897 1512 1942 1545 229,
1961 1512 2007 1538 sol.
2026 1513 2074 1538 120
2091 1517 2130 1543 r0,
2148 1521 2175 1539 n.
2187 1513 2261 1545 412.)

1318 1624 1332 1643 <1
1361 1615 1411 1651 P„
1443 1617 1586 1656 cpe'scopo
1609 1617 1840 1656 Hereforclensi.
1870 1619 1919 1649 Ne
1948 1620 2146 1658 inquietudo
2173 1621 2287 1660 aliqua

1277 1676 1457 1705 personam
1485 1670 1577 1699 tuam
1599 1670 1734 1708 indigne
1752 1671 1938 1709 perturbet,
1963 1673 2057 1702 illius
2081 1674 2286 1712 provisionis

1278 1721 1435 1751 volumus
1452 1722 1610 1753 adhibere
1630 1723 1820 1754 subsidium
1841 1726 1928 1763 quod
1946 1726 1986 1755 ad
2003 1726 2063 1755 hoc
2084 1727 2153 1757 fore
2174 1727 2287 1757 dinos-

1278 1773 1364 1802 citur
1381 1776 1594 1811 oportunum.
1619 1776 1705 1805 Hinc
1726 1778 1776 1806 est
1796 1777 1885 1814 quod
1910 1786 1983 1812 1103,
2004 1779 2288 1817 mancipationem

1278 1827 1423 1856 carceris
1450 1836 1486 1856 ac
1517 1827 1601 1857 alias
1626 1829 1879 1866 persecutiones
1901 1831 2136 1868 gravissimas,
2164 1841 2248 1870 quas
2269 1840 2288 1862 a

1250 1894 1251 1903 1
1278 1879 1451 1909 nonnullis
1478 1881 1727 1911 maledictionis
1746 1882 1828 1912 filiis
1857 1883 1896 1912 de
1916 1892 2016 1922 regno
2040 1884 2157 1923 Anglie
2174 1887 2289 1915 contra

1250 1957 1251 1960 ,
1277 1933 1386 1963 Deum
1409 1934 1440 1963 et
1452 1934 1620 1972 Justitiani
1641 1935 1806 1965 tolerasse
1827 1935 1961 1972 diceris,
1983 1938 2122 1974 paterno
2139 1938 2289 1969 conside-

1279 1987 1391 2016 rantes
1423 1987 1543 2016 affectu
1569 1996 1604 2016 ac
1627 1996 1728 2026 super
1755 1988 1821 2018 hiis
1840 1988 1901 2018 tibi
1925 1989 2104 2020 subvenire
2126 1991 2287 2028 volentes,

1250 2055 1252 2062 ε
1278 2039 1483 2070 fraternitati
1506 2043 1562 2070 tue
1587 2043 1634 2077 ut,
1652 2041 1793 2071 durante
1809 2042 2000 2073 turbatione
2022 2044 2115 2082 regni
2133 2045 2287 2082 predicti,

1278 2101 1391 2122 coram
1410 2093 1523 2132 aliquo
1536 2094 1648 2132 judice
1667 2094 1838 2125 ordinario
1853 2096 1904 2126 vel
1923 2096 2014 2126 sedis
2032 2097 2215 2135 apostolice
2235 2098 2288 2128 de-

1279 2146 1388 2184 legato
1414 2146 1503 2176 infra
1535 2155 1675 2186 regnum
1705 2148 1828 2186 ipsum,
1862 2149 1934 2178 sine
1964 2150 2103 2187 speciali
2131 2151 2288 2181 mandato

1278 2201 1407 2234 nostro,
1428 2199 1570 2229 faciente
1589 2200 1723 2238 plenam
1742 2202 1773 2230 et
1793 2209 1990 2239 expressam
2011 2202 2050 2232 de
2072 2203 2287 2240 presentibus

1279 2252 1496 2288 mentionem,
1522 2254 1692 2283 conveniri
1713 2262 1777 2283 non
1798 2255 1922 2292 possm,
1940 2256 2137 2285 auctoritate
2157 2258 2289 2294 aposto-

1251 2311 1252 2319 *
1279 2305 1344 2335 lica
1362 2305 1589 2344 indulgemus.
1609 2306 1702 2336 Nulli
1726 2315 1803 2345 ergo
1827 2309 1941 2337 nostre
1962 2309 2204 2344 concessionis7
2225 2311 2285 2339 etc.

1278 2358 1402 2388 Datum
1419 2358 1508 2397 apud
1525 2359 1813 2396 Urbemveterem,
1833 2369 1852 2389 x
1873 2360 2035 2390 kalendas
2055 2361 2182 2397 martii,
2201 2370 2289 2392 anno

1280 2412 1392 2442 tertio.
1416 2421 1432 2441 >›

1370 2597 1465 2627 1383

1821 2596 1944 2626 Orvieto,
1964 2596 1997 2623 29
2018 2595 2121 2622 sevrier
2140 2596 2215 2623 1204.

1315 2679 1523 2705 Canonicatum
1550 2679 1686 2706 ccclesiae
1712 2680 1846 2706 Metensis
1868 2682 1895 2707 et
1920 2680 2113 2715 praebendam
2139 2680 2291 2707 Guillelmo

1253 2737 1255 2741 ’
1280 2726 1389 2754 Nicolai
1403 2728 1436 2754 de
1452 2728 1559 2761 trecis,
1576 2727 1722 2762 capellano
1738 2729 1781 2761 0.,
1799 2728 1876 2755 tituli
1900 2737 1923 2756 s.
1946 2729 2032 2756 Marci
2056 2729 2215 2764 presbytcri
2235 2737 2293 2756 car-

1280 2775 1395 2810 dinalis,
1414 2776 1533 2803 conseri.
1550 2777 1628 2810 (Rau.
1645 2777 1690 2808 29,
1709 2775 1758 2803 fol.
1778 2777 1826 2804 120
1843 2782 1883 2805 νῦ,
1901 2782 1932 2804 n⁰
1947 2778 2023 2809 413.)

1323 2899 1337 2915 «
1366 2886 1526 2917 Guillelmo
1550 2888 1671 2918 Nicolai
1698 2888 1733 2918 de
1764 2889 1874 2927 Trecis,
1909 2889 2066 2930 capellano
2100 2890 2205 2920 dilecti
2236 2890 2294 2929 filii
