2519 3262
277 221 336 250 368

276 313 386 335 res—.
403 305 525 335 Datum
543 303 630 341 apud
649 302 937 336 Urbernveterem,
951 309 1057 330 nonas
1074 299 1279 335 novembris,

275 367 360 389 anno
375 357 485 388 tertio.
507 366 522 386 1)

783 517 908 549 Orvieto,
926 518 942 544 5
958 517 1111 543 novembre
1132 517 1208 543 1203.

364 521 460 552 2220

313 603 533 638 Archiepiscopo
557 602 718 629 Coloniensi
736 603 851 629 mandat
877 604 903 628 ut
927 602 1110 629 Lambertum
1130 603 1163 628 de
1180 600 1282 627 lieodio

273 652 422 683 clericum,
434 652 552 678 obtentu
566 651 691 685 Honrici,
705 651 858 685 praepositi
876 650 1012 677 ccclesiae
1029 660 1066 676 ss:
1080 650 1281 684 Apostolorum

273 701 301 727 in
321 701 449 731 Colonia,
469 701 495 727 in
516 700 637 727 ecclesia
653 709 677 726 S.
695 699 799 727 Mariae
820 701 855 727 ad
871 700 977 726 tiradus
999 699 1175 726 Coloniensis
1192 698 1220 725 in
1237 707 1281 725 ca-

274 750 408 776 nonicum
430 749 518 784 recipi
542 750 628 776 saciat
647 750 728 784 eique
745 750 778 776 de
799 750 941 783 prebenda
959 749 1115 784 provideat.
1139 748 1215 780 (nm
1237 749 1281 779 26,

275 799 324 826 sol.
340 800 403 830 236,
417 804 448 825 n⁰
468 799 559 830 1209.)

313 914 328 933 1(
356 904 595 944 Arclziepiscopo
630 904 815 934 Coloniensi.
847 904 989 942 Adjutos
1014 911 1145 933 morum
1175 904 1206 932 et
1232 919 1280 930 —.

274 957 398 988 Datum
420 957 508 996 apud
535 957 826 992 Urbemveterem,
849 957 946 988 nonis
969 955 1173 991 novembris,
1195 963 1281 985 anno

273 1011 385 1041 tertio.
405 1022 420 1038 »
1310 1013 1311 1056 1

790 1171 913 1203 Orvieto,
930 1172 946 1198 4
961 1172 1114 1198 novembre
1131 1172 1209 1199 1203.

364 1175 456 1205 2221

313 1257 535 1292 Archiepiscopo
559 1257 688 1284 Cretensi
707 1257 833 1291 indulget
852 1260 880 1283 nt
899 1265 913 1283 e
930 1256 1042 1283 clericis
1058 1256 1105 1291 qui
1120 1256 1173 1283 sibi
1193 1255 1284 1283 intui-

273 1306 352 1334 tione
364 1306 506 1334 libertatis
517 1306 658 1333 ecclesiae
675 1305 830 1333 Cretensis.
847 1314 896 1340 pro
907 1314 961 1340 qna
976 1306 1023 1332 (tiu
1039 1305 1153 1332 exulare
1167 1308 1282 1332 coactus
1311 1300 1312 1305 ¹

273 1358 316 1382 est
342 1358 370 1382 et
392 1355 652 1390 contemptibiliter
675 1355 849 1387 mendicare,
875 1354 997 1381 viriliter
1024 1354 1190 1387 astiterunt,
1213 1355 1283 1381 duos

274 1403 303 1431 in
318 1404 446 1431 ecclesiis
460 1404 606 1431 Cretensis
623 1404 796 1438 provinciae,
813 1404 941 1439 singulos
959 1404 1087 1431 videlicet
1106 1404 1134 1431 in
1151 1404 1282 1439 singulis,

273 1453 301 1479 in
329 1453 481 1480 canonicos
511 1453 601 1487 recipi
628 1453 713 1479 sas-iat
742 1452 838 1486 eisque
865 1453 898 1479 de
926 1453 1094 1487 praebendis
1122 1452 1281 1487 provideat.

272 1502 352 1535 (nnc.
376 1503 422 1535 29,
443 1502 491 1533 sol,
510 1503 571 1533 236,
588 1507 618 1528 n⁰
634 1502 725 1533 1270.)

313 1619 330 1640 «
355 1609 597 1648 Arclziepiscopo
629 1608 774 1639 Cretensi.
812 1609 916 1638 'l'uam
955 1609 1193 1647 prosequimur
1227 1609 1282 1639 ho-

272 1672 352 1693 nore
369 1680 417 1690 ——.
434 1663 556 1692 Datum
574 1662 662 1700 apud
676 1662 965 1697 Urbemveterem,
985 1672 1005 1691 11
1025 1671 1130 1692 nonas
1147 1671 1279 1693 novem-

272 1715 355 1752 bris,
376 1724 462 1746 anno
478 1716 589 1746 tertio.
610 1726 625 1745 »

364 1881 460 1911 2222
764 1879 889 1911 (lrvieto,
914 1879 942 1905 13
963 1879 1116 1905 novembre
1135 1880 1211 1906 1203.

280 1936 288 1948 Q

313 1964 479 1998 Praeposito
498 1964 634 1990 ecclesiae
655 1963 968 1997 Quakembruggensis,
983 1963 1208 1997 05111111111001151)Υ
1224 1963 1284 1989 dio-

274 2013 358 2045 cesis,
386 2013 502 2039 mandat
521 2016 548 2039 ut
567 2012 762 2045 Guillelmum,
786 2012 958 2039 canonicum
989 2012 1108 2038 'tilensis
1135 2012 1282 2043 eeclesiae,

274 2062 468 2097 Trajectensis
480 2062 612 2093 diocesis,
628 2061 655 2087 in
667 2061 788 2087 ecclesia
804 2060 1002 2092 Daventrensi,
1013 2061 1283 2095 ejusdemdiocesis,

275 2111 302 2137 in
328 2111 498 2137 canonicum
529 2110 614 2145 recipi
647 2110 730 2137 saciat
763 2111 843 2144 eique
875 2111 909 2136 de
938 2110 1098 2144 praebenda
1125 2109 1282 2143 provideat.

276 2160 353 2194 (Rae.
371 2161 416 2192 29,
432 2160 478 2186 101.
496 2161 548 2186 236
562 2164 602 2190 v0,
617 2164 647 2185 11ο
665 2160 755 2191 1271.)

314 2278 330 2298 ((
359 2268 519 2306 Prepesito
544 2266 664 2296 ecclesie
692 2266 1013 2305 Ouakembruyycnsis,
1045 2266 1283 2306 Osnahwyensis

276 2321 413 2351 diocesis.
438 2321 505 2352 Sua
525 2320 623 2350 nobis
640 2320 784 2350 dilectus
810 2320 901 2350 tilius
921 2320 1130 2354 NVillelmus,
1148 2321 1281 2350 canoni·

275 2383 333 2405 cus
353 2374 501 2404 'silemsis
519 2374 672 2407 ecclesie,
692 2373 919 2412 Trajectensis
938 2373 1096 2410 diocesis,
1119 2373 1280 2412 petitione

275 2423 475 2458 monstravit
501 2427 601 2466 quod,
629 2427 706 2457 licet
733 2426 842 2457 felicis
860 2426 1105 2457 recordationis
1121 2427 1281 2457 Innocen·
1311 2460 1312 2465 ¹

275 2481 343 2511 tius
374 2489 471 2519 papa,
507 2481 725 2518 predecessor
752 2482 877 2515 noster,
896 2479 1056 2510 ..abbati
1083 2480 1282 2511 monasterii
1311 2478 1312 2515 t

278 2533 406 2565 Floridi
435 2533 565 2572 Campi,
586 2533 823 2564 Cisterciensis
847 2533 987 2570 ordinis,
1013 2533 1085 2564 suis
1112 2532 1175 2563 sub
1194 2535 1283 2563 certa
1311 2524 1312 2588 J

276 2587 384 2618 forma
412 2587 561 2617 dedisset
588 2587 712 2617 litteris
735 2587 768 2617 in
792 2587 961 2617 mandatis
991 2588 1027 2618 ut
1052 2587 1161 2618 eidem
1190 2586 1284 2617 Guil·
1311 2606 1312 2610 ,

276 2640 380 2671 lelmo
398 2641 432 2670 in
455 2640 726 2671 archidiaconatu
745 2641 981 2677 Daventrensi,
1004 2640 1154 2680 ejusdem
1173 2639 1283 2670 dioce-

276 2693 335 2729 sis,
359 2694 399 2724 de
427 2693 541 2732 aliquo
571 2693 800 2724 ecclesiastico
825 2693 987 2724 beneficio
1015 2693 1211 2732 prebendati
1230 2693 1282 2723 vel
1311 2681 1312 2687 ἵ

276 2746 355 2782 alio,
375 2746 404 2776 si
422 2748 500 2776 tunc
512 2747 645 2776 vacaret
664 2745 787 2776 ibidem
805 2746 856 2776 vel
873 2746 1124 2785 quamprimum
1141 2746 1179 2775 ad
1200 2745 1232 2775 id
1247 2754 1282 2776 se

275 2799 409 2829 offerret
437 2799 660 2838 oportunitas,
689 2799 889 2837 provideret,
914 2799 1000 2829 idem
1019 2802 1128 2830 tamen
1150 2798 1282 2829 willel-

276 2861 351 2882 mus
370 2853 517 2882 nondum
537 2855 587 2882 est
605 2852 644 2882 de
673 2853 757 2890 ipsis
784 2852 908 2882 litteris
933 2852 998 2882 nisi
1026 2852 1158 2882 labores
1177 2854 1207 2882 et
1227 2861 1281 2882 ex-

275 2913 401 2944 pensas
416 2914 479 2935 non
493 2905 641 2936 modicas
656 2907 843 2941 assecutus,
859 2914 1050 2944 quanquam
1066 2914 1123 2944 per
1141 2914 1197 2935 eas
1211 2905 1280 2935 fue-

1022 215 1267 246 REGISTRES
1298 214 1514 246 D'URBAIN
1544 214 1602 244 lv.

1339 300 1397 336 rit,
1418 299 1552 329 vivente
1577 299 1786 336 mandatore,
1813 308 2022 338 processum.
2040 299 2111 330 Nos
2127 300 2241 340 igitur,
2263 301 2349 340 ejus-

1339 353 1417 382 dem
1435 353 1490 383 W.
1520 352 1695 382 laboribus
1722 354 1861 391 paterno
1886 353 2129 392 compatientes
2151 353 2282 390 affectu,
2313 362 2351 384 ac

1338 414 1396 444 per
1415 406 1476 436 1100
1502 406 1625 444 ipsum,
1644 414 1743 444 quem
1762 414 1822 445 per
1839 406 1998 436 dilectum
2016 406 2126 436 filium
2145 407 2347 446 magistrum

1338 460 1489 495 Petrum,
1506 459 1779 489 archidiaconum
1802 459 2013 489 Broliensem
2030 459 2064 489 in
2083 459 2225 490 ecclesia
2241 461 2350 499 Agen-

1338 512 1447 546 nensi,
1476 513 1604 542 socium
1625 512 1738 542 dilecti
1758 512 1820 541 11111
1838 512 1995 551 magistri
2020 512 2208 547 Michaelis,
2235 515 2349 544 sancte

1338 566 1490 597 Romane
1506 565 1647 595 ecclesie
1665 565 1945 599 vicecancellarii,
1963 565 2144 604 diligenter
2161 566 2349 596 examinari

1339 618 1482 648 fecimus
1509 620 1540 648 et
1567 618 1725 648 inventus
1749 620 1799 648 est
1829 619 1864 648 in
1899 618 2090 648 litteratura
2121 621 2351 657 competenter

1338 672 1491 710 ydoneus
1520 672 1559 701 ad
1585 671 1853 701 ecclesiasticum
1883 671 2084 702 beneficium
2114 671 2347 707 obtinendum,

1338 723 1492 754 volentes
1510 724 1668 762 prosequi
1682 725 1841 761 gratiose,
1867 724 2065 754 discretioni
2082 727 2138 755 tue
2148 724 2350 754 mandamus

1339 777 1501 815 quatinus
1519 777 1662 807 eundem
1672 777 1939 808 Guillelmumin
1957 778 2099 808 ecclesia
2111 777 2350 812 Daventrensi,

1341 830 1491 868 ejusdem
1510 830 1668 865 diocesis,
1685 831 1868 861 dummodo
1891 831 2027 861 nonnisi
2043 839 2104 870 pro
2120 839 2186 861 uno
2208 830 2351 869 scripse·

1341 883 1450 913 rimus
1466 883 1500 913 in
1521 884 1649 920 eadem,
1672 884 1773 923 recipi
1803 883 1908 914 facias
1925 893 1984 922 per
1999 886 2031 914 te
2048 884 2101 914 vel
2118 892 2176 922 per
2193 883 2299 914 alium
2317 883 2351 914 in

1341 936 1540 966 canonicum
1558 938 1590 967 et
1608 937 1640 967 in
1657 938 1793 967 fratrem
1811 938 1908 976 eique
1921 937 1961 967 de
1980 937 2150 976 prebenda
2169 937 2350 976 provideas

1310 1000 1311 1010 ¹
1342 990 1370 1019 si
1388 998 1511 1029 qua—.
1525 989 1797 1021 Contradictores
1807 992 1868 1021 etc.
1885 1000 1992 1030 usque
2004 990 2257 1030 compescendo.
2269 990 2351 1020 Pro-

1338 1042 1412 1073 viso
1430 1044 1543 1073 tamen
1562 1060 1611 1072 —.
1633 1044 1794 1082 Alioquin
1817 1061 1865 1073 —.
1886 1044 2010 1074 Datum
2027 1043 2115 1082 apud
2133 1042 2353 1074 Urbemvete-

1339 1105 1421 1132 rem,
1442 1096 1519 1126 idus
1535 1096 1741 1132 novembris,
1759 1106 1845 1128 anno
1862 1097 1974 1128 tertio.
1994 1106 2010 1126 »

1432 1264 1529 1296 2223
1836 1264 1958 1295 Orvieto,
1978 1263 2009 1290 13
2024 1263 2178 1290 novembre
2201 1263 2276 1291 1263.

1376 1347 1564 1374 Patriarchae
1581 1348 1824 1380 Jerosolimitano,
1839 1348 2013 1383 apostolicae
2025 1348 2100 1375 sedis
2116 1350 2222 1383 legato,
2235 1348 2353 1375 mandat

1340 1399 1371 1424 ut
1391 1397 1568 1424 monasterio
1593 1397 1620 1423 b.
1643 1397 1747 1424 Mariae
1773 1398 1806 1424 de
1822 1397 1900 1425 Valle
1926 1397 2074 1432 Josaphat,
2099 1397 2352 1424 Jerosolimitanae

1339 1446 1476 1478 diocesis,
1493 1446 1619 1480 aliquam
1646 1454 1799 1480 personam
1823 1447 1957 1473 idoneam
1979 1446 2007 1473 in
2031 1446 2165 1473 abbatem
2192 1446 2350 1481 praeficiat.

1340 1496 1422 1530 (Bac.
1442 1496 1486 1525 29,
1502 1495 1539 1522 fol
1569 1495 1621 1522 236
1641 1500 1680 1527 v⁰,
1701 1499 1732 1521 n⁰
1750 1496 1839 1530 1272.)

1381 1610 1396 1628 a
1415 1600 1598 1629 I’atriarclze
1614 1599 1874 1636 lei-osolirriitario,
1891 1599 2058 1640 apostolice
2076 1599 2155 1629 seclis
2171 1600 2279 1639 [89010.
2303 1600 2353 1631 Ne

1340 1654 1545 1683 monasteria
1562 1662 1620 1692 per
1641 1672 1687 1682 —.
1709 1654 1833 1684 Datum
1850 1654 1939 1692 apud
1961 1653 2250 1690 Urbemveterem,
2277 1653 2354 1684 idus

1340 1707 1548 1743 novembris,
1568 1716 1654 1737 anno
1672 1707 1782 1737 tertio.
1802 1717 1817 1736 »

1429 1871 1526 1902 2224
1891 1869 2005 1896 Orvieto
2023 1869 2054 1896 18
2069 1869 2184 1896 octobre
2204 1869 2281 1896 1263.

1378 1955 1480 1981 Abbati
1509 1955 1677 1981 monasterii
1699 1954 1856 1984 Lobiensis,
1875 1953 2090 1980 Cameracensis
2107 1953 2240 1984 diocesis,
2257 1953 2351 1987 capel-

1340 2003 1407 2030 lano
1422 2004 1590 2038 apostolico.
1610 2004 1724 2029 mandat
1739 2005 1766 2029 111
1780 2003 1806 2029 111
1821 2002 1941 2029 ecclesia
1955 2002 2135 2029 Antoni-ensi.
2151 2001 2248 2035 inqua
2261 2002 2353 2028 colla-

1344 2052 1384 2078 tio
1406 2052 1632 2086 praela-ndarum
1658 2052 1691 2077 aa
1715 2052 1849 2078 eumdem
1877 2051 2010 2077 abbatem
2036 2050 2171 2084 pertinet,
2195 2050 2352 2085 wlfoaldo,

1343 2101 1481 2127 canonico
1495 2101 1623 2135 ejusdcm
1638 2100 1789 2133 ecclesiae,
1807 2102 1873 2126 nato
1891 2100 2022 2126 ltobolini
2039 2099 2190 2126 familiaris
2204 2101 2239 2130 J.,
2260 2108 2282 2126 s.
2299 2100 2354 2126 Ma-

1340 2149 1399 2176 riae
1418 2150 1445 2176 in
1467 2150 1619 2176 cosmodin
1638 2149 1749 2176 diaconi
1772 2148 1938 2181 cardinalis,
1952 2149 1985 2175 de
2013 2149 2173 2182 praebenda
2192 2149 2351 2182 provideat,

1343 2206 1398 2225 non
1410 2198 1590 2225 obstantibus
1603 2198 1707 2224 litteris
1721 2197 1886 2232 apostolicis
1897 2197 1998 2232 quibus
2010 2197 2186 2231 receptiones
2201 2198 2352 2224 canonico-

1343 2256 1408 2274 rum
1424 2248 1459 2273 ad
1474 2247 1652 2281 praebendas
1666 2247 1795 2282 ejusdem
1809 2247 1947 2274 ccclesiae
1965 2250 2095 2273 cassatae
2113 2250 2189 2274 sunt.
2206 2247 2285 2279 (Rec-
2303 2247 2351 2280 29,

1341 2296 1389 2324 sol.
1412 2296 1464 2323 230
1482 2301 1520 2326 νο,
1542 2302 1570 2322 ιιο
1590 2296 1680 2329 1273.)

1382 2418 1396 2436 a
1420 2407 1531 2436 Abbati
1563 2409 1738 2437 'nonasterii
1761 2408 1927 2445 Lohiensis‚
1960 2408 2186 2439 Cameracensis
2213 2409 2352 2439 diocesis.

1342 2460 1504 2499 Exposuit
1526 2460 1622 2491 nobis
1646 2462 1790 2492 dilectus
1808 2457 1854 2491 —'.
1877 2463 2000 2493 Datum
2026 2463 2114 2502 apud
2134 2462 2354 2494 t’rbenwete-

1340 2523 1423 2549 rem,
1442 2523 1485 2543 xv
1502 2514 1663 2545 kalendas
1680 2515 1882 2551 novembris,
1898 2525 1984 2546 anno
2000 2516 2111 2547 tertio.
2128 2525 2145 2545 »

1430 2678 1526 2709 2225
1830 2677 1954 2709 Orrieto,
1971 2678 2002 2706 18
2019 2678 2183 2712 septembre
2205 2677 2283 2704 1203.

1377 2761 1515 2796 Episcopo
1531 2761 1733 2788 Cameracensi
1749 2762 1865 2788 mandat
1888 2765 1914 2788 ut
1941 2761 2068 2793 Nicolao,
2086 2761 2164 2788 dicto
2178 2761 2352 2793 Ambronies,

1339 2810 1373 2836 de
1388 2810 1540 2840 Nlelbodio.
1557 2810 1675 2845 pauperi
1691 2810 1806 2841 clerico,
1821 2810 2042 2837 Cameracensis
2057 2810 2193 2838 diocesis.
2208 2811 2242 2837 de
2255 2809 2353 2845 aliquo

1339 2858 1539 2886 ecclesiastico
1567 2859 1716 2887 beneficio.
1744 2860 1780 2886 ad
1803 2859 1988 2886 collationem
2013 2859 2128 2886 abbatis
2152 2862 2177 2885 et
2193 2862 2352 2886 conventus

1340 2910 1510 2937 monasterii
1526 2910 1704 2942 annuentis,
1723 2911 1833 2937 ordinis
1848 2919 1870 2938 s.
1895 2910 2052 2941 Benedicti,
2068 2910 2197 2946 ejusdem
2216 2909 2351 2945 diocesis,
