2519 3262
228 234 287 262 234

230 317 312 346 cesis.
342 318 387 347 l⁴la
404 326 466 355 que
486 315 613 353 ¹iudicio
632 317 692 345 etc.
713 324 819 354 usque
842 316 1056 345 comnmniri.
1079 315 1237 345 Exliibita

229 370 396 409 siquidem
414 369 509 398 nobis
525 372 581 398 tua
599 369 715 406 petitio
733 369 924 398 c‹1›ntinebat
942 369 1042 406 quod,
1061 378 1135 398 cum
1151 369 1238 399 inter

228 425 272 460 te,
289 432 327 453 ex
345 432 410 452 nna
429 424 533 460 parte,
550 431 607 451 ac.
626 444 631 450 .
651 422 808 460 priorem.
825 424 856 451 et
870 422 1054 460 capitulum
1073 422 1237 451 secularis
1264 462 1265 467 1

229 476 368 506 ecclesie
386 477 498 505 sancte
514 475 616 504 Mai-Ie
635 475 863 504 'l‘uscanensis
876 483 978 513 super
993 475 1184 513 receptione
1201 483 1237 504 ac
1264 507 1265 515 ἵ

228 529 420 568 provisione
435 529 494 559 tibi
514 529 663 558 facienda
680 528 712 557 ia
731 528 872 558 ecclesia
891 528 975 567 ipsa,
990 537 1101 557 corani
1114 527 1237 557 dilecto
1264 547 1265 554 i

227 583 297 613 tilio
323 606 328 611 .
351 605 357 612 .
379 581 661 620 archipresbitero
695 581 918 617 Urberetano,
952 584 1018 611 tam
1044 581 1236 611 litterarum

228 637 431 670 nostrarum,
453 643 552 673 qnam
576 635 677 665 etiam
702 635 850 664 mandati
875 644 938 673 que
962 635 1027 664 sibi
1052 643 1110 672 per
1137 633 1235 664 dilec-

226 691 297 718 tum
317 689 422 718 tilium
440 689 638 727 magistrum
656 688 856 726 (lregorium
870 688 908 717 de
921 687 1076 726 Neapoli,
1090 686 1237 725 capella-

227 750 305 772 num
321 741 696 777 nostrum,direximus,
715 742 926 773 auctoritate,
942 741 1074 779 questio
1092 743 1236 770 vertere-

225 797 290 829 tur,
321 795 406 824 idem
435 794 708 833 archipresbiter,
739 794 882 833 cognitis
918 803 1018 823 cause
1050 793 1182 823 meritis
1204 794 1236 823 et

221 848 309 886 juris
342 848 458 877 ordine
494 847 682 880 observato,
717 848 965 877 sententialiter
1004 847 1264 885 pronuntiavit:

224 901 331 931 dictos
364 901 509 939 priorem
538 902 570 930 et
595 901 781 939 capitulum
820 904 848 930 te
876 900 997 930 debere
1028 900 1177 938 recipere
1202 899 1235 929 in

224 954 352 992 prefata
374 954 517 984 ecclesia
543 954 576 983 iu
604 954 800 983 canonicum
821 957 849 983 et
876 956 907 983 in
927 953 1078 987 fratrem,
1106 953 1234 991 tibique

223 1007 398 1046 providere
421 1007 460 1037 de
480 1007 659 1046 prebenda,
674 1007 771 1045 juxta
789 1009 938 1037 tenorem
955 1006 1144 1037 litterarum
1159 1015 1236 1036 nos-

222 1063 361 1095 trarum,
389 1069 448 1098 pro
474 1062 504 1090 te
530 1069 632 1099 super
649 1060 840 1098 receptione
859 1061 891 1090 et
906 1059 1100 1098 provisione
1118 1060 1234 1099 hujus-

222 1113 311 1143 modi
336 1113 552 1149 directarum,
576 1115 674 1151 prout
700 1114 731 1143 in
750 1112 883 1152 publico
907 1113 1134 1143 instrumento
1159 1121 1233 1143 con-

221 1166 306 1196 fecto
334 1167 455 1196 exinde
482 1166 616 1205 plenius
640 1166 763 1196 dicitur
782 1166 958 1196 contineri.
984 1168 1136 1205 Cumque
1154 1175 1233 1205 pars

221 1219 386 1249 dictorum
406 1219 531 1257 prioris
551 1222 583 1249 et
602 1219 754 1257 capituli,
777 1219 816 1248 ab
841 1219 1033 1257 hujusmodi
1065 1220 1234 1249 sententia

221 1274 250 1302 et
277 1273 552 1311 pronuntiatione
582 1272 689 1310 ipsius
721 1271 996 1310 archipresbiteri
1019 1281 1054 1301 se
1074 1281 1232 1302 asserens
1259 1306 1260 1314 ἵ

220 1326 260 1355 ad
274 1328 422 1356 nostram
440 1326 647 1355 audientiam
663 1326 866 1364 appellasse,
885 1333 988 1363 super
1000 1325 1228 1363 appellatione

220 1387 280 1408 sua
291 1380 423 1409 nostras
434 1379 473 1408 ad
489 1379 651 1417 Stagnum
666 1378 905 1417 presbiterum,
917 1378 1115 1408 canonicum
1127 1379 1229 1408 ecclc-

220 1432 267 1462 sie
284 1432 391 1461 sancti
405 1431 526 1469 Augeli
537 1432 575 1461 de
589 1432 690 1470 Spata
702 1430 941 1465 VMerbiensis,
954 1432 1087 1461 nostras
1098 1431 1231 1461 litteras

219 1485 445 1523 impetrasset,
467 1493 527 1515 nos
550 1485 697 1515 tandem,
722 1484 790 1514 tuis
811 1484 986 1514 laboribus
1014 1486 1045 1514 et
1069 1485 1230 1523 expensis
1257 1497 1259 1503 s

218 1538 319 1568 finem
336 1538 463 1576 imponi
477 1538 639 1572 volentes,
659 1546 714 1576 per
731 1538 875 1568 eundem
894 1538 1093 1576 magistrum
1109 1539 1230 1577 (ἀι-Θρο-
1257 1546 1258 1552 ’

217 1591 305 1620 rium
326 1591 448 1621 dilecto
466 1591 535 1620 tilio
555 1591 715 1629 magistro
730 1591 892 1625 Navarro,
910 1591 1083 1629 capellano
1101 1594 1228 1626 nostro,

217 1645 364 1683 generali
380 1644 525 1674 auditori
542 1653 719 1673 causarum
733 1644 847 1682 palatii
860 1644 979 1678 nostri,
994 1644 1229 1674 mandavimus

218 1700 251 1728 ut
279 1697 469 1736 hujusmodi
501 1698 683 1735 negotium,
722 1706 785 1727 non
823 1697 1036 1728 obstantibus
1067 1698 1229 1735 predictis
1256 1708 1257 1712 ¹

217 1750 341 1781 litteris
373 1751 532 1781 canonico
560 1751 689 1789 pretato
724 1750 876 1784 directis,
911 1751 1096 1780 summarie
1127 1753 1157 1781 et
1189 1751 1228 1781 de

218 1803 317 1842 plano
337 1804 467 1833 audiret
485 1813 521 1833 ac
539 1804 602 1833 tine
620 1803 731 1833 debito
757 1803 965 1839 terminaret,
985 1813 1111 1833 necnon
1137 1813 1225 1834 man-

217 1857 311 1887 daret
327 1857 434 1887 eidem
452 1857 612 1887 canonico
629 1861 663 1887 ut
683 1866 717 1887 se
737 1866 801 1886 non
820 1857 1061 1887 intromitteret
1079 1858 1111 1887 in
1131 1867 1228 1897 nego-

216 1911 263 1940 tio
292 1910 468 1949 prelibam,
499 1913 590 1948 parte
614 1911 779 1940 dictorum
806 1911 929 1948 prioris
963 1914 995 1940 et
1022 1911 1160 1949 capituli
1188 1912 1227 1941 ad

218 1972 312 1993 suam
338 1964 542 2002 presentiam
571 1966 719 1993 evocata.
755 1964 845 1993 blein
875 1973 953 1993 vero
983 1965 1143 2002 magister
1164 1965 1227 1994 Na-

218 2025 347 2050 varruS,
365 2016 431 2046 hiis
444 2017 541 2054 Juxta
563 2017 755 2046 mandatum
779 2019 931 2046 nostrum
950 2017 1013 2046 rite
1031 2017 1176 2054 peractis
1191 2026 1227 2046 ac

217 2071 248 2099 te
267 2071 299 2099 et
327 2072 542 2108 procuratore
564 2070 672 2107 ipsius
702 2070 807 2107 partis
833 2069 972 2099 adverse
998 2070 1226 2107 presentibus,

217 2123 341 2153 auditis
371 2132 503 2162 quoquc
534 2123 609 2152 hinc
639 2123 714 2152 inde
743 2123 927 2161 propositis
955 2123 1226 2162 examinatisque
1253 2138 1254 2147 ι

216 2176 341 2215 prioris
357 2176 477 2214 judicii
503 2176 719 2214 processibus
739 2185 774 2205 ac
789 2177 877 2212 juris
899 2177 1016 2206 ordine
1035 2176 1224 2210 observato,

216 2229 401 2268 peritorum
428 2229 571 2259 consilio
590 2233 622 2259 et
641 2238 754 2259 secum
784 2230 881 2267 pluita
908 2229 1149 2260 deliberatione
1170 2231 1224 2259 lia-

216 2282 308 2318 bitis,
336 2282 519 2312 declaravit
546 2291 604 2320 per
637 2282 870 2321 supradictum
900 2282 1223 2320 ari-liipresbitermn

214 2334 298 2365 bene
322 2335 562 2365 sententiatum
588 2345 623 2365 ac
652 2336 914 2373 pronuntiatum,
945 2344 981 2365 ac
1012 2344 1071 2374 per
1100 2336 1223 2365 dictam

214 2389 343 2427 partem
364 2389 540 2418 adversam
555 2389 641 2418 male
659 2389 864 2427 appellatum
892 2388 1010 2424 fuisse,
1032 2388 1223 2427 hujusmodi

214 2442 414 2472 sententiam
438 2443 470 2472 et
488 2442 797 2480 pronuntiatIOnem
823 2442 974 2480 ejusdem
1002 2441 1224 2480 archipresbi-

212 2495 277 2525 teri
291 2495 538 2525 sententialiter
554 2495 794 2525 confirmando.
818 2495 948 2526 Dictam
963 2496 1074 2525 autem
1094 2498 1223 2533 partem

213 2548 390 2578 adversam
416 2548 490 2584 tibi,
513 2549 705 2587 juramento
731 2558 749 2579 a
776 2551 807 2579 te
839 2551 971 2586 recepto
999 2550 1031 2579 et
1051 2550 1223 2579 taxatione

212 2601 399 2640 prehabita,
417 2602 450 2631 in
466 2604 598 2632 centurn
615 2602 735 2632 solidis
755 2602 886 2632 usualis
904 2603 1036 2632 monete
1057 2610 1222 2640 expensa-

212 2663 287 2685 rum
317 2655 452 2685 nomine
482 2655 753 2694 condempnavit,
788 2657 887 2694 prout
914 2655 947 2685 in
979 2655 1124 2694 quodam
1156 2655 1222 2685 alio

213 2707 437 2739 instrumento
468 2708 604 2746 publico
635 2709 711 2739 inde
747 2708 910 2744 confecto,
949 2708 1081 2747 signato
1108 2708 1222 2747 sigillo

213 2761 319 2799 ipsius
336 2761 488 2800 magistri
505 2762 647 2792 Navarri
667 2762 799 2800 plenius
818 2762 942 2792 dicitur
956 2761 1134 2792 contineri.
1150 2761 1221 2792 Nos

212 2815 336 2853 itaque,
360 2816 424 2845 tuis
452 2815 759 2854 supplicationibus
777 2815 940 2851 inclinati,
967 2815 1169 2845 sententiam
1187 2817 1218 2845 et

212 2868 519 2905 pronuntiationem
542 2868 690 2899 easdem.
721 2877 758 2898 ac
789 2868 1052 2898 declarationem
1085 2870 1116 2898 et
1146 2877 1221 2898 con-
1246 2875 1248 2887 ¹

211 2920 482 2959 dempnationem
512 2921 717 2959 hujusmodi,
749 2922 834 2951 sicut
867 2922 1003 2960 provide
1034 2921 1100 2951 late
1122 2924 1213 2958 sunt,
1244 2914 1246 2951 Ῐ

976 232 1220 262 lzliGls'l'ltlfis
1250 231 1461 261 D'L'RBAIN
1495 232 1550 261 lv.

1297 317 1387 345 ratas
1411 317 1443 344 et
1472 316 1587 344 tirnias
1613 315 1787 351 habentes,
1813 324 1869 345 eas
1895 316 2095 346 auctoritate
2120 317 2308 355 apostolica

1296 369 1536 398 confirmamus
1569 370 1630 398 etc.
1674 377 1780 406 usque
1809 370 2070 399 communimus.
2104 369 2198 400 Nulli
2229 379 2306 409 ergo

1296 424 1409 450 nostre
1440 422 1708 451 confirmationis
1733 424 1792 451 etc.
1827 422 1948 452 Datum
1973 422 2061 460 apud
2090 422 2308 452 L'rbeuivete-

1296 483 1378 510 rem,
1403 484 1424 503 ιι
1444 474 1519 504 idus
1536 475 1666 513 aprilis,
1692 484 1778 504 anno
1798 475 1908 505 tertio.
1931 488 1943 500 »

1869 650 1993 676 tlrviclo.
2018 651 2132 677 lxm-iil
2155 652 2228 677 lici,

1389 651 1480 681 1583

1328 734 1488 764 Nicolaum,
1512 734 1683 760 canonicum
1714 734 1851 761 ecclesiae
1875 744 1897 761 s.
1932 735 2057 761 Flaviani
2086 736 2119 761 de
2146 735 2307 762 Montcssas-

1293 791 1375 815 cone,
1399 782 1633 817 Balneorcgensis
1658 783 1792 811 diocesis,
1819 784 2028 817 praedictarum
2061 784 2224 810 litterarum
2243 791 2307 811 exe-

1293 834 1421 858 cutorem
1437 833 1566 866 deputat.
1588 832 1667 858 <Ram
1687 834 1730 863 ἐκ,
1749 832 1797 859 l'ol.
1822 833 1871 859 154
1892 838 1928 863 νο,
1947 837 1977 858 n⁰
1994 834 2068 867 033.)

1334 949 1348 966 «
1367 937 1508 974 Nicolao,
1522 939 1664 967 canonico
1677 938 1799 968 ecclesie
1813 949 1835 969 s.
1856 938 1999 968 Flaviani
2011 938 2046 968 dc
2057 939 2304 978 ὲ11οηίι31ῖκιεεοηε,

1296 992 1544 1031 Balneoreqensis
1572 992 1708 1021 diocesis.
1737 992 1897 1022 Exhibita
1917 992 2013 1022 nobis
2039 993 2153 1023 dilecti
2172 1011 2221 1023 —.
2241 993 2305 1023 Da·

1293 1047 1365 1075 tum
1379 1046 1467 1084 apud
1483 1045 1774 1080 Urbemveterem‚
1788 1055 1807 1075 ιι
1822 1046 1896 1075 idus
1913 1046 2046 1084 aprilis,
2060 1054 2146 1075 anno
2163 1046 2305 1076 tertio.»

1386 1217 1480 1248 1584
1869 1216 1992 1243 Orvieto.
2010 1216 2044 1243 29
2058 1216 2131 1242 avril
2155 1216 2231 1243 1264.

1330 1300 1443 1326 Galtcro
1457 1300 1490 1325 dc
1505 1300 1654 1330 Fontanis,
1676 1300 1825 1334 capellano
1844 1302 1883 1333 S.‚
1900 1300 1975 1327 tituli
1997 1310 2019 1327 s.
2036 1300 2158 1327 ceciliae
2186 1301 2303 1336 presby-

1258 1349 1260 1388 }
1290 1348 1344 1375 teri
1361 1349 1527 1380 cardinalis,
1545 1349 1746 1376 canonicatum
1763 1349 1901 1376 ecclesiae
1913 1350 1937 1376 b.
1958 1350 2070 1376 Martini
2085 1350 2258 1377 Turonensis
2277 1352 2303 1376 et

1291 1398 1485 1432 praebendam
1503 1398 1623 1424 confert.
1642 1398 1719 1433 (Rau.
1738 1400 1783 1432 ib,
1805 1397 1852 1425 t'ol.
1876 1399 1936 1429 155,
1956 1404 1985 1425 11⁰
2002 1399 2076 1433 632.)

1330 1514 1346 1532 ι(
1386 1503 1510 1533 Gallero
1539 1503 1574 1533 de
1600 1503 1759 1539 Fontanis,
1793 1503 1953 1544 capellano
1983 1504 2086 1534 dilecti
2118 1504 2180 1543 filii
2206 1505 2304 1534 nostri

1257 1565 1258 1588 1
1289 1558 1336 1593 8.,
1358 1558 1438 1586 tituli
1464 1568 1487 1587 s.
1520 1557 1633 1587 cecilie
1654 1558 1818 1596 presbiteri
1845 1557 2024 1588 cardinalis.
2043 1558 2124 1589 Illos
2144 1559 2304 1598 precipue

1290 1619 1348 1640 nec
1366 1629 1413 1639 -—.
1434 1614 1531 1645 Sane.
1560 1620 1634 1641 cum
1661 1611 1806 1642 dilectus
1829 1611 1922 1641 tilius
1943 1612 2082 1650 Egidius
2097 1612 2304 1650 granitarius

1257 1684 1258 1690 ι
1289 1663 1429 1693 ecclesie
1455 1674 1480 1693 s.
1516 1664 1654 1694 Martini
1681 1665 1903 1701 Turonensis,
1932 1665 2054 1695 dilecto
2086 1665 2155 1695 tilio
2188 1668 2304 1696 nostro

1256 1729 1257 1732 ¹
1288 1717 1333 1752 S.‚
1364 1718 1453 1747 tituli
1474 1728 1500 1747 s.
1520 1717 1645 1748 Cecilie
1665 1717 1853 1756 presbitero
1873 1718 2049 1748 cardinali.
2068 1727 2126 1757 per
2145 1727 2226 1748 suas
2246 1727 2303 1757 pa-

1288 1772 1398 1801 tentes
1431 1771 1572 1805 litteras.
1598 1772 1685 1802 sicut
1717 1771 1814 1801 nobis
1843 1781 1883 1801 ex
1912 1772 2063 1810 ipsarum
2094 1772 2303 1811 inspectione

1289 1825 1448 1859 innotuIt,
1483 1825 1732 1854 commississet
1767 1828 1801 1854 ut
1833 1825 2052 1864 prebendam,
2078 1834 2178 1864 quain
2213 1825 2302 1856 idem

1288 1878 1430 1916 Egidius
1447 1880 1524 1908 tunc
1548 1878 1580 1907 in
1604 1878 1789 1908 cathedrali
1815 1878 1959 1908 ecclesia
1986 1879 2187 1912 Turonensi.
2207 1878 2302 1917 cujus

1287 1934 1358 1961 erat
1390 1931 1584 1967 canonicus,
1611 1931 1794 1964 obtinebat„
1828 1935 1941 1970 posset
1968 1941 2026 1971 per
2053 1940 2301 1972 quemcumque

1254 1994 1256 2008 ι
1288 1984 1402 2016 vellet,
1431 1984 1539 2022 ipsius
1565 1985 1600 2014 E.
1631 1986 1778 2021 nomine,
1808 1985 1916 2015 facere
1946 1985 2124 2024 resignari,
2153 1985 2299 2016 dilectus

1287 2037 1379 2066 lilius
1409 2037 1576 2068 [tubertus
1598 2038 1637 2067 de
1668 2038 1765 2072 Baro,
1790 2038 1843 2068 cui
1871 2039 1981 2068 dictus
2010 2038 2193 2068 cardinalis
2217 2039 2297 2069 resi-

1286 2090 1410 2129 gnandi
1424 2090 1631 2128 prebendam
1649 2091 1769 2129 ipsam,
1783 2099 1823 2121 ex
1837 2091 2077 2121 commissione
2092 2091 2299 2130 hujusmodi,

1286 2147 1499 2174 concesserat
1530 2145 1604 2174 vive
1636 2144 1727 2174 vocis
1755 2145 1888 2174 oraculo
1918 2144 2123 2181 facultatem,
2158 2145 2299 2175 eandem

1286 2197 1490 2235 prebendam
1512 2197 1618 2227 libere
1637 2197 1670 2227 in
1688 2198 1814 2227 uostris
1834 2197 1991 2228 manibus
2012 2198 2209 2237 resignavit.
2228 2198 2299 2228 Nos

1286 2250 1410 2289 itaque,
1430 2250 1539 2288 ipsius
1554 2251 1750 2286 cardinalis,
1770 2251 1866 2289 cujus
1885 2251 2044 2281 assiduus
2060 2251 2300 2282 commensalis

1285 2304 1418 2340 existis,
1440 2303 1579 2334 obtentu
1599 2314 1636 2334 ac
1654 2306 1788 2334 tuorum
1810 2304 1981 2343 exigentia
1997 2305 2209 2338 meritorum,
2225 2313 2301 2343 spe—

1284 2357 1404 2387 cialem
1432 2357 1493 2387 tibi
1515 2357 1658 2396 gratiam
1690 2357 1862 2392 facientes,
1897 2358 2132 2388 canonicatum
2170 2357 2299 2396 prefate

1284 2409 1489 2440 cathedralis
1507 2410 1649 2440 ecclesie
1668 2410 1861 2449 dictamque
1881 2410 2101 2449 prebendam,
2119 2419 2194 2440 cum
2210 2410 2301 2449 ,iuris

1284 2463 1495 2502 plenitudine
1519 2463 1684 2498 canonici,
1708 2463 1769 2493 tibi
1798 2463 2006 2493 conserimus
2031 2465 2063 2494 et
2080 2464 2300 2502 providemus

1283 2516 1323 2546 de
1339 2516 1409 2546 illis
1426 2526 1462 2546 ac
1480 2518 1511 2546 te
1523 2516 1562 2546 de
1577 2516 1644 2546 hiis
1662 2516 1904 2547 nichilominus
1921 2517 2174 2555 presentialiter
2186 2517 2297 2548 inves-

1282 2569 1399 2605 timus,
1421 2578 1486 2599 non
1506 2569 1660 2600 obstante
1682 2587 1730 2600 —-.
1752 2569 1876 2600 Datum
1897 2570 1985 2608 apud
2007 2569 2297 2608 Urbemveterem‚

1283 2632 1319 2652 111
1336 2623 1500 2653 kalendas
1523 2623 1615 2659 maii,
1635 2631 1723 2653 anno
1741 2623 1853 2653 tertio.
1873 2633 1887 2650 ι)

1374 2795 1466 2825 1585
1853 2792 1981 2820 Urvi-eto.
2003 2792 2036 2819 :29
2054 2792 2125 2819 avril
2146 2792 2221 2819 1261.

1315 2878 1484 2912 Episcopum
1509 2878 1715 2904 Carnoteusem
1739 2877 1903 2911 praedictae
1918 2876 2081 2903 collationis
2097 2877 2212 2911 deputat
2231 2884 2294 2904 exe-

1276 2929 1416 2953 cutorem.
1436 2926 1515 2958 (neo.
1531 2926 1575 2952 29.
1595 2925 1642 2952 tol.
1665 2926 1724 2953 155.
1742 2929 1772 2951 [ιο
1789 2925 1866 2952 (65.1
