2519 3262
1076 211 1317 249 TROISIEME
1347 211 1509 248 ANNEE.

250 305 343 335 vociS
373 305 507 335 oraculo
538 304 635 334 nobis
668 304 808 343 speciali
837 304 971 334 licentia
1000 304 1032 334 et
1062 304 1262 333 auctoritate

250 366 409 388 concessa
426 358 626 392 arbitrandi,
645 358 814 393 laudandi,
830 357 1050 395 precipiendi,
1071 356 1260 392 ordinandi,

249 410 475 441 amicabiliter
510 410 748 450 componendi,
783 409 1026 442 sententiandi,
1057 409 1259 445 diffiniendi,

250 464 421 494 statuendi
448 466 479 494 et
506 464 649 494 faciendi
676 463 763 493 sicut
786 462 884 492 nobis
904 462 1015 491 visum
1036 462 1137 492 suerit
1163 470 1263 500 expe-

248 517 320 547 dire
346 517 385 547 de
409 516 566 547 omnibus
585 525 648 555 (1110
665 516 698 545 111
717 515 964 553 compromisso
982 515 1209 551 continentur,
1231 516 1262 545 et

248 570 429 609 diligenter
446 569 678 600 voluntatibus
704 568 853 607 partium
870 568 1082 606 perquisitis,
1110 568 1263 598 conside-

248 624 320 653 rato
340 623 441 653 etiam
460 623 550 661 quod
568 622 678 651 dictus
693 622 823 652 Cursus
841 621 1050 659 respondens
1069 621 1111 651 ad
1128 630 1263 660 supras-

247 677 393 715 criptum
407 675 574 710 libellum,
587 674 766 705 confessus
782 676 833 704 est
848 676 880 704 et
896 674 981 704 (lixit
999 675 1087 713 1111011
1106 675 1263 705 credebat

247 729 361 768 ipsum
386 729 571 767 Rogerium
584 728 640 767 jus
658 727 781 758 habere
800 727 834 757 in
853 727 950 758 dictis
969 727 1140 766 prebenda
1162 730 1194 758 et
1213 737 1262 758 re-

246 782 311 813 bus
336 781 586 821 pertinentibus
607 781 649 811 ad
670 781 823 816 eandem,
848 783 958 811 cetera
976 790 1054 811 vero
1083 781 1118 810 in
1145 781 1262 812 libello

247 836 403 866 contenta
419 835 565 874 negavit,
579 834 706 865 Christi
717 834 852 864 nomine
866 835 1032 871 invocato,
1046 834 1263 873 presentibus

247 888 347 919 dictis
364 889 511 928 Rogerio
530 889 562 918 et
584 888 730 924 Matheo,
752 889 846 926 patre
867 896 940 924 suo,
962 890 992 918 01
1019 888 1126 918 Curso
1145 897 1262 927 procu-

246 943 357 972 ratore
383 943 415 972 et
438 941 755 980 pronunciationem
782 942 935 971 nostram
959 942 991 971 et
1011 942 1263 979 expeditionem

246 996 346 1035 hujus
365 996 495 1035 negocii
515 1004 588 1025 cum
612 995 778 1026 instancia
797 995 1061 1034 postulantibus,
1081 995 1261 1034 laudando,

247 1049 455 1085 arbitrando,
465 1048 693 1088 precipiendo,
706 1048 1181 1088 amicabilitercomponendo,
1193 1058 1264 1080 sen-

245 1102 420 1133 tentiando
431 1104 463 1133 et
472 1102 671 1132 diffiniendo
683 1103 714 1132 et
726 1104 757 1132 in
769 1102 905 1141 scriptis
916 1103 1182 1140 pronunciando,
1194 1105 1263 1133 tam

246 1155 444 1186 auctoritate
458 1155 617 1194 prelibati
630 1156 869 1194 compromissi
887 1165 989 1194 quam
1006 1156 1108 1186 etiam
1124 1156 1263 1187 licentia

246 1210 277 1239 et
294 1209 494 1239 auctoritate
514 1211 545 1239 et
563 1209 805 1239 commissione
823 1209 953 1239 domini
971 1218 1067 1248 pape,
1090 1210 1264 1248 supradic-

244 1264 316 1292 tum
336 1262 546 1301 Raynerium
560 1262 743 1301 plebanum
758 1271 776 1292 a
790 1263 1011 1300 possessione
1023 1263 1172 1301 predicte
1190 1272 1263 1302 pre-

243 1315 351 1346 hende
368 1317 400 1346 et
425 1324 539 1345 rerum
559 1315 857 1354 infrascriptarum
875 1315 917 1345 ad
934 1316 1074 1346 eandem
1091 1317 1262 1355 pertinen-

244 1369 330 1399 tium
340 1377 538 1399 amovemus
551 1371 582 1399 et
592 1369 819 1399 amovendum
829 1369 1091 1407 pronuntiamus
1102 1371 1262 1409 ipsasque

244 1422 451 1461 prebendam
467 1423 498 1452 et
514 1431 568 1453 res
583 1422 832 1461 infrasemptas,
847 1431 911 1461 que
926 1424 1005 1452 sunt
1018 1422 1119 1453 etiam
1131 1432 1264 1462 supras-

245 1476 363 1514 cripte,
385 1475 473 1505 dicto
497 1475 644 1514 Rogerio
664 1484 723 1514 per
742 1475 855 1513 ipsum
883 1476 1094 1514 Raynerium
1119 1477 1172 1506 vel
1190 1477 1263 1516 ejus

246 1530 500 1567 procuratorem
518 1529 654 1558 restitui
673 1528 881 1567 precipimus
910 1530 941 1558 et
966 1529 1167 1559 mandamus
1187 1539 1262 1560 ean-

246 1582 390 1620 demque
415 1581 621 1620 prebendam
642 1581 709 1620 ipsi
726 1581 872 1620 Rogerio
892 1590 968 1611 cum
983 1581 1093 1616 domo,
1112 1583 1213 1612 terris
1232 1584 1264 1613 et

246 1635 356 1665 vineis
376 1636 409 1665 in
435 1635 630 1674 supradicto
649 1634 767 1664 libello
785 1635 952 1664 contentis
972 1636 1004 1664 et
1023 1635 1151 1673 petitis,
1171 1636 1263 1675 adju-

246 1689 399 1719 dicamus
428 1690 460 1718 et
489 1689 578 1718 dicto
602 1688 722 1724 Curso,
742 1688 976 1726 procuratorio
1000 1689 1136 1719 nomine
1154 1689 1263 1728 ipsius

246 1741 423 1780 Raynerii‚
453 1743 484 1772 et
514 1750 574 1780 per
596 1742 710 1780 ipsum
743 1741 889 1770 Cursum
916 1743 1168 1779 procuratorem
1196 1743 1264 1781 ipsi

247 1795 419 1834 Raynerio
437 1803 541 1833 super
558 1795 642 1833 ipsis
659 1793 840 1833 prebenda,
858 1795 969 1830 domo,
986 1795 1088 1824 terris
1104 1796 1136 1825 et
1154 1795 1264 1826 vineis

246 1850 448 1887 perpetuum
460 1847 635 1878 silentium
649 1847 870 1886 imponimus
886 1847 1024 1877 Dictum
1034 1848 1181 1878 Cursum
1191 1857 1265 1887 prc-

246 1902 436 1932 curatorem
454 1902 486 1931 01
508 1909 567 1939 per
585 1901 700 1939 ipsum
717 1900 860 1930 eundem
880 1901 1091 1939 Itaynerium
1109 1902 1150 1932 ad
1169 1903 1264 1932 resti-

247 1955 414 1985 tutionem
425 1954 655 1993 predictarum
671 1953 914 1992 possessionis
929 1953 1111 1992 prebende,
1130 1955 1262 1991 domus,

245 2009 415 2038 terrarum
444 2009 475 2038 et
505 2008 682 2037 vinearum
711 2007 900 2037 faciendam
926 2007 993 2045 ipsi
1021 2008 1167 2047 Rogerio
1189 2018 1263 2039 con-

246 2061 481 2100 dempnamus.
504 2062 533 2091 A
554 2060 720 2091 fructibus
739 2069 818 2090 vero
841 2061 880 2090 de
903 2061 1066 2099 predictis
1094 2062 1265 2100 prebenda

246 2116 278 2145 et
297 2114 398 2144 rebus
415 2114 585 2153 perceptis
603 2115 635 2144 01
655 2113 712 2153 qui
730 2113 860 2152 percipi
879 2115 1060 2152 potuerunt
1077 2124 1095 2145 a
1113 2117 1264 2154 tempore

247 2168 478 2206 occupationis
491 2176 593 2206 quam
605 2167 716 2197 dictus
729 2167 896 2205 Rogerius
909 2167 1019 2198 (licita
1032 2168 1120 2198 dicto
1131 2169 1263 2207 11111110-

247 2221 296 2251 110
314 2230 389 2251 esse
407 2221 542 2257 factam,
569 2222 600 2251 et
625 2220 665 2250 ab
686 2220 847 2259 expensis
871 2221 905 2250 in
924 2220 1040 2251 libello
1056 2230 1116 2260 per
1136 2222 1264 2253 dictum

246 2274 433 2313 Rogerium
454 2283 558 2313 supra
572 2274 690 2312 petitis
707 2273 834 2304 dictum
853 2275 1011 2309 Cursum,
1030 2275 1263 2313 procuratorio

247 2327 382 2358 nomine
400 2328 511 2366 ipsius
529 2327 692 2366 Raynerii
711 2327 859 2366 plebani,
879 2328 911 2357 et
935 2336 994 2366 per
1013 2328 1126 2366 ipsum
1146 2338 1265 2367 procu-

248 2383 394 2411 ratorem
412 2381 556 2411 eundem
568 2381 791 2420 Raynerium,
804 2389 864 2419 pro
881 2380 968 2411 bono
982 2382 1076 2420 pacis
1091 2383 1266 2413 010011001-

248 2433 301 2464 die
334 2434 415 2464 dicti
448 2434 688 2472 compromissi
720 2435 752 2464 et
777 2434 903 2464 domini
932 2443 1018 2473 pape
1052 2436 1263 2471 auctoritate,

249 2486 461 2517 absolvimus
488 2488 519 2517 et
542 2486 737 2517 absolutum
764 2487 1037 2525 pronuntiamus,
1062 2488 1215 2519 volentes
1233 2490 1265 2519 et

249 2540 446 2578 supradicta
471 2540 611 2570 licentia
640 2541 671 2570 et
702 2540 914 2576 auctoritate,
936 2542 971 2570 ut
1001 2540 1129 2571 dictum
1155 2543 1217 2578 est,
1247 2551 1265 2571 a

248 2593 385 2623 domino
411 2601 499 2632 papa
521 2592 681 2626 obtentis,
703 2594 892 2623 statuentes
913 2595 945 2624 et
961 2594 1159 2625 ordinantes
1176 2595 1267 2634 quod
1295 2609 1297 2628 ι

249 2647 446 2685 supradicta
456 2646 636 2682 ordinatio,
652 2646 812 2676 diffinitio
826 2655 885 2676 seu
900 2647 1133 2684 pronuntiatio
1150 2650 1266 2678 nostra
1296 2671 1297 2691 ;

251 2701 282 2729 et
317 2701 428 2730 cetera
458 2699 652 2738 supradicta
686 2699 818 2728 nullum
847 2700 1073 2738 prejudicium
1107 2703 1266 2740 generent
1296 2694 1297 2699 ¹

250 2752 317 2791 ipsi
334 2752 506 2791 Raynerio
524 2753 557 2782 in
576 2761 774 2791 quacunque
787 2752 855 2782 alia
870 2752 1040 2790 prebenda
1057 2762 1121 2792 (1110
1136 2755 1175 2784 de
1191 2754 1266 2793 jure
1296 2767 1297 2798 1

251 2805 316 2835 sibi
334 2805 513 2836 deberetur
538 2806 572 2835 in
591 2806 680 2835 dicta
703 2805 846 2835 ecclesia
862 2806 1070 2842 Florentina‚
1091 2807 1150 2837 sed
1168 2816 1266 2838 omne

248 2858 304 2897 jus
320 2859 409 2898 quod
436 2859 470 2889 in
489 2867 688 2898 quacunque
706 2858 773 2888 alia
785 2858 958 2897 prebenda
975 2859 1009 2889 in
1022 2859 1112 2890 dicta
1123 2860 1267 2891 ecclesia
1296 2851 1297 2857 ¹

251 2911 317 2942 sibi
344 2912 514 2951 competit,
532 2912 670 2942 illesum
690 2913 722 2942 et
746 2911 917 2951 integrum
939 2921 1165 2943 reservamus.
1186 2914 1265 2945 Pre-
1297 2925 1298 2933 ¹

379 2974 519 3003 URBAIN
542 2975 596 3009 IV,
618 2976 638 3002 t.
659 2974 716 3006 ΙΙΙ,
737 2975 802 3008 Ιίοῃ.
823 2974 883 3001 orel.

2282 223 2340 251 113

1325 303 1414 333 dicta
1432 302 1697 342 11111110111011111111
1715 303 1745 331 et
1763 301 1897 340 singula
1913 302 2094 340 sepedictis
2116 303 2259 341 lingerio
2280 314 2337 342 pro

1325 365 1360 387 se
1377 357 1505 387 etdicto
1516 356 1635 389 Curso,
1648 355 1879 393 procuratorio
1891 355 2025 384 nomine
2037 355 2146 393 ipsius
2159 357 2335 395 Raynerii,

1324 411 1356 440 et
1373 419 1431 448 per
1445 411 1558 448 ipsum
1577 410 1830 447 procuratorem
1850 408 1958 437 eidem
1973 409 2133 438 flatum-10
2150 418 2209 447 per
2226 412 2338 440 omnia

1324 464 1356 493 01
1376 463 1520 501 singula,
1547 461 1609 492 sub
1633 461 1745 491 debito
1768 461 1937 491 hincinde
1960 462 2289 500 prestitijuramenti
2308 465 2338 494 et

1325 517 1387 547 sub
1415 525 1501 555 pena
1529 516 1789 555 quingentarum
1815 514 1978 544 librarum
1998 515 2200 545 florenorum
2222 525 2339 554 parvo-

1324 579 1399 600 rum
1418 571 1452 600 111
1469 569 1714 608 compromisso
1735 569 1890 607 apposita
1907 577 1923 598 a
1943 570 2036 606 parte
2055 577 2120 598 non
2138 568 2338 599 observante

1324 623 1475 661 predicta
1493 631 1551 661 per
1570 621 1704 661 singula
1723 622 1810 659 parti
1828 621 2020 651 observanti
2043 622 2216 657 solvenda,
2236 625 2341 652 atten-

1325 676 1402 707 dere
1418 679 1449 706 et
1468 676 1647 706 observare
1666 684 1703 705 ac
1725 675 1910 713 adimplere
1930 675 2138 713 precipimus
2156 677 2185 705 ct
2205 676 2341 706 manda-

1324 739 1417 763 mus2
1438 739 1503 768 qua
1528 729 1664 768 quidem
1686 737 1772 767 pena
1798 728 1902 758 semel
1926 728 1978 757 vel
2000 729 2130 766 pluries
2157 729 2268 759 soluta
2286 730 2339 760 vel

1324 792 1390 813 non
1406 783 1530 819 soluta,
1551 783 1664 813 omnia
1685 783 1716 811 et
1733 781 1867 820 singula
1885 782 2078 819 supradicta
2098 782 2340 812 nichilominus

1324 837 1542 874 perseverent
1568 836 1601 865 in
1622 844 1682 865 suo
1708 834 1827 865 robore
1846 835 2030 864 firmitatis.
2054 835 2090 864 In
2111 835 2339 873 predictorum

1325 891 1437 920 autem
1456 889 1607 919 omnium
1626 888 1860 919 testimonium
1875 889 1906 918 et
1923 890 2121 926 perpetuam
2140 888 2339 918 memoriam

1326 943 1530 977 futurorum,
1550 951 1691 981 presens
1712 942 1977 971 instrumentum
2001 950 2059 979 per
2084 942 2339 980 infrascriptum

1324 996 1526 1031 Gerardum,
1545 995 1715 1026 notarium
1735 996 1901 1030 nostrum,
1914 995 2090 1033 scriptum,
2108 995 2215 1024 nostri
2234 994 2339 1033 sigilli

1325 1049 1445 1079 robore
1462 1049 1630 1088 jussimus
1647 1048 1861 1078 communiri.
1880 1048 2002 1078 Latum
2020 1049 2071 1077 est
2090 1051 2120 1077 et
2140 1048 2339 1086 pronuncia-

1324 1104 1397 1133 tum
1422 1111 1480 1141 per
1505 1102 1736 1140 supradictum
1769 1101 1943 1131 dominum
1969 1101 2008 1131 G.
2032 1101 2237 1130 cardinalem
2264 1103 2294 1130 et
2322 1109 2339 1130 a

1325 1156 1519 1195 supradicto
1537 1155 1694 1194 Rogerio,
1720 1156 1888 1193 presente,
1907 1154 2040 1184 volente
2061 1155 2092 1184 et
2109 1154 2339 1183 consentiente

1324 1210 1413 1239 dicto
1430 1209 1574 1245 Matheo,
1592 1211 1685 1247 patre
1699 1217 1771 1244 suo,
1790 1210 1850 1238 eta
1864 1208 1953 1237 dicto
1971 1207 2089 1238 Curso.
2106 1207 2339 1245 procuratorio

1324 1263 1456 1292 nomine
1476 1263 1586 1301 ipsius
1608 1262 1784 1301 ltaynerii,
1813 1262 2022 1300 acceptatum
2053 1263 2084 1290 et
2110 1260 2339 1299 omologatum

1324 1325 1383 1355 per
1402 1316 1549 1355 singula,
1566 1316 1654 1354 apud
1674 1315 1962 1347 [11110111101010111Ὗ
1978 1315 2011 1343 111
2025 1314 2173 1352 hospitio
2189 1314 2338 1351 ejusdem

1324 1369 1520 1405 cardinalis,
1555 1378 1641 1399 anno
1673 1368 1863 1398 nativitatis
1895 1368 2033 1398 Domini
2063 1367 2336 1402 M⁰CC0LXIIII⁰,

1324 1423 1505 1453 indictione
1517 1423 1672 1461 septima,
1692 1422 1837 1460 septimo
1848 1421 2010 1451 kalendas
2023 1421 2155 1459 aprilis,
2168 1420 2338 1458 pontifica-

1324 1478 1380 1507 tus
1397 1476 1525 1506 domini
1545 1475 1672 1506 Urbani
1698 1484 1783 1513 pape
1800 1475 1865 1505 IIII
1885 1483 1971 1504 anno
1989 1474 2100 1507 tertio,
2122 1473 2338 1512 presentibus

1325 1530 1488 1569 magistro
1516 1530 1616 1559 Petro
1644 1528 1884 1562 Arnl›ianensi;
1908 1528 2070 1566 magistro
2090 1527 2275 1558 Gruillelmo
2298 1526 2338 1556 de

1324 1587 1536 1625 Pampilona,
1565 1585 1751 1624 capellanis
1770 1585 1879 1624 ipsius
1905 1585 2032 1614 domini
2060 1584 2261 1619 cardinalis,
2283 1584 2338 1613 do-

1324 1641 1416 1670 mino
1446 1641 1571 1675 Α120110,
1598 1639 1740 1677 plebano
1768 1639 1807 1669 de
1835 1638 2003 1673 Cintorio;
2030 1638 2163 1676 Pagano
2188 1638 2227 1667 de
2256 1637 2337 1667 Pins

1324 1694 1447 1724 clerico
1476 1693 1605 1723 domini
1634 1717 1639 1723 ,
1667 1715 1673 1721 .
1703 1692 1854 1730 episcopi
1882 1691 2157 1730 Andegavensis3
2189 1691 2337 1720 Jordano

1324 1746 1470 1780 Mei-ion,
1491 1745 1744 1775 Lemovicensis
1769 1744 1934 1778 diocesis3
1962 1743 2124 1782 magistro
2151 1743 2336 1773 Guillelmo

1325 1799 1457 1829 Nicolai
1471 1799 1511 1828 de
1525 1798 1653 1833 Trecis,
1670 1797 1801 1827 notario
1821 1797 1930 1835 ipsius
1943 1796 2072 1826 domini
2089 1796 2291 1830 cardtnalisg
2306 1797 2338 1826 et

1325 1852 1488 1891 magistro
1508 1851 1744 1881 Barthtdomeo
1765 1851 1804 1880 de
1832 1850 1972 1880 Cersino
1996 1850 2140 1886 notario,
2162 1849 2203 1879 ad
2222 1858 2337 1888 supra-

1325 1905 1415 1935 dicta
1429 1905 1556 1935 vocatis
1576 1904 1721 1934 testibus
1745 1905 1777 1934 et
1798 1903 1937 1942 rogatis.
1957 1903 1999 1933 Et
2022 1911 2082 1942 ego
2100 1903 2262 1942 magister
2278 1903 2339 1933 Ge-

1326 1958 1444 1988 rardus
1466 1958 1586 1987 Juncte
1612 1957 1766 1993 Decredi,
1794 1956 1951 1995 publicus
1977 1956 2130 1986 notarius
2151 1956 2338 1995 supradicti

1326 2011 1455 2041 domini
1471 2011 1647 2041 Guillelmi
1666 2010 1860 2046 cardinalis,
1885 2010 2047 2049 predictis
2065 2010 2337 2048 pronunciationi

1327 2065 1476 2095 interfui,
1497 2064 1719 2103 acceptationi
1752 2066 1783 2094 et
1814 2063 2067 2103 omologationi.
2090 2065 2121 2093 et
2147 2063 2339 2102 supradicta

1326 2119 1439 2148 omnia
1457 2118 1496 2147 de
1520 2118 1678 2147 mandato
1708 2117 1818 2156 ipsius
1840 2117 1967 2147 domini
2000 2117 2184 2147 cardinalis
2203 2117 2336 2155 scripsi,

1325 2172 1468 2211 ideoque
1486 2171 1677 2210 subscripsi
1698 2172 1729 2201 et
1747 2180 1819 2201 meo
1836 2171 1931 2209 signo
1947 2170 2090 2209 signavi.
2112 2181 2124 2198 ι)

1365 2225 1461 2256 Nulli
1490 2234 1568 2264 ergo
1599 2225 1713 2254 nostre
1749 2223 2015 2253 confirmationis
2046 2223 2243 2262 infringere,
2275 2225 2336 2254 etc.

1325 2279 1450 2309 Datum
1465 2278 1553 2317 apud
1563 2277 1851 2311 Urbemveterem,
1868 2286 1912 2306 vn
1930 2277 2092 2307 kalendas
2108 2277 2237 2315 aprilis,
2252 2285 2338 2307 anno

1326 2333 1437 2363 tertio.
1461 2343 1475 2360 1)

1418 2505 1514 2537 1124
1925 2502 2048 2532 Orvictovv
2069 2504 2083 2528 T
2100 2502 2170 2528 avril
2191 2502 2266 2529 12131.

1363 2589 1534 2623 Episcopmn
1558 2587 1731 2614 Fesulanum
1751 2586 1913 2620 praedictae
1941 2585 2129 2612 ordinationis
2155 2587 2339 2612 executorem

1327 2637 1486 2666 constituit.
1507 2638 1586 2671 (linc.
1605 2637 1650 2670 29,
1668 2635 1717 2663 fol.
1735 2636 1767 2662 73
1784 2641 1820 2660 w,
1835 2641 1865 2661 u³
1883 2635 1955 2669 173.)

1370 2757 1384 2775 11
1403 2746 1562 2786 Episcopo
1576 2743 1738 2774 Fesalnno.
1752 2742 2142 2774 Exliibitanobisdilecti
2157 2759 2206 2771 —.
2220 2742 2341 2772 Datum

1331 2800 1419 2839 apud
1437 2798 1726 2833 Urbemveterem,
1748 2806 1790 2826 vn
1811 2797 1886 2826 idus
1903 2796 2034 2835 aprilis,
2054 2804 2139 2825 anno
2161 2794 2270 2825 tertio.
2291 2804 2305 2822 »

2186 2971 2217 2996 15
