2659 3242
88 560 160 587 1261
253 560 373 589 Viterbe

85 1232 155 1259 1261
283 1249 323 1253 —-

60 1282 144 1316 sept.
167 1281 217 1308 22.

82 1519 155 1547 1261
280 1534 319 1538 ——

61 1570 146 1604 sept.
168 1568 218 1595 28.

79 1852 152 1880 1261
275 1867 303 1873 -

57 1902 122 1928 oct.
163 1901 182 1928 5

77 2136 149 2164 1261
273 2150 312 2156 -—

52 2187 117 2213 001.
143 2185 189 2212 18.

78 2331 150 2359 1261
275 2347 314 2351 —

54 2382 118 2408 oct.
140 2380 190 2407 28.

83 2771 155 2799 1261
282 2785 320 2789 ——

60 2827 134 2848 nov.
156 2819 206 2846 21.

877 219 1047 250 TABLES
1065 221 1126 251 DU
1145 221 1362 253 REGISTRE
1380 224 1589 256 D'URBAIN
1609 227 1654 256 IV

994 313 1080 339 Pagos.
1100 314 1233 335 Numeros.

432 374 489 407 IX,
530 374 561 401 in
599 375 735 402 civitate
772 375 941 409 Anagnina
979 377 1032 403 vel

429 424 520 450 extra
553 430 651 458 prope
681 424 848 452 civitatem
881 425 1030 452 aedifica-

428 479 461 499 re
494 473 654 507 proponit.

1029 519 1092 538 tome
1114 517 1143 538 lV

474 561 569 588 Suam
596 561 628 588 in
656 568 812 588 summum
841 562 1050 596 pontificem]
1081 562 1234 593 7712996

430 610 615 637 electionem
661 610 896 645 archiepiscopo
940 610 1018 637 Nar-

427 659 558 685 bonensi
590 659 761 692 significat.
1029 669 1091 688 tome
1111 667 1139 688 ιν

468 707 713 741 Archiepiscopo
824 707 1044 737 Narbonensi!
1094 718 1104 731 »
1137 707 1233 741 12997

427 756 560 782 mandat
585 756 757 782 denunciet
780 757 1033 783 excommunica-

427 807 477 831 tos
494 805 662 831 canonicos
680 805 917 839 Magalonenses
935 812 1027 839 prop-

426 855 474 880 ter
493 854 600 880 varios
621 861 766 880 excessus
786 854 824 880 ab
845 854 921 888 ipsis
940 861 1024 880 com-

427 903 541 929 missos
577 903 609 928 in
646 903 759 929 fratres
792 901 991 929 carmelitas.
1026 912 1088 931 tome
1109 911 1137 931 lv

469 951 712 985 Archiepiscopo
726 951 925 978 Narbonensi
937 959 1024 978 man-
1043 953 1047 984 1
1092 962 1102 974 n
1135 951 1231 985 12998

428 1000 484 1027 dat
525 1000 644 1026 habeat
685 1000 799 1026 fratres
837 998 1027 1027 Carmelitas

426 1049 666 1075 commendatos
709 1050 762 1083 qui
805 1049 837 1075 in
891 1049 1025 1076 civitate

426 1096 627 1124 Narbonensi
654 1098 783 1129 domum
810 1099 843 1124 et
869 1097 1023 1132 capellam

430 1145 598 1172 awdil'iearc
623 1148 815 1180 proponunt.

1025 1190 1089 1211 tome
1111 1189 1139 1210 1v

474 1233 666 1260 Monasterio
701 1234 948 1261 Grandissilvae.
972 1234 1042 1266 οῖ’-1
1084 1246 1093 1257 »ι
1135 1234 1231 1266 12999

429 1283 511 1309 (111115
524 1281 750 1315 Cisterciensis,
767 1283 941 1310 Tolosanae
959 1282 1025 1309 dio-

424 1332 510 1358 cesis.
532 1331 697 1365 privilegia
725 1331 802 1365 ipsis
831 1338 848 1357 3
878 1331 1025 1366 principi-

426 1381 484 1407 bus
504 1382 537 1407 et
558 1381 759 1406 ecclesiarum
782 1381 933 1414 praelatis
953 1387 1024 1407 con-

423 1436 519 1461 cessa,
543 1429 724 1456 confirmat.

1023 1473 1088 1494 tome
1109 1471 1138 1493 lv

479 1518 777 1553 Archiepiscopo
820 1517 1040 1551 Narbonensi!
1075 1517 1113 1543 ’29
1133 1517 1230 1549 12870

430 1567 563 1594 mandat
590 1568 729 1602 inquirat
757 1567 795 1594 de
820 1567 999 1593 excessibus

424 1617 609 1643 enormibus
623 1617 661 1643 ab
676 1617 823 1651 episcopo
837 1616 1020 1642 Ruthenen-

422 1665 446 1692 si
471 1665 655 1699 commissis,
684 1665 855 1692 secundum
882 1665 943 1699 ipsi
969 1671 1016 1691 ar-

420 1714 622 1748 chiepiscopo
643 1714 755 1741 missas
777 1714 815 1740 ab
837 1714 1017 1741 Alexandro

427 1770 511 1797 papa
539 1763 581 1789 IV
608 1763 745 1790 litteras.

1023 1807 1087 1828 tome
1109 1806 1138 1827 lV

463 1852 654 1878 Abbatissae
686 1853 718 1878 et
751 1852 922 1880 conventui
956 1852 1043 1884 1110-1
1087 1862 1096 1874 »ι
1133 1852 1226 1883 12871

424 1900 555 1927 nasterii
578 1907 602 1927 s.
626 1901 712 1927 Petri
736 1900 774 1926 de
796 1900 905 1927 Vineis
927 1907 1024 1934 prope

423 1949 611 1983 Anagniam,
650 1949 769 1976 ordinis
803 1956 826 1976 s.
863 1949 1022 1982 Damiani,

419 1998 551 2024 mandat
589 1998 739 2024 obediant
777 1999 809 2024 et
846 1997 1014 2024 intendant

418 2047 567 2080 episcopo
619 2046 795 2080 Anagnino.

1022 2091 1086 2111 tome
1108 2090 1136 2111 iv

459 2135 603 2161 Litterae
641 2134 848 2161 credentiales
885 2135 1041 2166 mittun-1
1084 2146 1094 2159 »
1131 2136 1229 2167 12872

420 2185 473 2209 tur
492 2183 641 2218 episcopo
661 2183 799 2210 Reatino
820 2190 875 2217 pro
895 2183 1018 2211 Tudino

417 2232 455 2258 de
486 2231 600 2265 Rogia‚
631 2231 763 2258 ostiario
793 2231 979 2265 apostolico.

1021 2285 1086 2305 tome
1107 2283 1136 2305 1v

465 2329 585 2355 Abbati
610 2329 794 2355 monasterii
819 2336 842 2355 s.
868 2329 1018 2362 Pastoris,
1039 2328 1043 2360 1
1086 2340 1096 2352 »
1133 2329 1227 2362 12873

417 2378 637 2405 (11510101011515
680 2377 810 2409 ordinis,
855 2377 1012 2404 Reatinae

419 2427 562 2459 diocesis,
600 2426 731 2453 mandat
769 2426 892 2452 dividat
929 2433 1014 2452 men-

423 2483 490 2502 sam
561 2475 771 2509 episcopalem
842 2482 858 2500 a
918 2481 1024 2501 mensa

426 2524 561 2558 capituli
618 2523 756 2555 Reatini,
813 2523 906 2556 juxta
970 2523 1023 2549 lit-

422 2575 506 2599 teras
535 2572 677 2605 Gregorii
708 2578 807 2606 papae
839 2571 896 2604 lx,
934 2579 1022 2598 man-

426 2622 504 2647 dato
534 2620 678 2654 magistri
708 2620 746 2647 de
775 2620 899 2652 Pennis,
931 2621 1026 2654 scrip-

424 2670 503 2696 toris
528 2669 708 2703 apostolici,
734 2676 795 2695 non
822 2669 980 2696 obstante.

1023 2722 1086 2742 tome
1108 2721 1136 2742 lv

468 2765 689 2799 Indulgentiae
714 2766 930 2793 conceduntur
955 2773 1019 2792 om·
1038 2771 1042 2798 1
1058 2765 1112 2791 χῖῑῖΟ
1131 2769 1134 2797 1
1150 2766 1225 2792 2874

427 2815 523 2842 nibus
566 2815 721 2848 capellam
771 2814 980 2841 visitantibus

423 2869 518 2901 quam
538 2869 593 2890 rex
610 2864 804 2892 Francorum
824 2864 855 2890 in
874 2863 1020 2890 domibus

1313 514 1382 540 1261

1291 569 1362 588 nov.
1385 564 1434 590 29.

1310 954 1379 981 1261

1288 1003 1353 1029 dec.
1379 1005 1421 1030 let

1309 1199 1378 1225 1261

1288 1248 1353 1274 de'c.
1396 1250 1425 1274 6.

1310 1350 1380 1377 1261

1288 1399 1354 1426 dec.
1381 1399 1426 1426 12.

1308 1541 1378 1568 1261

1287 1590 1353 1616 dec.
1376 1590 1427 1617 23.

1308 2027 1382 2053 1262

1475 515 1601 544 Viterbe.

2398 237 2465 269 291.

2215 326 2300 351 Panes.
2320 327 2452 349 Numero·-

1652 384 1744 417 regiis
1786 385 1823 412 de
1863 386 2022 419 corbolio,
2066 388 2252 416 parisiensis

1650 431 1788 459 diocesis.
1819 434 1984 461 aedificari
2026 435 2134 468 jussit..

2250 482 2313 502 tome
2335 481 2363 502 tv

1691 521 1877 554 'remplariis
1919 522 2057 556 indulget
2105 525 2139 550 ut
2182 525 2270 555 sine:
2301 526 2454 557 3012875

1652 569 1901 596 contradictione
1957 571 2106 605 episcopi,
2160 579 2249 607 prae-

1649 618 1772 643 sentare
1799 618 1928 644 valeant
1957 619 2089 646 clericos
2118 621 2171 654 qui
2202 627 2249 648 ec-

1648 664 1749 691 vlesiis
1770 665 1809 691 ad
1830 666 1969 700 ipsorum
1991 667 2141 694 Militiam
2162 676 2250 703 spec·

1650 713 1793 739 lantibus
1835 714 2022 746 inserviant,
2075 716 2248 744 dummodo

1648 759 1851 794 hospitalitas
1893 763 2079 790 observetur
2123 766 2154 791 et
2207 765 2245 792 de

1650 807 1770 839 juribus
1804 810 2036 844 episcopalibus
2071 812 2249 840 diocesanis

1649 858 1803 891 episcopis
1845 859 1966 891 integre
2011 860 2161 887 satisfiat.

2249 906 2312 925 tome
2335 904 2362 925 lv

1694 958 1813 985 Abbati
1835 958 1981 986 Cistercii
2005 960 2136 995 ejusque
2159 962 2251 988 coab-
2280 964 2282 986 1
2300 962 2334 989 31
2355 965 2358 995 1
2377 963 2453 989 2876

1651 1007 1778 1033 batibus
1801 1009 1833 1034 et
1856 1009 2067 1035 conventibus
2093 1010 2249 1037 universis

1644 1049 1860 1078 Cisterciensis
1885 1053 2003 1080 ordinis
2030 1060 2085 1079 sua
2112 1053 2181 1086 jura
2207 1056 2239 1081 et

1647 1099 1865 1127 immunitates
1902 1102 2083 1128 confirmat.

2248 1156 2312 1176 tome
2333 1155 2361 1176 tv

1690 1202 1894 1236 privilegium
1927 1210 1982 1237 pro
2014 1204 2122 1230 ordine
2154 1204 2245 1230 Prae·
2277 1207 2279 1235 1
2315 1215 2324 1227 n
2353 1204 2452 1235 12877

1646 1251 1883 1277 monstratensi.

2247 1306 2311 1326 tome
2332 1304 2361 1325 W

1690 1352 1883 1379 .xuximan0s
1903 1354 2052 1380 hortatur
2074 1355 2108 1379 ut
2131 1353 2171 1380 ad
2193 1354 2245 1380 de-
2276 1356 2277 1370 ¹
2313 1365 2322 1376 ›=
2356 1354 2452 1385 {1878

1644 1401 1806 1427 votionem
1832 1401 1995 1428 Romanae
2021 1401 2172 1428 ecclesiae
2199 1408 2245 1428 re-

1648 1449 1754 1475 deant.

2246 1495 2310 1515 tome
2331 1493 2360 1515 lv

1685 1542 1842 1569 Abbatem
1867 1550 1890 1569 5.
1917 1542 2066 1577 Dionysii
2091 1543 2122 1569 in
2146 1543 2244 1569 Fran·
2278 1542 2451 1575 13212879

1649 1592 1698 1617 cia
1715 1592 1969 1618 conservatorem
1988 1591 2160 1618 constituit
2181 1591 2243 1625 pri-

1642 1640 1750 1673 vilegii
1789 1639 1962 1672 Ludovico,
2004 1640 2070 1674 regi
2111 1641 2244 1666 Franco-

1645 1696 1724 1721 rum,
1749 1688 1898 1720 concessi,
1926 1689 1980 1723 qui
2006 1689 2162 1723 quasdam
2188 1689 2244 1715 do-

1646 1745 1713 1764 mos
1743 1737 1801 1764 Dei
1831 1737 1862 1763 in
1891 1737 2120 1770 pontisarensi,
2151 1735 2244 1764 Com-

1647 1786 1807 1820 pendiensi
1845 1787 1877 1812 et
1914 1785 2109 1812 Vernonensi
2146 1785 2244 1818 villis,

1648 1834 1924 1868 Rothomagensis,
1950 1834 2183 1861 suessionensis
2211 1835 2241 1861 et

1645 1883 1842 1910 Ehroicensis
1869 1883 2054 1917 diocesium,
2073 1883 2244 1910 aedificare

1647 1932 1748 1966 cupit.

2247 1976 2311 1997 tome
2332 1975 2361 1996 Ν

1687 2025 1837 2052 Vassallis
1859 2025 2008 2051 ecclesiae
2030 2025 2244 2052 Narbonensis
2278 2027 2281 2058 1
2301 2025 2336 2051 78
2353 2027 2355 2057 1
2373 2024 2451 2052 3008

1646 2074 1776 2100 nunciat
1811 2080 1843 2100 se
1878 2074 2083 2100 confirmasse
2119 2074 2247 2100 electio-

1647 2130 1717 2149 nem
1743 2130 1760 2149 a
1784 2123 1926 2156 capitulo
1952 2122 2071 2149 factam
2097 2122 2135 2148 de
2159 2122 2247 2148 Mau-

1646 2172 1725 2204 rino,
1747 2171 1898 2198 canonico
1921 2170 2063 2204 ejusdem
2086 2170 2244 2202 ecclesiae,

1645 2221 1808 2255 capellano
1858 2219 2043 2253 apostolico,
2081 2219 2112 2244 in
2149 2219 2246 2244 archi-

1647 2269 1829 2303 episcopum
1852 2264 2097 2293 Narbonensem
2128 2273 2244 2301 eosque

1648 2318 1794 2343 hortatur
1821 2317 1855 2343 ut
1881 2316 1982 2342 eidem
2009 2315 2244 2349 archiepiscopo

1647 2365 1799 2392 obediant
1837 2367 1868 2391 et.
1907 2364 2089 2390 intendant.

1687 2475 1916 2501 Archidiacono
1960 2473 2073 2499 minori
2114 2472 2242 2498 careas·
2277 2474 2279 2503 j

1646 2523 1787 2550 sonensis
1818 2524 1966 2550 ecclesiae
1998 2522 2127 2549 mandat
2162 2522 2242 2548 solvi

1647 2572 1742 2598 iaciat
1793 2571 1953 2604 Maurino,
2007 2570 2243 2604 archiepiscopo

1647 2620 1854 2646 Narbonensi.
1873 2620 1999 2646 tructus
2016 2621 2047 2645 et
2069 2619 2244 2652 proventus

1648 2669 1740 2695 unius
1767 2668 1841 2694 anni
1869 2674 1996 2694 suorum
2025 2666 2125 2701 ipsius
2153 2667 2244 2693 bene-

1644 2717 1791 2743 ficiorum
1827 2716 1886 2742 sibi
1911 2715 2098 2741 collatorum
2124 2715 2246 2741 ratione

1646 2765 1824 2791 studiorum
1866 2764 2051 2798 priusquam
2098 2763 2237 2789 ascendit

1647 2808 1883 2835 Narbonensem
1914 2807 2098 2834 cathedram
2127 2807 2245 2833 archie-

1647 2857 1850 2892 piscopalem.
