2519 3262
1066 148 1306 186 TROISOEME
1333 149 1495 186 ANNEE.

237 240 388 271 tei-nitati
407 243 462 271 tue
486 241 690 271 mandamus
717 240 889 279 quatinus,
915 240 1005 270 veris
1029 239 1255 270 existentibus
1281 278 1283 284 Ι

238 294 456 332 supradictis,
481 294 608 324 faciens
631 293 693 324 tibi
712 302 829 324 omnes
855 293 984 322 litteras
1004 293 1081 322 hinc
1102 292 1179 321 inde
1197 291 1252 321 ob-

238 348 349 377 tentas
367 349 398 376 et
419 355 599 385 processus
620 356 677 385 per
694 355 751 376 eas
769 349 800 376 et
819 346 946 375 dictum
962 345 1142 375 officialem
1160 344 1254 374 habi-

236 402 289 429 tos
317 399 481 431 exhiberi,
502 399 694 429 detentores
721 398 761 428 ad
794 397 1039 427 exhibitionem
1065 405 1194 432 eorum,
1222 396 1251 425 si

238 461 375 482 necesse
396 452 510 486 suerit,
530 460 588 490 per
608 459 786 482 censuram
811 450 1077 480 ecclesiasticam
1103 449 1252 487 appella-

239 505 330 535 tione
345 505 534 543 postposita
550 503 805 543 compescendo,
824 503 942 532 audias
960 510 1096 532 causam
1114 504 1145 531 et
1164 510 1250 536 eam,

241 558 330 588 infra
350 567 410 588 sex
431 566 565 587 menses
583 559 659 595 post
676 556 904 594 receptionem
924 555 1145 593 presentium,
1161 554 1252 593 judi—

237 611 289 640 cio
308 611 371 647 vel,
395 611 422 640 si
445 610 484 640 de
510 610 658 648 partium
683 609 854 638 voluntate
877 608 1093 646 processerit,
1117 615 1252 637 concor—

238 663 293 693 dia
317 664 499 693 terminare
523 670 695 701 procures,
724 662 850 691 faciens
873 661 961 700 quod
985 661 1175 691 decreveris
1192 668 1252 698 per

237 725 413 746 censuram
441 715 707 746 ecclesiasticam
738 715 880 744 firmiter
913 714 1098 744 observari.
1131 714 1251 744 Testes

240 771 301 799 etc.
330 777 438 807 usque
466 768 655 807 prohibere.
678 768 841 806 Alioquin
860 776 934 798 eam
959 769 1083 797 extunc
1107 767 1253 796 instruc-

238 824 306 852 tam
335 822 386 852 vel
412 830 477 852 non
506 822 705 852 instructam
731 821 771 851 ad
799 821 949 859 ejusdem
979 820 1072 850 sedis
1099 820 1254 850 remittas

238 884 392 912 examen,
414 875 543 913 prefixo
569 874 724 913 partibus
749 875 892 904 termino
919 873 1147 912 peremptorio
1166 882 1254 903 com-

240 928 368 966 petenti
385 936 451 966 quo
468 937 526 966 per
545 936 580 958 se
598 928 649 957 vel
668 930 904 966 procuratores
922 927 1072 965 ydoneos
1091 935 1166 956 cum
1185 935 1247 956 om·

239 981 340 1011 nibus
358 981 454 1016 actis,
471 980 607 1019 juribus
624 983 656 1011 et
674 980 895 1010 munimentis
912 980 997 1016 suis,
1012 979 1200 1018 apostolico
1218 988 1253 1009 se

240 1033 435 1072 conspectui
451 1035 697 1072 representent,
717 1033 751 1063 in
768 1042 870 1063 causa
887 1033 971 1072 ipsa,
991 1034 1092 1071 prout
1109 1033 1189 1062 ordo
1203 1041 1254 1062 ra-

239 1087 343 1117 tionis
366 1087 555 1120 dictaverit,
580 1095 792 1125 processure.
821 1086 919 1117 Diem
946 1094 1025 1116 vero
1053 1086 1253 1124 pretixionis

238 1139 435 1179 hujusmodi
461 1142 492 1170 et
516 1140 678 1179 quicquid
703 1140 779 1169 inde
806 1140 938 1175 feceris,
966 1139 1064 1169 nobIs
1094 1147 1153 1177 per
1176 1141 1253 1169 tuas

237 1193 372 1223 litteras
401 1193 520 1223 harum
546 1193 669 1223 seriem
694 1193 905 1223 continentes
927 1192 1072 1223 fideliter
1094 1193 1253 1222 intimare

237 1255 409 1284 procures.
439 1246 563 1276 Datum
597 1246 686 1284 apud
716 1245 1005 1282 Urbemveterem,
1037 1255 1058 1275 x
1089 1246 1252 1276 kalendas

240 1299 415 1335 februarii,
434 1307 520 1329 anno
538 1299 651 1329 tertio.
672 1310 686 1327 »

330 1486 424 1517 1214

777 1484 902 1511 Orvieto‚
922 1484 956 1510 23
969 1483 1082 1519 janvier
1102 1484 1179 1511 1264.

273 1569 409 1603 Magistro
430 1568 552 1596 Johanni
578 1569 611 1595 de
639 1569 767 1595 senonis.
796 1568 910 1599 clerico,
937 1570 1063 1595 Gamerae
1087 1568 1251 1602 apostolicae
1279 1600 1280 1605 ¹

240 1618 363 1645 auditori
397 1618 535 1653 generali,
565 1617 765 1644 canonicatum
794 1620 819 1644 et
846 1618 1029 1651 praebendam
1050 1617 1250 1644 Curtracensis

242 1667 370 1693 ecclesiae
391 1666 512 1693 confert.
530 1667 608 1699 (Bm.
627 1667 671 1693 29,
686 1666 733 1692 t'ol.
751 1666 796 1698 st,
812 1672 841 1692 n⁰
858 1667 933 1700 2112.)

277 1784 291 1803 ι(
315 1773 462 1813 Mayistro
490 1773 624 1804 ιῙοίιαηηί
653 1773 839 1803 εἶθ-5131101118
868 1772 989 1809 clerico,
1015 1782 1174 1802 causarum
1204 1784 1249 1802 ca-

237 1837 315 1856 mere
326 1832 427 1856 nostre
436 1826 571 1856 auditori
583 1825 732 1865 generali.
745 1826 911 1856 inducunt
926 1835 987 1856 nos
1004 1825 1185 1864 probitatis
1199 1844 1248 1856 —.

236 1880 322 1910 Hinc
340 1882 391 1910 est
406 1880 495 1918 quod
508 1888 581 1918 nos,
600 1879 812 1909 attendentes
826 1879 925 1909 fidele
939 1878 1142 1917 obsequium
1161 1880 1251 1918 quod

236 1933 334 1963 nobis
353 1934 385 1963 et
410 1933 553 1963 ecclesie
570 1933 723 1964 Romane
747 1932 781 1962 in
803 1932 983 1962 audiendis
1004 1934 1034 1962 et
1052 1932 1117 1962 fine
1137 1932 1250 1963 debito

234 1986 461 2016 terminandis
486 1986 599 2016 causis
627 1994 758 2016 camere
784 1988 897 2015 nostre
919 1984 1077 2015 exhibere
1096 1994 1163 2015 non
1180 1994 1247 2016 ces·

237 2048 306 2076 sas,
320 2039 553 2069 canonicatum
569 2041 601 2069 et
618 2038 825 2078 prebendam
841 2039 1076 2069 Curtracensis
1095 2039 1249 2077 ecclesie,

236 2101 322 2131 quos
348 2093 382 2122 in
401 2092 517 2122 eadem
534 2092 678 2122 ecclesia
701 2092 846 2122 dilectus
863 2092 954 2121 filius
970 2092 1133 2131 magister
1153 2093 1250 2123 Nico·

236 2145 322 2182 laus,
353 2145 464 2175 dictus
489 2144 671 2181 Limirelier,
699 2145 739 2175 de
761 2145 925 2180 ‘sornaco‚
946 2145 1102 2180 clericus,
1123 2146 1250 2175 dudum

237 2199 346 2237 ipsius
370 2198 511 2229 ecclesie
541 2198 735 2234 canonicus,
756 2197 913 2234 obtinuit,
939 2207 1091 2237 quosque
1121 2199 1155 2228 in
1181 2207 1247 2228 ma-

237 2251 337 2281 nibus
360 2252 488 2282 nostris
514 2253 633 2290 sponte
651 2260 688 2281 ac
707 2251 813 2281 libere
831 2252 1029 2290 resignavit,
1046 2260 1122 2282 cum
1143 2252 1251 2291 pleni-

236 2305 351 2335 tudine
373 2305 461 2343 juris
479 2305 632 2335 canonici
650 2314 687 2334 ac
706 2304 865 2334 omnibus
877 2304 1014 2343 juribus
1032 2307 1064 2335 et
1080 2305 1249 2344 pertinen-

237 2354 303 2388 tiis'
326 2359 398 2388 suis
425 2358 465 2388 de
496 2358 605 2396 gratia
632 2357 696 2388 tibi
720 2357 927 2388 conferimus
951 2358 1092 2396 speciali
1119 2358 1250 2397 tibique

238 2411 456 2451 providemus
484 2411 524 2441 de
551 2411 622 2441 illis
646 2412 677 2441 et
696 2410 735 2441 (16
754 2410 841 2450 ipsis
859 2419 919 2449 per
938 2413 1093 2441 nostrum
1112 2411 1251 2441 anulum

238 2464 490 2503 presentialiter
515 2464 731 2500 investimuS,
751 2464 968 2495 decernentes
991 2473 1124 2495 exnunc
1146 2464 1250 2495 nichi-

238 2517 387 2548 lominus
406 2517 543 2547 irritum
566 2519 598 2547 et
621 2518 720 2548 inane
749 2517 779 2547 si
797 2526 895 2548 secus
913 2518 953 2548 de
970 2518 1041 2548 illis
1067 2519 1184 2548 nostra
1199 2518 1252 2548 vel

238 2570 358 2610 quavis
393 2570 460 2600 alia
489 2570 690 2600 auctoritate
721 2570 901 2609 contigerit
932 2571 1140 2610 attemptari.
1176 2571 1253 2602 Non

238 2622 453 2654 obstantibus
476 2625 538 2653 etc.
564 2631 671 2661 usque
696 2623 922 2662 prejudicium
951 2624 1119 2662 generari,
1143 2624 1198 2655 vel
1222 2624 1252 2655 si

239 2675 424 2707 venerabili
459 2675 557 2706 fratri
586 2677 741 2706 nostro..
769 2676 977 2706 Tornacensi
1008 2677 1179 2716 episcopo,
1211 2677 1252 2708 ad

240 2738 339 2769 quem
358 2730 510 2768 ipsorum
526 2729 743 2760 canonicatus
761 2730 793 2759 et
813 2728 981 2767 prebende
999 2729 1134 2760 collatio
1151 2731 1253 2769 perti-

241 2793 319 2815 nere
344 2784 479 2820 dicitur,
509 2785 566 2813 aut
586 2782 720 2813 dilectis
744 2782 826 2812 filiis
842 2805 872 2812 ..
901 2782 1026 2813 decano
1048 2784 1080 2813 et
1104 2783 1252 2822 capitulo

240 2838 350 2876 ipsius
373 2837 526 2871 ecclesie,
546 2836 617 2866 sive
635 2834 809 2874 aliquibus
828 2835 908 2865 aliis
924 2835 1112 2866 comuniter
1133 2836 1186 2866 vel
1202 2837 1248 2866 di-

2262 170 2319 198 147

1317 239 1418 268 visim
1448 239 1510 269 sub
1530 248 1742 280 quacumque
1764 242 1871 273 forma
1893 245 1943 274 vel
1971 248 2191 284 expressione
2216 250 2316 281 verbo

1314 299 1389 320 rum
1407 300 1425 321 a
1448 292 1537 322 dicta
1563 293 1641 323 sede
1662 294 1831 325 indultum
1846 297 1981 331 existat,
2004 300 2091 336 quod
2111 301 2151 330 ad
2169 304 2328 340 receptio-

1313 352 1389 373 nem
1416 345 1468 374 vel
1493 345 1724 383 provisionem
1752 347 1896 386 alicujus
1927 351 2066 381 minime
2095 354 2273 384 teneantur
2296 359 2326 386 et

1312 396 1401 434 quod
1415 397 1455 426 ad
1472 397 1505 427 id
1521 401 1686 436 nequeant
1705 402 1860 435 coartari,
1881 411 1941 432 seu
1962 404 2050 441 quod
2067 405 2106 434 de
2125 408 2327 437 canonicati-

1310 448 1374 479 bus
1394 452 1425 479 et
1451 449 1632 488 prebendis
1655 452 1697 481 ad
1714 461 1831 483 eorum
1850 455 2067 486 collationem
2085 458 2137 487 vel
2156 463 2326 497 presenta-

1312 502 1439 532 tionem
1458 504 1691 541 spectantibus
1719 514 1783 535 non
1802 507 1910 544 possit
1932 507 2108 547 aliquibus
2129 513 2327 543 auctoritate

1313 556 1500 593 apostolica
1519 557 1689 595 provideri
1713 560 1745 588 et
1772 560 1980 598 quibuslibet
2000 563 2089 593 dicte
2109 565 2201 594 sedis
2221 565 2327 596 indul-

1310 608 1435 645 gentiis
1451 609 1504 639 vel
1530 610 1732 649 privilegiis,
1749 613 1993 653 cujuscumque
2014 617 2145 646 tenoris
2163 619 2324 655 existant,

1311 669 1370 699 per
1389 670 1464 700 que,
1486 663 1700 700 presentibus
1727 673 1792 695 non
1813 675 1977 704 expressa
2001 671 2057 698 aut
2082 670 2232 700 totaliter
2260 680 2326 702 non

1311 713 1451 749 inserta,
1469 716 1607 746 effectus
1624 717 1817 755 hujusmodi
1839 720 1946 758 gratie
1965 721 2125 760 impediri
2143 723 2252 754 valeat
2271 725 2325 755 vel

1311 767 1439 797 dill‘erri
1466 770 1498 798 et
1525 769 1565 798 de
1595 769 1719 808 quibus
1747 780 1958 811 quorumque
1985 775 2066 804 totis
2090 776 2266 806 tenoribus
2284 778 2325 808 de

1311 820 1413 850 verbo
1433 821 1474 850 ad
1491 821 1631 852 verbum
1648 826 1799 862 oporteat
1816 825 1849 854 in
1866 827 1994 856 nostris
2006 828 2130 858 litteris
2148 829 2219 859 tieri
2235 839 2323 860 men-

1313 874 1453 908 tionem,
1474 875 1576 905 etiam
1596 876 1624 905 si
1644 876 1813 907 diceretur
1829 880 1860 908 in
1878 879 1961 917 ipsis
1986 881 2074 918 quod
2093 882 2142 911 eis
2166 891 2229 912 non
2246 892 2326 922 pos-

1312 926 1357 956 sit
1385 935 1445 965 per
1474 927 1608 966 aliquas
1634 929 1766 959 litteras
1797 932 2000 969 apostolicas
2031 934 2198 972 derogari,
2223 938 2278 966 aut
2296 937 2324 965 si

1313 979 1399 1010 alias
1414 989 1475 1019 pro
1485 982 1517 1011 te
1529 981 1563 1011 in
1575 982 1693 1012 eadem
1710 983 1853 1013 ecclesia
1863 984 2050 1016 direximus
2067 989 2193 1025 scripta
2210 991 2325 1019 nostra

1312 1041 1371 1063 seu
1387 1033 1476 1072 quod
1493 1042 1634 1072 presens
1651 1044 1717 1065 non
1734 1036 1838 1066 fueris
1860 1037 1901 1067 ad
1919 1040 2137 1076 prestandum
2154 1040 2193 1070 de
2212 1040 2324 1071 obser-

1312 1086 1433 1116 vandis
1450 1086 1560 1125 ipsius
1585 1088 1727 1119 ecclesie
1746 1090 1884 1120 statutis
1901 1093 1931 1120 et
1950 1093 2254 1123 consuetudinibus
2273 1103 2324 1124 so-

1311 1139 1410 1169 litum
1422 1139 1666 1178 juramentum,
1686 1142 1868 1173 dummodo
1890 1143 1975 1174 illud
1993 1153 2053 1183 per
2069 1149 2322 1184 procuratorem

1310 1194 1443 1230 prestes
1458 1193 1628 1232 ydoneum
1644 1195 1685 1224 ad
1701 1195 1762 1226 hoc
1777 1197 2215 1234 specialiterconstitutum.
2228 1200 2322 1230 Nulli

1311 1254 1388 1284 ergo
1414 1248 1529 1277 nostre
1561 1247 1767 1284 collationis,
1801 1250 2019 1287 provisionis,
2054 1252 2255 1283 investiture
2291 1255 2322 1283 et

1311 1300 1578 1334 constitutionis,
1597 1302 1661 1331 etc.
1677 1302 1802 1332 Datum
1820 1303 1908 1341 apud
1927 1303 2214 1340 Urbemveterem,
2232 1316 2251 1334 x
2269 1306 2323 1336 ka-

1310 1352 1427 1382 lendas
1444 1353 1619 1389 februarii,
1640 1363 1727 1385 anno
1743 1355 1855 1386 tertio.
1882 1368 1895 1383 »

1401 1539 1496 1569 1215
1843 1540 1968 1573 Orvieto,
1987 1543 2020 1567 27
2035 1541 2149 1576 jaan'er
2168 1542 2244 1569 1202.

1344 1621 1530 1655 Przepositum
1547 1622 1676 1649 ecclesia}
1695 1623 1898 1650 Ambianensis
1915 1627 1941 1650 et
1967 1624 2140 1659 magistrum
2159 1625 2318 1658 (timidum,

1307 1670 1416 1697 dictum
1433 1671 1555 1704 Burdoy.
1581 1671 1750 1698 canonicum
1780 1673 1965 1705 itt-mensem,
1991 1674 2134 1707 prnnlictae
2156 1674 2317 1702 collationis

1307 1722 1471 1746 executores
1487 1720 1616 1754 deputat.
1632 1720 1710 1753 (Rau.
1728 1721 1771 1747 29.
1791 1721 1840 1747 fol.
1858 1722 1892 1748 92
1910 1727 1947 1747 νο.
1964 1728 1992 1747 n⁰
2006 1723 2082 1755 203.)

1348 1837 1362 1854 (t
1384 1847 1391 1854 .
1408 1849 1414 1855 .
1428 1827 1588 1865 preposito
1608 1827 1728 1856 ecclesie
1748 1828 1961 1857 Ambianensz's
1980 1835 2005 1858 ee
2026 1830 2170 1869 inussisti-o
2188 1830 2318 1859 Girardo

1308 1879 1389 1908 dicto
1418 1879 1567 1918 Bmdoy,
1592 1881 1736 1909 canonico
1767 1879 1917 1910 Remensi.
1940 1882 2104 1913 inducunt
2122 1891 2183 1913 nos
2204 1883 2319 1913 dilecti

1307 1932 1395 1962 filii.
1416 1956 1422 1961 .
1440 1933 1596 1971 magistri
1623 1933 1787 1963 ..Iohannis
1818 1935 1858 1964 de
1885 1935 2041 1970 Senonis,
2069 1936 2182 1966 clerici
2205 1945 2319 1966 causa-

1307 1994 1383 2015 rum
1408 1995 1539 2016 camere
1561 1989 1675 2017 nostre
1698 1987 1865 2017 auditoris
1894 1988 2076 2026 generalis,
2093 1989 2215 2019 merita
2241 1992 2315 2025 etc,

1308 2041 1344 2069 ut
1361 2048 1462 2077 supra
1479 2039 1513 2068 in
1530 2039 1686 2078 proxima
1700 2040 1824 2072 littera.
1839 2041 1953 2070 verbis
1969 2044 2198 2080 competenter
2211 2044 2318 2072 muta-

1306 2092 1352 2122 tis
1379 2100 1487 2130 usque
1509 2093 1741 2123 constitutum.
1762 2093 1926 2128 Quocirca
1943 2094 2138 2124 discretioni
2158 2097 2268 2125 vestre
2284 2095 2318 2124 111

1307 2146 1432 2176 virtute
1463 2145 1652 2176 obedientie
1672 2155 1731 2184 per
1755 2146 1942 2185 apostolica
1967 2147 2093 2186 scripta
2118 2148 2318 2177 mandamus

1308 2199 1468 2237 quatinus
1484 2207 1544 2228 vos
1562 2199 1615 2229 vel
1632 2199 1717 2229 alter
1736 2201 1886 2229 vestrum
1902 2208 1962 2238 per
1986 2208 2046 2230 vos
2065 2200 2117 2230 vel
2138 2201 2242 2230 alium
2259 2209 2318 2231 seu

1307 2251 1393 2282 alios
1417 2251 1543 2281 dictum
1563 2252 1764 2290 magistrum
1790 2252 1842 2282 vel
1864 2254 2117 2290 procuratorem
2143 2252 2228 2291 ejus,
2257 2262 2318 2284 suo

1307 2304 1454 2340 nomine,
1479 2304 1513 2334 in
1532 2305 1742 2342 corporalem
1767 2305 2021 2343 possessionem
2050 2306 2268 2336 canonicatus
2287 2308 2318 2336 et

1306 2356 1476 2396 prebende
1505 2357 1747 2395 predictorum,
1769 2360 1879 2388 amoto
1898 2357 1938 2387 ab
1965 2358 2014 2388 eis
2035 2358 2186 2397 quolibet
2205 2359 2319 2389 deten-

1306 2412 1390 2446 tore,
1404 2410 1574 2440 inducatis
1588 2412 1620 2440 et
1632 2410 1823 2440 defendatis
1838 2410 2013 2441 inductum
2031 2420 2078 2448 ac,
2093 2411 2192 2442 stallo
2206 2411 2270 2442 sibi
2285 2412 2319 2442 111

1307 2463 1407 2493 choro
1425 2463 1538 2493 etloco
1557 2463 1591 2492 in
1612 2463 1760 2501 capitulo
1776 2463 1974 2503 assignatis,
1990 2464 2122 2494 faciatis
2139 2465 2251 2503 ipsum
2266 2465 2319 2496 vel

1307 2516 1435 2546 dictum
1473 2517 1727 2555 procuratorem
1759 2518 1815 2546 aut
1846 2517 1952 2547 alium
1985 2526 2045 2556 pro
2083 2526 2120 2548 eo
2142 2518 2176 2548 in
2205 2518 2321 2549 eadem

1307 2569 1494 2599 ecclesiain
1505 2569 1705 2599 canonicum
1721 2569 1826 2608 recipi
1845 2572 1875 2600 et
1894 2570 1928 2600 in
1938 2570 2077 2601 fratrem
2089 2580 2126 2601 ac
2136 2571 2318 2610 premisso-

1307 2631 1383 2652 rum
1409 2622 1561 2652 omnium
1588 2622 1687 2661 plena
1707 2625 1738 2653 et
1760 2623 1900 2660 pacifica
1926 2624 2142 2662 possessione
2163 2624 2318 2663 gaudere.

1307 2675 1579 2706 Contradictores
1601 2677 1662 2705 etc.
1684 2684 1791 2714 usque
1809 2677 2063 2714 compescendo.
2088 2677 2162 2708 Non
2185 2677 2317 2707 obstan-

1306 2728 1399 2758 tibus
1435 2730 1497 2758 etc.
1537 2737 1643 2767 usque
1678 2728 1821 2759 concilio
1862 2730 2023 2768 generali.
2066 2731 2192 2761 Datum
2233 2731 2321 2769 apud

1308 2780 1598 2816 Urbemveterem,
1619 2790 1650 2810 v1
1682 2781 1845 2812 kalendas
1874 2782 2049 2819 februarii,
2068 2792 2153 2813 anno
2174 2783 2285 2814 tertio.
2304 2792 2321 2812 »
