2519 3262
1027 211 1265 249 TROISIEME
1294 211 1455 249 ΑΝΝΕΕ.

199 302 297 332 nobis
317 302 356 332 de
376 302 555 341 premissis
575 302 727 332 constitit
753 302 934 332 evidenter.
955 302 1117 338 Quocirca
1148 302 1211 332 sra-

198 355 347 385 ternitati
365 357 421 385 tue
438 355 639 385 mandamus
654 355 827 394 quatinus,
842 355 869 384 si
887 356 997 385 dictus
1014 355 1209 394 prepositus

198 408 349 447 legitime
370 407 564 446 probaverit
587 417 699 438 coram
720 410 750 438 te
774 408 863 447 quod
884 408 1019 438 collatio
1039 408 1208 446 prioratus

197 461 348 500 ejiisdem
373 461 413 491 ad
441 461 596 491 abbatem
626 461 791 500 pertineat
820 461 1063 499 supradictum,
1097 461 1208 499 ipsum

197 522 273 544 cum
294 513 429 552 juribus
453 515 485 544 et
503 514 719 552 pertinentiis
745 514 817 544 suis
838 514 946 543 eidem
967 513 1138 551 preposito
1156 512 1210 542 ad-

192 567 344 606 judicare
362 575 535 605 procures,
553 567 733 606 ipsumque
752 567 854 596 facias
874 566 967 595 illius
980 566 1117 604 pacifica
1133 574 1209 604 pos-

196 620 349 650 sessione
374 620 530 659 gaudere.
558 620 832 650 Contradictores
861 619 1059 649 auctoritate
1093 619 1209 648 nostra

196 675 257 704 etc.
289 681 396 711 usque
424 673 678 711 compescendo.
706 672 863 702 Ceterum
885 671 1205 702 excommunicatio·

198 726 264 761 nis,
283 726 521 765 suspensionis
542 728 572 756 et
595 725 766 756 interdic-ti
791 724 977 755 sententias
999 724 1085 754 latas
1109 724 1142 753 in
1161 723 1206 753 al-

194 781 358 809 terutram
374 779 535 818 partium,
551 779 726 809 occasione
740 777 929 816 questionis
943 777 1150 815 hujusmodi,
1165 777 1207 806 ad

194 833 370 868 cautelam,
387 832 459 862 sine
477 831 627 870 qualibet
646 831 857 865 difficultate,
879 830 1048 864 relaxans,
1070 829 1204 868 dispen-
1238 836 1240 844 ⁴

194 894 247 916 ses
263 894 338 915 cum
353 885 515 916 alterutra
539 884 687 923 partium
715 883 898 914 earundem
923 891 1026 922 super
1044 883 1204 922 irregula-

192 939 291 969 ritate
311 939 340 968 si
358 947 458 977 quam
476 938 619 968 forsitan
637 938 686 968 sic
710 937 810 976 ligate
828 938 1079 973 contraxerunt,
1099 945 1134 967 se
1155 937 1205 967 di-

191 992 281 1022 vinis
320 991 444 1022 officiis
478 990 710 1021 immiscendo.
747 990 872 1020 Datum
910 989 1202 1028 Urbemveterem,

192 1045 273 1083 idus,
286 1044 462 1081 februarii,
480 1052 564 1074 anno
583 1043 693 1075 tertio.
714 1053 730 1073 »

281 1213 379 1244 2494
783 1210 908 1245 Orvieto,
924 1212 939 1238 5
959 1211 1031 1238 avril
1051 1211 1128 1238 1264.

224 1296 362 1330 Episcopo
383 1296 500 1323 Albensi
522 1296 651 1323 concedit
675 1295 842 1323 facultatem
873 1296 1037 1323 conserendi
1068 1297 1201 1331 personis

189 1345 298 1373 idoneis
316 1345 483 1380 dignitates,
498 1347 667 1380 personatus
685 1348 713 1372 et
732 1345 871 1372 beneficia
883 1353 954 1380 quae
970 1346 1005 1372 ad
1027 1346 1102 1372 sedis
1121 1354 1202 1380 apos-

187 1394 290 1422 tolicae
312 1394 510 1426 collationem,
530 1395 609 1430 juxta
639 1395 839 1421 Lateranensis
854 1397 961 1421 statuta
989 1394 1115 1427 concilii,
1135 1397 1202 1422 sunt

188 1443 331 1471 devoluta.
352 1443 431 1478 (Rm.
449 1444 494 1475 29,
511 1443 558 1470 sol.
578 1444 641 1475 298,
660 1449 689 1470 n⁰
708 1444 800 1478 1540.)

229 1549 422 1589 «Episcopo
456 1548 592 1578 Albensi.
622 1548 672 1578 Ex
699 1549 754 1578 tue
784 1547 974 1578 devotionis
1001 1566 1047 1578 —.
1076 1549 1199 1578 Datum

190 1603 278 1642 apud
299 1602 582 1637 Urbemveterem,
600 1601 698 1632 nonis
718 1600 850 1639 apriliS,
869 1609 956 1630 anno
976 1601 1085 1631 tertio.
1108 1612 1122 1629 »

777 1773 901 1804 Orvieto,
930 1773 1030 1801 5avril
1051 1773 1129 1800 1264.

279 1775 376 1806 2495

222 1858 359 1893 Magistro
372 1857 495 1884 Johanni
510 1857 662 1890 Leonardi,
680 1857 816 1885 canonico
836 1857 1057 1885 Interamnensi.
1081 1858 1199 1884 mandat

186 1907 259 1933 utin
284 1906 406 1933 eeclesia
423 1906 541 1934 Reatina
567 1907 595 1933 in
617 1907 786 1934 canonicum
812 1906 900 1940 re‹·ipi
921 1906 1007 1933 faciat
1033 1906 1200 1938 Henrieum,

187 1957 286 1982 natum
311 1956 455 1990 quondam
488 1955 635 1991 Reginaldi
660 1956 694 1982 de
716 1955 837 1989 Arrone,
863 1956 1001 1982 clericum
1030 1955 1200 1989 Spoletanae

186 2004 322 2038 diocesis,
343 2005 409 2039 quia
432 2004 585 2031 ecclesiam
604 2013 627 2032 5.
652 2004 796 2031 Benedicti
816 2006 851 2031 stc
872 2004 1012 2037 Calcaria,
1029 2005 1200 2038 Spoletanae

185 2053 318 2084 diocesis,
335 2053 415 2089 cujus
431 2053 490 2088 ipse
508 2053 645 2080 llenricus
665 2056 759 2080 rector
780 2055 851 2084 erat,
871 2054 907 2080 ad
928 2061 1029 2080 manus
1048 2061 1125 2087 suas,
1148 2062 1199 2088 pro

184 2102 316 2137 expensis
334 2103 481 2130 custodiae
499 2110 598 2129 roccae
615 2103 648 2129 de
675 2103 764 2135 Cesis,
786 2110 859 2137 papa
887 2103 922 2129 ad
947 2110 977 2129 se
1002 2105 1199 2137 revocaverat,

183 2152 332 2186 eidemque
349 2152 468 2178 Henrico
484 2160 499 2178 a
519 2161 541 2178 s.
562 2151 728 2183 Salvatoris,
748 2152 885 2178 Reatinae
900 2151 1033 2182 diocesis,
1050 2155 1075 2178 ct
1102 2152 1200 2178 Sublu-

185 2201 266 2228 censi
293 2201 490 2234 monasteriis,
518 2200 626 2228 ordinis
650 2209 673 2227 s.
698 2200 853 2231 Benedicti,
878 2200 906 2227 in
928 2200 1092 2235 quindecim
1114 2200 1198 2228 libris

184 2258 263 2284 prov.
284 2250 369 2277 saciat
386 2251 497 2277 tamdiu
514 2250 659 2285 provideri
682 2251 771 2277 donec
789 2250 848 2285 ipse
870 2250 898 2276 in
922 2249 1052 2284 praefata
1072 2250 1198 2277 ecclesia

187 2299 381 2333 praebendam
398 2298 483 2326 fuerit
500 2302 657 2326 assecutus.
677 2300 757 2334 (REG.
775 2300 818 2330 29,
837 2299 885 2327 fol.
906 2300 968 2332 298,
994 2305 1023 2325 11ο
1042 2300 1134 2333 1547.)

224 2416 239 2435 «
256 2406 406 2445 Παφέῐνο
430 2406 565 2436 ,Iohanni
590 2406 756 2445 Leonardi,
780 2407 923 2437 canonico
944 2407 1198 2448 lnecrampnensi.

184 2460 237 2491 Ad
253 2459 440 2490 faciendam
453 2459 575 2490 dilecto
595 2478 642 2490 —.
662 2460 786 2491 Datum
803 2461 892 2500 apud
905 2461 1196 2501 Urbemveterem,

183 2514 284 2544 nonis
303 2514 435 2553 aprilis,
461 2522 548 2545 anno
567 2514 678 2546 tertio.
699 2523 716 2544 »

274 2683 372 2714 249ss
758 2682 881 2714 Orvicto,
901 2683 934 2710 28
951 2691 1029 2710 mars
1047 2684 1126 2711 1264.

221 2767 332 2793 Decano
351 2767 378 2792 et
407 2765 534 2801 capitulo
560 2765 698 2793 ecclesiae
722 2767 748 2793 b.
767 2767 872 2794 Mariae
898 2767 1046 2795 Belnensis
1067 2768 1198 2804 indulget

184 2817 214 2842 ut
231 2815 454 2842 Constantinum
476 2816 510 2842 de
534 2814 630 2846 Belnn,
646 2815 846 2850 presbyterum
868 2819 1038 2851 perpetuum
1056 2817 1197 2845 vicarium

184 2864 312 2899 ejusdem
331 2864 480 2895 ecclesiae,
508 2864 536 2890 in
556 2864 658 2891 eadem
677 2863 796 2891 eeclesia
823 2865 850 2891 in
872 2865 1041 2893 canonicum
1069 2867 1196 2901 recipere

185 2913 309 2940 valeant.
329 2913 408 2948 (Rae.
424 2913 469 2947 29,
487 2912 535 2940 fol.
556 2913 617 2944 298,
639 2920 668 2940 n0
687 2913 777 2948 1548.)

2218 227 2273 255 421

1307 313 1321 331 u
1346 302 1465 331 Decumo
1483 308 1509 331 cl
1522 303 1657 342 capitulo
1677 303 1798 334 ecclesie
1815 304 1840 334 b.
1856 305 1953 334 Maria
1969 306 2135 341 Belnensis,
2155 308 2276 338 151111011-

1265 355 1305 383 sis
1322 354 1459 384 de‘ocesis.
1478 355 1529 385 Ex
1557 357 1650 393 parte
1674 358 1784 387 vestra
1805 375 1853 385 —.
1876 358 2000 388 Datum
2030 360 2119 397 apud
2140 361 2276 391 Urbem<

1241 416 1242 425 ¹
1267 409 1428 443 veterem,
1448 418 1464 436 v
1485 408 1648 438 kalendas
1664 409 1794 448 aprilis,
1816 419 1901 441 anno
1917 411 2027 441 tertio.
2050 423 2063 440 »

1844 581 1966 608 orvicto.
1984 582 2017 609 28
2034 591 2112 609 mars
2130 584 2204 610 1261».

1356 580 1377 609 2
1386 579 1451 610 ’197

1300 662 1410 688 Decano
1431 665 1459 689 et
1479 663 1603 697 capitulo
1621 664 1757 691 ecclesiae
1777 665 1802 690 b.
1822 665 1933 692 Martini
1951 666 2125 694 Turonensis
2147 668 2273 702 indulget

1266 712 1293 736 ut
1315 711 1489 745 magistrum
1513 713 1652 739 Gitonem,
1674 713 1784 739 dictum
1809 715 1922 749 Lipszqe,
1943 716 2113 742 canonicum
2134 717 2275 744 cccl-:siae

1264 768 1285 785 s.
1306 759 1379 786 Petri
1407 760 1569 787 Puellarum
1591 761 1779 793 Pictavensis,
1804 764 1921 789 obtentu
1937 765 2012 798 regis
2035 774 2066 791 uc
2085 766 2200 799 reginae
2221 767 2276 793 Nu-

1264 816 1373 841 varrne,
1395 809 1420 835 111
1436 810 1661 837 00111311110111011111
1679 811 1804 846 recipere
1821 812 1945 839 valeant.
1962 814 2094 844 11151129,
2112 814 2274 845 10129812,

1263 863 1294 883 n0
1313 858 1402 893 1:29.)

1303 975 1317 994 (1
1339 964 1459 994 Oceano
1481 971 1508 995 ct
1525 965 1661 1006 capitulo
1684 966 1806 997 ecclesie
1820 978 1843 996 s.
1859 968 1989 998 Martini
2004 968 2199 999 Turonensis.
2218 970 2275 1000 Di-

1261 1018 1387 1049 lectum
1413 1019 1522 1049 tllium
1546 1021 1746 1059 magistrum
1774 1039 1818 1050 —.
1839 1022 1964 1052 Datum
1983 1022 2072 1061 apud
2091 1022 2274 1054 Urbemve-

1261 1074 1378 1111 terem,
1399 1082 1419 1103 v
1435 1073 1597 1104 kalendas
1614 1074 1745 1113 aprilis,
1762 1083 1849 1106 anno
1868 1076 1977 1106 tertio.
1999 1086 2013 1104 υ

1835 1239 1959 1270 ΟΠ1810,
1980 1239 2010 1266 17
2026 1247 2104 1266 mars
2124 1240 2200 1267 1264.

1351 1238 1448 1270 2498

1296 1322 1433 1356 Episcopo
1459 1323 1668 1349 Cenomanensi
1686 1322 1813 1358 indulget
1830 1326 1860 1350 111
1877 1323 1904 1350 111
1919 1324 2129 1351 Cenomanensi
2150 1325 2270 1352 ecclesia

1259 1379 1348 1398 unum
1369 1371 1506 1399 clericum
1523 1371 1657 1399 idoneum
1676 1372 1705 1399 in
1727 1372 1898 1399 canonicum
1914 1373 2001 1407 recipi
2019 1373 2114 1400 saciat.
2131 1374 2211 1409 (nm.
2224 1375 2270 1405 29,

1260 1421 1308 1448 fol.
1326 1422 1377 1449 298
1394 1426 1433 1454 v⁰‚
1449 1426 1482 1447 n⁰
1501 1422 1590 1452 1550.)

1300 1536 1314 1554 <t
1331 1525 1487 1565 Episcopo
1517 1526 1745 1557 Cenomanensi.
1778 1527 1940 1557 Volentes
1974 1527 2173 1558 honorarem
2205 1529 2269 1565 (sic)

1259 1588 1439 1618 personam
1460 1598 1508 1608 —.
1525 1580 1648 1610 Datum
1667 1580 1755 1618 apud
1773 1579 2061 1617 Urbemveterem,
2079 1590 2135 1611 xw
2154 1582 2272 1612 kalen-

1259 1632 1318 1662 das
1336 1632 1467 1671 aprilis,
1486 1641 1571 1663 anno
1589 1633 1698 1663 tertio.
1719 1643 1733 1662 »

1831 1800 1953 1827 Orvieto.
1971 1801 2002 1827 21
2026 1809 2104 1827 mars
2122 1802 2195 1828 1261.

1348 1801 1444 1832 2499

1294 1885 1433 1919 Episcopo
1456 1885 1634 1914 Zamorensi,
1661 1884 1750 1919 ipsius
1777 1885 1902 1919 episcopi
1920 1889 1945 1912 et
1963 1885 2165 1912 nonnullorum
2187 1895 2269 1913 cano-

1258 1933 1388 1960 nicorum
1408 1933 1496 1968 ipsius
1523 1934 1659 1961 ecclcsiae
1678 1934 1821 1968 precibus,
1835 1934 1963 1969 indulget
1983 1937 2012 1961 ut
2031 1936 2146 1962 Petrum
2160 1935 2269 1962 dictum

1257 1983 1329 2016 Nay,
1348 1983 1485 2009 clericum
1505 1983 1583 2010 chori
1606 1983 1735 2019 ejusdem
1753 1983 1901 2015 ecclesiae,
1923 1983 1950 2010 in
1970 1985 2070 2010 eudem
2095 1984 2216 2011 ecclesia
2240 1985 2268 2010 in

1257 2032 1429 2058 canonicum
1451 2032 1538 2066 recipi
1555 2032 1650 2059 faciat.
1669 2032 1747 2067 (111511.
1764 2033 1808 2063 ’.9,
1833 2032 1880 2059 l'ol.
1897 2033 1949 2061 298
1963 2038 2000 2059 vo,
2021 2033 2157 2064 1101551.)

1298 2151 1312 2169 «
1333 2165 1337 2170 .
1361 2163 1367 2169 .
1383 2141 1519 2180 episcopo
1540 2146 1566 2169 ec
1585 2139 1716 2180 capitulo
1736 2141 1986 2171 Zamorensibus.
2005 2141 2158 2171 Dilectus
2175 2141 2268 2172 tilius

1256 2193 1378 2224 Petrus
1399 2212 1448 2222 —.
1475 2194 1597 2224 Datum
1622 2194 1710 2232 apud
1734 2193 2023 2230 Urbemveterem,
2038 2204 2083 2223 xn
2106 2195 2268 2225 kalendas

1257 2247 1390 2285 aprilis,
1408 2256 1493 2277 anno
1511 2247 1622 2277 tertio.
1642 2257 1656 2275 »

1826 2414 1951 2448 Orvieto,
1971 2415 2009 2441 10‘
2027 2414 2099 2441 avril
2116 2415 2194 2442 1261.

1347 2416 1444 2447 2500

1292 2498 1510 2526 Bartholomaeo
1538 2498 1659 2531 Quirini,
1686 2499 1823 2526 canonico
1846 2499 2020 2531 Castellano,
2048 2500 2165 2526 mandat
2187 2508 2267 2526 com-

1256 2547 1344 2582 pellat
1369 2548 1565 2575 Castellnnum
1601 2547 1768 2583 episcopum
1802 2550 1833 2574 ut
1861 2548 1895 2574 de
1923 2556 2038 2575 sumnia
2062 2557 2148 2583 quam
2179 2549 2266 2576 certis

1256 2597 1466 2624 mercatoribus
1494 2596 1666 2624 Florentinis
1691 2597 1786 2627 debet,
1808 2596 1931 2623 Roberto
1962 2597 1996 2623 de
2020 2597 2101 2631 Baro,
2125 2598 2265 2625 familiari

1255 2646 1414 2680 apostolico
1443 2648 1469 2673 et
1498 2646 1665 2672 eorumdem
1696 2648 1889 2672 mercatorum
1922 2646 2068 2680 creditori,
2095 2647 2266 2674 satisfaciat.

1257 2695 1336 2729 (Rea.
1353 2696 1398 2727 29,
1414 2694 1462 2722 101.
1479 2694 1531 2722 298
1547 2700 1585 2726 νο,
1604 2700 1633 2720 n⁰
1651 2695 1741 2728 1552.)

1296 2816 1311 2834 ((
1332 2805 1548 2836 Bartlzolomeo
1563 2804 1696 2841 Quirini,
1713 2804 1857 2834 canonico
1872 2804 2060 2834 castellano.
2071 2806 2168 2842 Cum,
2180 2805 2266 2836 sicut

1256 2859 1401 2889 dilectus
1418 2858 1509 2889 filius
1525 2858 1694 2889 Robertus
1707 2857 1747 2888 de
1764 2858 1864 2893 Baro,
1879 2857 2058 2888 familiaris
2074 2860 2201 2894 noster,
2211 2867 2268 2889 no-

1255 2911 1308 2942 bis
1317 2912 1485 2951 exposuit,
1498 2911 1639 2942 Dulcius
1652 2911 1784 2942 Noceus
1798 2911 1867 2950 (sic)
1881 2912 1913 2942 et
1927 2911 2071 2942 Boldrus
2087 2911 2127 2942 de
2141 2913 2265 2951 Burgo,
