2519 3262
1090 185 1329 224 TROISIEME
1356 184 1519 222 ANNEE.

267 280 328 311 tibi
360 281 468 311 facere
485 281 629 320 gratiam
646 280 839 320 specialem,
860 279 1066 318 presentium
1087 278 1147 309 tibi
1166 279 1275 307 auoto-

267 334 366 365 ritate
393 334 609 364 concediinus
634 333 885 372 ut,juramento
903 324 1096 371 hujusmodi
1117 339 1181 360 non
1199 330 1273 360 obs-

266 388 369 423 tante,
387 387 506 417 limina
525 387 640 417 eadem
660 394 767 425 usque
786 386 826 415 ad
843 384 1112 424 quinquennium
1136 383 1273 412 visitare

265 440 405 471 minime
431 440 588 471 tenearis.
613 439 707 470 Nulli
726 447 803 477 ergo
820 456 868 466 —-.
889 438 1010 467 Datum
1027 436 1115 475 apud
1134 435 1273 467 Urbem-

265 495 425 530 veterem,
444 503 475 522 v¹
495 492 656 523 kalendas
674 491 846 526 februarii,
865 499 950 520 auno
967 490 1076 520 tertio.
1096 500 1110 517 J)

809 668 932 699 Orvieto‚
953 669 986 697 28
998 669 1111 704 janvier
1127 669 1204 695 1201.

359 673 454 704 1252

302 753 432 790 Capitulo
450 753 578 782 ecclesiae
597 753 761 781 Rosetensis
788 754 908 780 mandat
935 756 964 780 ut
986 752 1113 788 ipsorum
1130 753 1272 779 decanum

264 805 298 831 de
315 803 432 831 consilio
457 803 590 838 magistri
617 803 727 830 Nicolai
746 803 780 829 de
809 802 963 837 Vingneto,
995 802 1132 829 canonico
1158 802 1274 828 Laudu-

263 852 356 884 nensi,
372 853 491 888 eligant.
509 852 588 886 (nm.
604 852 648 886 29,
666 851 714 879 sol.
731 852 779 879 101
796 857 832 882 νο,
850 856 880 878 n⁰
896 852 972 886 301.)

305 971 320 991 «
346 959 492 1000 Capitulo
523 959 641 990 ecclesie
676 959 856 995 Rosetensis,
891 957 1102 988 Laudunensis
1133 957 1273 989 diocesis.

304 1014 400 1051 Cum,
417 1014 503 1045 sicut
520 1013 724 1052 accepimus,
745 1013 888 1043 dilectus
914 1012 1006 1042 filius
1023 1011 1191 1046 Jobertus‚
1221 1011 1277 1042 de-

263 1076 368 1099 canus
394 1067 535 1098 ecclesie
560 1068 683 1100 vestre,
711 1067 909 1096 decanatum
938 1066 1046 1105 ipsius
1064 1065 1216 1101 ecclesie,
1237 1065 1270 1095 in

264 1130 330 1160 qua
349 1121 466 1151 decani
485 1121 603 1151 electio
624 1120 664 1150 ad
682 1128 738 1150 vos
757 1120 880 1150 dicitur
898 1119 1080 1158 pertinere,
1097 1118 1269 1157 resignare

264 1174 427 1210 intendat,
455 1174 671 1205 universitati
697 1174 834 1212 (vestre)
863 1173 1063 1203 mandamus
1093 1173 1272 1211 quatenus,

264 1228 294 1259 si
312 1228 474 1258 decanum
491 1228 635 1258 eundem
651 1227 850 1257 decanatum
870 1226 982 1265 ipsum
999 1226 1172 1265 resignare
1192 1226 1277 1256 forte

265 1281 454 1320 contigerit,
474 1281 513 1311 de
529 1280 671 1311 consilio
689 1282 720 1310 et
737 1289 879 1310 assensu
897 1279 1011 1310 dilecti
1032 1279 1095 1309 filii
1116 1279 1271 1318 magistri

264 1334 397 1366 Nicolai
423 1335 463 1365 de
488 1335 667 1373 Vingneto‚
693 1333 844 1364 canonici
864 1332 1110 1366 Laudunensis,
1128 1332 1169 1362 ad
1186 1332 1274 1362 elec-

264 1388 392 1418 tionem
422 1388 538 1418 decani
562 1388 741 1426 procedere
763 1387 940 1418 studeatis.
957 1387 1028 1418 Nos
1052 1386 1142 1417 enim
1161 1385 1276 1417 decer-

267 1441 381 1471 nimus
403 1441 538 1471 irritum
559 1442 590 1471 et
611 1441 709 1471 inane
728 1440 756 1470 si
784 1449 882 1470 secus
905 1449 962 1479 per
986 1449 1046 1470 vos
1073 1440 1161 1470 circa
1184 1440 1277 1470 deca·

266 1496 383 1525 natum
422 1495 565 1525 eundem
611 1494 712 1524 fuerit
747 1495 994 1531 attemptatum.
1028 1494 1152 1523 Datum
1185 1493 1273 1532 apud

266 1547 554 1585 Urbemveterem‚
575 1557 590 1577 v
605 1547 766 1578 kalendas
784 1546 958 1583 februarii,
980 1555 1066 1576 anno
1081 1547 1191 1576 tertio.
1211 1556 1226 1575 n

358 1721 452 1752 1253
801 1718 925 1745 Orvieto.
951 1718 981 1745 12
995 1718 1109 1753 janvier
1129 1718 1205 1745 12131.

301 1805 436 1838 Magistro
452 1802 574 1830 Johanni
592 1804 626 1830 de
642 1803 771 1836 Andana,
790 1803 908 1830 obtentu
924 1803 1057 1837 magistri
1081 1803 1192 1833 Reneri,
1213 1811 1278 1830 seo-

264 1853 357 1880 lastiei
382 1853 510 1880 ecelesiae
533 1851 718 1887 Tungrensis,
744 1851 909 1878 Leodiensis
936 1852 1068 1878 diocesis.
1091 1851 1220 1885 indulget
1240 1855 1271 1879 ut

263 1903 434 1929 decanatum
448 1901 577 1929 ecclesiae
595 1901 622 1928 b.
640 1901 733 1927 Mariae
759 1900 972 1932 Namurcensis,
990 1909 1088 1927 curam
1110 1901 1274 1927 animarum

262 1950 416 1978 habentem
433 1958 584 1981 annexam,
602 1952 630 1977 et
650 1950 803 1977 ecclesiam
819 1950 853 1976 de
868 1950 987 1976 Andana
1006 1949 1095 1976 libere
1115 1949 1209 1976 valeat
1230 1950 1275 1976 in-

264 2002 353 2029 simul
371 2002 504 2029 retinere.
526 2001 604 2037 (Rae.
620 2000 728 2032 29,f01.
750 2001 797 2027 101
814 2006 853 2031 vo,
874 2004 904 2026 n·³
921 2002 997 2034 302.)

306 2119 321 2139 «
340 2108 488 2148 Maqz'stro
500 2108 635 2139 Jolzanm·
648 2106 683 2137 de
702 2106 844 2142 Andana,
866 2106 979 2136 decano
998 2105 1120 2135 ecclesie
1131 2105 1158 2135 h.
1175 2106 1275 2135 Mar-ie

265 2162 490 2199 Namurcensis,
509 2161 684 2192 Leodz'ensis
699 2160 838 2191 diocesis.
858 2160 989 2190 MerItis
1006 2159 1190 2190 laudabilis
1205 2169 1278 2190 con-

266 2217 470 2247 versationis
493 2233 542 2245 —.
570 2216 695 2246 Datum
724 2214 813 2253 apud
836 2213 1125 2247 Urbemveterem‚
1146 2223 1166 2243 11
1199 2213 1279 2244 idus

263 2270 423 2310 januarii,
443 2278 531 2300 anno
548 2269 660 2300 tertio.
681 2278 695 2297 n

360 2445 454 2477 1253
474 2444 550 2485 (bis)
803 2441 926 2473 Orvieto,
945 2442 979 2470 28
992 2441 1105 2477 janvier
1128 2441 1206 2469 1264.

301 2529 522 2563 Archiepiseopo
545 2527 674 2555 Cretensi
688 2527 820 2554 concedit
833 2526 999 2554 facultatem
1014 2527 1042 2554 in
1056 2527 1158 2554 eadem
1179 2526 1278 2554 eccle-

266 2578 308 2606 sia
326 2579 354 2605 in
371 2578 541 2606 canonicum
556 2576 643 2611 recipi
655 2576 777 2604 faciendi
790 2576 928 2603 Jacobum
938 2576 1086 2607 clericum,
1100 2583 1275 2611 germanum

266 2628 396 2660 Petrioli‚
420 2626 571 2654 familiaris
587 2626 624 2658 J.,
645 2635 668 2652 s.
691 2625 786 2653 Mariae
803 2625 832 2652 in
847 2625 1000 2652 Cosmedin
1013 2625 1126 2652 diaconi
1138 2625 1277 2652 cardina-

265 2677 311 2709 lis,
329 2677 409 2712 eique
432 2678 466 2704 de
480 2676 632 2711 praebenda
649 2674 828 2710 providendi.
847 2674 923 2709 (Res.
941 2674 985 2706 29,
1005 2674 1054 2702 fol.
1072 2674 1133 2707 102,
1152 2680 1182 2701 n⁰
1198 2674 1274 2707 303.)

309 2796 323 2815 ((
342 2785 581 2825 Archiepiscopo
610 2782 758 2814 Cretensi.
784 2782 907 2813 Dilecti
939 2782 1001 2812 filii
1018 2781 1137 2812 Jacobi
1155 2799 1204 2810 —-.
1220 2782 1282 2812 Da·

268 2841 338 2872 tum
366 2839 455 2878 apud
473 2837 762 2873 Urbemveterem,
780 2846 797 2865 v
819 2835 983 2866 kalendas
1001 2834 1175 2872 februarii,
1193 2843 1279 2865 anno

269 2893 380 2924 tertio.
401 2903 415 2922 ›)

2284 193 2339 222 157

1426 277 1521 308 1254
1895 275 2017 306 Orvieto‚
2033 277 2048 302 3
2061 276 2173 310 janvier
2192 277 2266 303 12131.

1368 359 1505 394 Episcopo
1528 359 1755 386 Bethelemitano
1780 360 1899 386 mandat
1922 362 1962 390 ut,
1983 360 2099 386 obtentu
2126 360 2258 393 magistri
2286 361 2340 387 Ma-

1331 408 1397 435 thavi
1418 409 1452 434 de
1481 409 1608 438 Salerno,
1629 409 1795 435 subdiaconi
1817 411 1844 435 et
1864 409 2004 442 capellani
2029 409 2190 443 apostolici,
2218 409 2337 439 Pasa-ali,

1332 458 1442 484 cantori
1458 457 1587 483 eeclesia}
1605 466 1627 483 s.
1646 457 1740 484 Marisa
1760 457 1872 491 Maioris·
1888 458 1921 483 de
1939 457 2049 489 ssurolo,
2078 458 2340 492 archipresbytera-

1332 509 1394 534 tum
1409 506 1536 541 ejusdem
1553 506 1681 532 ecclesiae
1696 507 1834 533 conserat.
1858 507 1933 540 (Rae.
1949 508 1993 536 29,
2012 507 2061 533 l'ol.
2086 508 2142 534 ¹02.
2162 512 2194 533 11⁰
2208 508 2280 538 301.)

1373 623 1388 642 ((
1412 613 1568 653 Episcopo
1599 613 1848 644 Betlzelemiluno.
1869 615 2051 645 Personam
2075 615 2189 646 dilecti
2209 616 2271 645 filii
2290 634 2340 645 ——.

1334 668 1457 697 Datum
1476 667 1563 705 apud
1582 667 1867 701 Urbemveterem.
1888 678 1922 697 ιιι
1943 677 2047 698 nonas
2064 668 2236 705 februarii,
2254 678 2339 699 anno

1334 721 1444 751 tertio,
1469 731 1484 749 ))

1426 909 1520 940 1255

1889 909 2015 940 Orvieto,
2035 911 2050 936 5
2069 909 2171 936 t'evrier
2189 910 2266 937 1264.

1371 983 1538 1010 Primieerio
1560 984 1720 1011 Nonnensis
1739 985 1867 1011 ecclesiae
1885 986 2003 1012 mandat
2018 989 2047 1012 ut
2069 986 2212 1020 Michaeli,
2231 986 2336 1013 clerico

1333 1033 1460 1060 ecclesiae
1484 1042 1505 1059 s.
1532 1033 1626 1060 Mariae
1647 1033 1760 1069 Majoris
1783 1034 1941 1067 Jadrensis,
1962 1034 2114 1062 eeclesiam
2138 1044 2160 1062 s.
2189 1035 2285 1062 Mariae
2301 1036 2335 1062 de

1335 1082 1419 1109 Melta
1437 1085 1516 1109 extra
1539 1091 1636 1109 muros
1660 1083 1823 1114 Jadrenses,
1846 1083 1889 1110 cui
1908 1091 1975 1110 cura
2000 1092 2056 1110 non
2081 1083 2214 1111 imminet
2232 1084 2343 1111 anima-

1334 1140 1409 1164 rum,
1425 1131 1562 1159 conserat.
1579 1132 1657 1166 (Rae.
1672 1132 1715 1162 129,
1734 1131 1782 1158 l'ol.
1798 1133 1858 1165 102,
1876 1136 1907 1158 n0
1923 1132 2001 1166 305.)

1375 1252 1390 1272 (ι
1411 1242 1591 1272 Primicerio
1622 1240 1794 1271 Nonnensis
1822 1240 1953 1270 ecclesie.
1980 1240 2133 1270 Dilectus
2164 1240 2255 1269 filius
2282 1239 2344 1270 Mi-

1335 1296 1441 1327 chaeli
1456 1313 1502 1324 —.
1514 1296 1637 1326 Datum
1647 1295 1735 1333 apud
1752 1294 2039 1329 Urbemveterem,
2052 1293 2149 1324 nonis
2165 1293 2340 1330 februarii,

1336 1359 1422 1381 anno
1437 1350 1548 1380 tertio.
1569 1359 1585 1379 »

1428 1533 1523 1563 125ss
1898 1529 2024 1560 Orvieto‚
2043 1530 2059 1555 6
2075 1528 2177 1554 t'evrier
2197 1528 2272 1554 1204.

1371 1617 1507 1651 Magistro
1530 1617 1622 1648 Petro,
1647 1614 1847 1641 archidiacono
1870 1614 2038 1646 Senonensi,
2056 1613 2214 1639 camerario
2229 1615 2342 1646 aposto-

1336 1666 1400 1697 lico,
1420 1666 1621 1692 canonicatum
1632 1663 1759 1690 eeclesiae
1777 1663 1947 1690 parisiensis
1962 1671 2027 1689 eum
2044 1662 2255 1696 exspectatione
2269 1670 2341 1696 prae-

1336 1716 1435 1741 hendae
1451 1714 1570 1741 confert.
1590 1714 1669 1748 (lieo.
1688 1714 1731 1743 29,
1754 1712 1801 1739 sol.
1820 1713 1869 1739 102
1883 1718 1919 1741 ν’,
1938 1717 1968 1738 n⁰
1985 1712 2058 1745 300.)

1377 1827 1392 1847 ι(
1420 1817 1568 1856 Magistro
1593 1815 1694 1850 Petro,
1726 1813 1940 1843 archidiacono
1968 1812 2144 1848 Senonensi,
2177 1812 2342 1841 camerario

1338 1875 1451 1900 nostro.
1477 1869 1576 1900 Clara
1596 1867 1775 1907 probitatis
1801 1870 1855 1897 tue
1879 1866 1999 1896 merita
2016 1868 2139 1904 tuaque
2158 1864 2341 1895 laudabilis

1337 1924 1425 1963 apud
1451 1923 1671 1962 apostolicam
1699 1921 1812 1951 sedem
1836 1920 2047 1950 conversatio
2071 1919 2269 1958 placidaque
2296 1918 2346 1948 t'a-

1337 1978 1519 2008 miliaritas
1537 1985 1578 2006 ex
1598 1975 1722 2015 quibus
1746 1977 1775 2005 te
1802 1974 1951 2014 predicte
1973 1973 2043 2003 sedi
2066 1973 2250 2003 exhibuisti
2269 1981 2345 2011 gra-

1336 2035 1408 2062 tum
1422 2030 1658 2068 multipliciter
1676 2031 1707 2058 et
1723 2030 1907 2066 acceptum,
1924 2027 2089 2057 instanter
2106 2028 2293 2065 exposcunt
2310 2027 2346 2055 ut

1338 2093 1516 2124 personam
1530 2086 1635 2117 tuam,
1652 2081 1791 2112 scientia
1806 2081 1921 2119 utique
1939 2089 1976 2110 ac
1993 2079 2145 2110 moribus
2162 2079 2344 2118 preditam,

1337 2141 1366 2170 et
1384 2138 1556 2178 precipuis
1573 2136 1768 2166 attollamus
1786 2134 1958 2165 favoribus
1972 2135 2004 2164 et
2020 2133 2139 2172 gratiis
2154 2132 2346 2171 potioribus

1336 2193 1551 2222 honoremus.
1570 2191 1672 2220 Decet
1701 2197 1844 2227 namque
1862 2190 1908 2224 ut,
1935 2187 2014 2226 quia
2039 2188 2125 2217 circa
2153 2187 2345 2217 Romanam

1337 2245 1515 2276 eeclesiam
1537 2243 1701 2274 studiosis
1720 2241 1872 2272 claruisti
1889 2240 2050 2276 servitiis,
2074 2240 2121 2269 sic
2139 2241 2170 2269 te
2190 2239 2343 2277 speciali·

1337 2299 1399 2330 bus
1418 2299 1535 2329 efferre
1558 2296 1731 2327 beneficiis
1750 2295 1958 2329 studeamus,
1977 2295 2012 2323 ut
2035 2302 2076 2323 ex
2094 2293 2154 2322 hoc
2171 2293 2347 2322 evidenter

1337 2354 1496 2391 appareat
1520 2351 1608 2390 quod
1628 2352 1682 2380 tue
1702 2357 1915 2387 nequaquam
1935 2356 2009 2377 esse
2028 2355 2210 2385 possumus
2227 2346 2345 2376 imme-

1337 2414 1449 2436 mores
1464 2404 1637 2440 bonitatis,
1654 2402 1714 2433 sed
1728 2401 1936 2432 intendimus
1951 2400 2093 2430 firmiter
2110 2401 2141 2430 te
2156 2400 2243 2430 inter
2259 2400 2347 2429 cete-

1337 2468 1393 2490 ros
1411 2458 1597 2489 familiares
1614 2458 1748 2487 nostros
1765 2463 1899 2493 semper
1913 2454 1947 2484 in
1964 2453 2091 2484 nostris
2108 2461 2223 2492 gerere
2239 2452 2350 2482 visce-

1337 2512 1432 2542 ribus
1449 2511 1683 2551 predilectum.
1716 2508 1804 2538 Hinc
1828 2509 1879 2538 est
1905 2507 1993 2546 quod
2018 2516 2090 2542 nos,
2116 2508 2188 2536 tum
2214 2514 2256 2536 ex
2273 2505 2347 2540 hoe,

1336 2568 1409 2597 tum
1431 2565 1533 2596 etiam
1557 2564 1739 2594 multarum
1768 2561 2036 2592 consideratione
2059 2561 2234 2594 virtutum,
2259 2567 2350 2598 quas

1338 2621 1371 2650 in
1391 2627 1571 2659 personam
1598 2619 1690 2648 tuam
1718 2615 1884 2646 concessit
1909 2614 2121 2648 Altissimus,
2147 2614 2179 2644 te
2200 2621 2265 2643 non
2287 2612 2349 2642 im-

1337 2673 1458 2704 merito
1478 2671 1638 2712 prosequi
1662 2669 1895 2700 favorabiliter
1920 2668 2143 2704 intendentes,
2171 2666 2351 2696 canonica-

1337 2729 1410 2758 tum
1428 2725 1568 2757 ecclesie
1592 2723 1808 2760 Parisiensis,
1824 2730 1900 2752 cum
1921 2721 2131 2761 plenitudine
2144 2720 2231 2759 juris
2248 2727 2351 2749 cano—

1339 2781 1418 2817 nici,
1438 2789 1474 2810 ac
1491 2778 1695 2818 prebendam
1715 2777 1891 2815 integram,
1914 2775 1943 2805 si
1965 2783 2031 2814 qua
2048 2775 2141 2804 vacat
2161 2773 2284 2803 ibidem
2311 2771 2351 2801 ad

1339 2842 1490 2873 presens,
1512 2832 1573 2863 tibi
1593 2830 1799 2862 conferimus
1822 2828 1951 2868 tibique
1967 2828 2184 2867 providemus
2206 2826 2246 2856 de
2266 2825 2350 2861 illis,

1339 2887 1560 2918 investientes
1577 2888 1607 2916 te
1623 2893 1682 2924 per
1706 2885 1860 2914 nostrum
1881 2882 2019 2912 anulum
2041 2881 2080 2912 de
2094 2880 2233 2911 eisdem.
2252 2877 2347 2914 Quod
