<?xml version="1.0" encoding="UTF-8"?>
<!DOCTYPE html PUBLIC "-//W3C//DTD XHTML 1.0 Transitional//EN"
    "http://www.w3.org/TR/xhtml1/DTD/xhtml1-transitional.dtd">
<html xmlns="http://www.w3.org/1999/xhtml" xml:lang="en" lang="en">
 <head>
  <title>
</title>
<meta http-equiv="Content-Type" content="text/html;charset=utf-8" />
  <meta name='ocr-system' content='tesseract 3.04.00' />
  <meta name='ocr-capabilities' content='ocr_page ocr_carea ocr_par ocr_line ocrx_word'/>
</head>
<body>
  <div class='ocr_page' id='page_1' title='image "./lesregistresdurb34cath/lesregistresdurb34cath_0017.png"; bbox 0 0 2519 3262; ppageno 0'>
   <div class='ocr_carea' id='block_1_1' title="bbox 1018 267 2278 308">
    <p class='ocr_par' dir='ltr' id='par_1_1' title="bbox 1018 267 2278 308">
     <span class='ocr_line' id='line_1_1' title="bbox 1018 267 2278 308; baseline 0.002 -3"><span class='ocrx_word' id='word_1_1' title='bbox 1018 267 1259 305; x_wconf 71' lang='lat' dir='ltr'>&#39;snotsIEME</span> <span class='ocrx_word' id='word_1_2' title='bbox 1291 267 1457 304; x_wconf 72' lang='lat' dir='ltr'>ANNEE.</span> <span class='ocrx_word' id='word_1_3' title='bbox 2261 283 2278 308; x_wconf 74' lang='lat' dir='ltr'>r.</span> 
     </span>
    </p>
   </div>
   <div class='ocr_carea' id='block_1_2' title="bbox 182 358 1209 1939">
    <p class='ocr_par' dir='ltr' id='par_1_2' title="bbox 182 358 1209 1939">
     <span class='ocr_line' id='line_1_2' title="bbox 196 358 1208 402; baseline -0.007 -8"><span class='ocrx_word' id='word_1_4' title='bbox 196 364 284 399; x_wconf 85' lang='lat' dir='ltr'>cina,</span> <span class='ocrx_word' id='word_1_5' title='bbox 299 363 426 402; x_wconf 67' lang='lat' dir='ltr'>Symon</span> <span class='ocrx_word' id='word_1_6' title='bbox 447 362 538 392; x_wconf 86' lang='lat' dir='ltr'>tituli</span> <span class='ocrx_word' id='word_1_7' title='bbox 562 363 674 391; x_wconf 87' lang='lat' dir='ltr'>sancte</span> <span class='ocrx_word' id='word_1_8' title='bbox 693 361 829 397; x_wconf 78' lang='lat' dir='ltr'>Cecilie,</span> <span class='ocrx_word' id='word_1_9' title='bbox 847 359 1036 391; x_wconf 77' lang='lat' dir='ltr'>Anibaldus</span> <span class='ocrx_word' id='word_1_10' title='bbox 1062 358 1208 389; x_wconf 74' lang='lat' dir='ltr'>Basilice</span> 
     </span>
     <span class='ocr_line' id='line_1_3' title="bbox 196 412 1209 454; baseline -0.006 -8"><span class='ocrx_word' id='word_1_11' title='bbox 196 415 374 446; x_wconf 82' lang='lat' dir='ltr'>duodecim</span> <span class='ocrx_word' id='word_1_12' title='bbox 417 414 649 454; x_wconf 87' lang='lat' dir='ltr'>apostolorum</span> <span class='ocrx_word' id='word_1_13' title='bbox 692 413 882 452; x_wconf 64' lang='lat' dir='ltr'>presbyteri</span> <span class='ocrx_word' id='word_1_14' title='bbox 927 412 1132 447; x_wconf 76' lang='lat' dir='ltr'>cardinales,</span> <span class='ocrx_word' id='word_1_15' title='bbox 1178 413 1209 440; x_wconf 88' lang='lat' dir='ltr'>et</span> 
     </span>
     <span class='ocr_line' id='line_1_4' title="bbox 197 465 1209 507; baseline -0.005 -9"><span class='ocrx_word' id='word_1_16' title='bbox 197 468 418 507; x_wconf 78' lang='lat' dir='ltr'>quamplures</span> <span class='ocrx_word' id='word_1_17' title='bbox 437 468 495 497; x_wconf 88' lang='lat' dir='ltr'>alii</span> <span class='ocrx_word' id='word_1_18' title='bbox 512 467 625 507; x_wconf 81' lang='lat' dir='ltr'>magui</span> <span class='ocrx_word' id='word_1_19' title='bbox 644 467 683 496; x_wconf 85' lang='lat' dir='ltr'>de</span> <span class='ocrx_word' id='word_1_20' title='bbox 704 468 855 497; x_wconf 81' lang='lat' dir='ltr'>Romana</span> <span class='ocrx_word' id='word_1_21' title='bbox 873 466 966 495; x_wconf 86' lang='lat' dir='ltr'>curia</span> <span class='ocrx_word' id='word_1_22' title='bbox 986 465 1042 504; x_wconf 89' lang='lat' dir='ltr'>qui</span> <span class='ocrx_word' id='word_1_23' title='bbox 1061 465 1133 504; x_wconf 83' lang='lat' dir='ltr'>ejus</span> <span class='ocrx_word' id='word_1_24' title='bbox 1153 473 1209 493; x_wconf 66' lang='lat' dir='ltr'>no&lt;</span> 
     </span>
     <span class='ocr_line' id='line_1_5' title="bbox 194 518 1209 558; baseline -0.005 -7"><span class='ocrx_word' id='word_1_25' title='bbox 194 521 306 551; x_wconf 88' lang='lat' dir='ltr'>titiam</span> <span class='ocrx_word' id='word_1_26' title='bbox 336 521 536 556; x_wconf 78' lang='lat' dir='ltr'>habuerunt,</span> <span class='ocrx_word' id='word_1_27' title='bbox 556 521 633 550; x_wconf 74' lang='lat' dir='ltr'>viva</span> <span class='ocrx_word' id='word_1_28' title='bbox 663 528 752 555; x_wconf 77' lang='lat' dir='ltr'>voce,</span> <span class='ocrx_word' id='word_1_29' title='bbox 770 519 810 548; x_wconf 89' lang='lat' dir='ltr'>de</span> <span class='ocrx_word' id='word_1_30' title='bbox 841 519 1033 558; x_wconf 85' lang='lat' dir='ltr'>integritate</span> <span class='ocrx_word' id='word_1_31' title='bbox 1066 518 1153 547; x_wconf 82' lang='lat' dir='ltr'>fame</span> <span class='ocrx_word' id='word_1_32' title='bbox 1173 525 1209 547; x_wconf 87' lang='lat' dir='ltr'>ac</span> 
     </span>
     <span class='ocr_line' id='line_1_6' title="bbox 195 570 1206 610; baseline -0.004 -6"><span class='ocrx_word' id='word_1_33' title='bbox 195 574 451 605; x_wconf 77' lang='lat' dir='ltr'>conversatione</span> <span class='ocrx_word' id='word_1_34' title='bbox 466 573 630 604; x_wconf 68' lang='lat' dir='ltr'>laudaldli</span> <span class='ocrx_word' id='word_1_35' title='bbox 645 572 711 603; x_wconf 83' lang='lat' dir='ltr'>sibi</span> <span class='ocrx_word' id='word_1_36' title='bbox 727 572 961 602; x_wconf 88' lang='lat' dir='ltr'>testimonium</span> <span class='ocrx_word' id='word_1_37' title='bbox 974 570 1206 610; x_wconf 72' lang='lat' dir='ltr'>perhibebant,</span> 
     </span>
     <span class='ocr_line' id='line_1_7' title="bbox 195 624 1208 666; baseline -0.004 -9"><span class='ocrx_word' id='word_1_38' title='bbox 195 627 346 658; x_wconf 76' lang='lat' dir='ltr'>adiciens</span> <span class='ocrx_word' id='word_1_39' title='bbox 365 627 453 666; x_wconf 87' lang='lat' dir='ltr'>quod</span> <span class='ocrx_word' id='word_1_40' title='bbox 471 635 530 665; x_wconf 88' lang='lat' dir='ltr'>per</span> <span class='ocrx_word' id='word_1_41' title='bbox 555 626 722 665; x_wconf 80' lang='lat' dir='ltr'>objectum</span> <span class='ocrx_word' id='word_1_42' title='bbox 747 625 941 663; x_wconf 88' lang='lat' dir='ltr'>hujusmodi</span> <span class='ocrx_word' id='word_1_43' title='bbox 960 633 1018 663; x_wconf 92' lang='lat' dir='ltr'>per</span> <span class='ocrx_word' id='word_1_44' title='bbox 1036 633 1135 663; x_wconf 84' lang='lat' dir='ltr'>quem</span> <span class='ocrx_word' id='word_1_45' title='bbox 1162 624 1208 653; x_wconf 93' lang='lat' dir='ltr'>in-</span> 
     </span>
     <span class='ocr_line' id='line_1_8' title="bbox 196 677 1208 717; baseline -0.004 -7"><span class='ocrx_word' id='word_1_46' title='bbox 196 680 310 717; x_wconf 81' lang='lat' dir='ltr'>famia,</span> <span class='ocrx_word' id='word_1_47' title='bbox 330 689 396 710; x_wconf 88' lang='lat' dir='ltr'>non</span> <span class='ocrx_word' id='word_1_48' title='bbox 415 682 527 710; x_wconf 84' lang='lat' dir='ltr'>autem</span> <span class='ocrx_word' id='word_1_49' title='bbox 546 679 701 709; x_wconf 87' lang='lat' dir='ltr'>criminis</span> <span class='ocrx_word' id='word_1_50' title='bbox 719 679 845 708; x_wconf 75' lang='lat' dir='ltr'>veritas</span> <span class='ocrx_word' id='word_1_51' title='bbox 863 678 1057 716; x_wconf 72' lang='lat' dir='ltr'>opponitur,</span> <span class='ocrx_word' id='word_1_52' title='bbox 1079 677 1129 707; x_wconf 75' lang='lat' dir='ltr'>vel</span> <span class='ocrx_word' id='word_1_53' title='bbox 1149 685 1208 715; x_wconf 87' lang='lat' dir='ltr'>per</span> 
     </span>
     <span class='ocr_line' id='line_1_9' title="bbox 195 731 1206 772; baseline -0.004 -8"><span class='ocrx_word' id='word_1_54' title='bbox 195 733 444 772; x_wconf 83' lang='lat' dir='ltr'>oppositionem</span> <span class='ocrx_word' id='word_1_55' title='bbox 462 732 643 762; x_wconf 87' lang='lat' dir='ltr'>criminum</span> <span class='ocrx_word' id='word_1_56' title='bbox 663 731 820 761; x_wconf 76' lang='lat' dir='ltr'>videlicet</span> <span class='ocrx_word' id='word_1_57' title='bbox 836 731 977 769; x_wconf 85' lang='lat' dir='ltr'>perjurii</span> <span class='ocrx_word' id='word_1_58' title='bbox 1010 732 1040 761; x_wconf 81' lang='lat' dir='ltr'>ct</span> <span class='ocrx_word' id='word_1_59' title='bbox 1059 731 1206 769; x_wconf 84' lang='lat' dir='ltr'>predica-</span> 
     </span>
     <span class='ocr_line' id='line_1_10' title="bbox 193 784 1205 818; baseline -0.003 -2"><span class='ocrx_word' id='word_1_60' title='bbox 193 786 296 816; x_wconf 81' lang='lat' dir='ltr'>tionis</span> <span class='ocrx_word' id='word_1_61' title='bbox 327 794 480 816; x_wconf 86' lang='lat' dir='ltr'>errorum</span> <span class='ocrx_word' id='word_1_62' title='bbox 509 793 569 815; x_wconf 89' lang='lat' dir='ltr'>seu</span> <span class='ocrx_word' id='word_1_63' title='bbox 596 785 699 814; x_wconf 89' lang='lat' dir='ltr'>etiam</span> <span class='ocrx_word' id='word_1_64' title='bbox 719 784 895 814; x_wconf 72' lang='lat' dir='ltr'>inhoneste</span> <span class='ocrx_word' id='word_1_65' title='bbox 924 784 1205 818; x_wconf 76' lang='lat' dir='ltr'>conversationis,</span> 
     </span>
     <span class='ocr_line' id='line_1_11' title="bbox 195 837 1204 877; baseline -0.002 -9"><span class='ocrx_word' id='word_1_66' title='bbox 195 839 234 868; x_wconf 90' lang='lat' dir='ltr'>de</span> <span class='ocrx_word' id='word_1_67' title='bbox 251 838 375 877; x_wconf 67' lang='lat' dir='ltr'>quilius</span> <span class='ocrx_word' id='word_1_68' title='bbox 395 847 460 868; x_wconf 88' lang='grc'>11011</span> <span class='ocrx_word' id='word_1_69' title='bbox 480 838 605 868; x_wconf 81' lang='lat' dir='ltr'>dicitur</span> <span class='ocrx_word' id='word_1_70' title='bbox 630 837 827 871; x_wconf 75' lang='lat' dir='ltr'>infamatus,</span> <span class='ocrx_word' id='word_1_71' title='bbox 847 837 933 876; x_wconf 84' lang='lat' dir='ltr'>ipse,</span> <span class='ocrx_word' id='word_1_72' title='bbox 955 837 1006 867; x_wconf 79' lang='lat' dir='ltr'>cui</span> <span class='ocrx_word' id='word_1_73' title='bbox 1022 837 1090 875; x_wconf 87' lang='lat' dir='ltr'>jam</span> <span class='ocrx_word' id='word_1_74' title='bbox 1111 845 1204 867; x_wconf 85' lang='lat' dir='ltr'>cons-</span> 
     </span>
     <span class='ocr_line' id='line_1_12' title="bbox 191 890 1204 930; baseline -0.001 -9"><span class='ocrx_word' id='word_1_75' title='bbox 191 893 239 921; x_wconf 88' lang='lat' dir='ltr'>tat</span> <span class='ocrx_word' id='word_1_76' title='bbox 255 891 462 930; x_wconf 85' lang='lat' dir='ltr'>prebendam</span> <span class='ocrx_word' id='word_1_77' title='bbox 478 899 639 930; x_wconf 80' lang='lat' dir='ltr'>pereum,</span> <span class='ocrx_word' id='word_1_78' title='bbox 655 891 696 920; x_wconf 85' lang='lat' dir='ltr'>ad</span> <span class='ocrx_word' id='word_1_79' title='bbox 715 899 814 929; x_wconf 89' lang='lat' dir='ltr'>quem</span> <span class='ocrx_word' id='word_1_80' title='bbox 834 890 868 919; x_wconf 89' lang='lat' dir='ltr'>id</span> <span class='ocrx_word' id='word_1_81' title='bbox 885 892 1024 928; x_wconf 77' lang='lat' dir='ltr'>spectat,</span> <span class='ocrx_word' id='word_1_82' title='bbox 1045 891 1204 920; x_wconf 78' lang='lat' dir='ltr'>canonice</span> 
     </span>
     <span class='ocr_line' id='line_1_13' title="bbox 192 943 1204 982; baseline -0.001 -8"><span class='ocrx_word' id='word_1_83' title='bbox 192 944 299 974; x_wconf 89' lang='lat' dir='ltr'>fuisse</span> <span class='ocrx_word' id='word_1_84' title='bbox 318 944 487 981; x_wconf 87' lang='lat' dir='ltr'>collatam,</span> <span class='ocrx_word' id='word_1_85' title='bbox 505 943 546 974; x_wconf 85' lang='lat' dir='ltr'>ab</span> <span class='ocrx_word' id='word_1_86' title='bbox 565 943 745 974; x_wconf 74' lang='lat' dir='ltr'>obtinenda</span> <span class='ocrx_word' id='word_1_87' title='bbox 765 943 874 982; x_wconf 87' lang='lat' dir='ltr'>ipsius</span> <span class='ocrx_word' id='word_1_88' title='bbox 887 943 1054 982; x_wconf 84' lang='lat' dir='ltr'>prebende</span> <span class='ocrx_word' id='word_1_89' title='bbox 1071 952 1204 982; x_wconf 85' lang='lat' dir='ltr'>posses—</span> 
     </span>
     <span class='ocr_line' id='line_1_14' title="bbox 192 997 1205 1035; baseline 0 -8"><span class='ocrx_word' id='word_1_90' title='bbox 192 997 287 1027; x_wconf 86' lang='lat' dir='ltr'>sione</span> <span class='ocrx_word' id='word_1_91' title='bbox 306 1006 372 1027; x_wconf 86' lang='lat' dir='ltr'>nou</span> <span class='ocrx_word' id='word_1_92' title='bbox 399 997 496 1028; x_wconf 82' lang='lat' dir='ltr'>dehet</span> <span class='ocrx_word' id='word_1_93' title='bbox 525 997 659 1027; x_wconf 78' lang='lat' dir='ltr'>excludi</span> <span class='ocrx_word' id='word_1_94' title='bbox 686 1005 746 1026; x_wconf 89' lang='lat' dir='ltr'>nec</span> <span class='ocrx_word' id='word_1_95' title='bbox 765 997 923 1035; x_wconf 81' lang='lat' dir='ltr'>impediri</span> <span class='ocrx_word' id='word_1_96' title='bbox 953 997 1135 1035; x_wconf 83' lang='lat' dir='ltr'>quominus</span> <span class='ocrx_word' id='word_1_97' title='bbox 1171 997 1205 1027; x_wconf 89' lang='lat' dir='ltr'>in</span> 
     </span>
     <span class='ocr_line' id='line_1_15' title="bbox 191 1050 1204 1085; baseline -0.001 -4"><span class='ocrx_word' id='word_1_98' title='bbox 191 1050 331 1081; x_wconf 86' lang='lat' dir='ltr'>fratrem</span> <span class='ocrx_word' id='word_1_99' title='bbox 350 1053 380 1081; x_wconf 94' lang='lat' dir='ltr'>et</span> <span class='ocrx_word' id='word_1_100' title='bbox 400 1051 599 1081; x_wconf 82' lang='lat' dir='ltr'>canonicum</span> <span class='ocrx_word' id='word_1_101' title='bbox 618 1050 828 1085; x_wconf 76' lang='lat' dir='ltr'>admittatur,</span> <span class='ocrx_word' id='word_1_102' title='bbox 846 1051 923 1080; x_wconf 90' lang='lat' dir='ltr'>licet</span> <span class='ocrx_word' id='word_1_103' title='bbox 948 1059 1046 1080; x_wconf 85' lang='lat' dir='ltr'>secus</span> <span class='ocrx_word' id='word_1_104' title='bbox 1064 1059 1122 1080; x_wconf 83' lang='lat' dir='ltr'>nec</span> <span class='ocrx_word' id='word_1_105' title='bbox 1143 1051 1204 1080; x_wconf 89' lang='lat' dir='ltr'>im-</span> 
     </span>
     <span class='ocr_line' id='line_1_16' title="bbox 191 1103 1205 1143; baseline -0.001 -9"><span class='ocrx_word' id='word_1_106' title='bbox 191 1104 312 1134; x_wconf 86' lang='lat' dir='ltr'>merito</span> <span class='ocrx_word' id='word_1_107' title='bbox 330 1104 409 1143; x_wconf 85' lang='lat' dir='ltr'>jura</span> <span class='ocrx_word' id='word_1_108' title='bbox 432 1105 594 1140; x_wconf 80' lang='lat' dir='ltr'>statuant,</span> <span class='ocrx_word' id='word_1_109' title='bbox 611 1103 744 1142; x_wconf 85' lang='lat' dir='ltr'>quando</span> <span class='ocrx_word' id='word_1_110' title='bbox 760 1106 941 1142; x_wconf 87' lang='lat' dir='ltr'>utrumque</span> <span class='ocrx_word' id='word_1_111' title='bbox 959 1103 1061 1133; x_wconf 88' lang='lat' dir='ltr'>simul</span> <span class='ocrx_word' id='word_1_112' title='bbox 1077 1104 1205 1134; x_wconf 89' lang='lat' dir='ltr'>crimen</span> 
     </span>
     <span class='ocr_line' id='line_1_17' title="bbox 190 1157 1202 1196; baseline 0.001 -9"><span class='ocrx_word' id='word_1_113' title='bbox 190 1157 320 1188; x_wconf 88' lang='lat' dir='ltr'>scilicet</span> <span class='ocrx_word' id='word_1_114' title='bbox 337 1159 368 1188; x_wconf 90' lang='lat' dir='ltr'>et</span> <span class='ocrx_word' id='word_1_115' title='bbox 386 1158 497 1196; x_wconf 88' lang='lat' dir='ltr'>ipsius</span> <span class='ocrx_word' id='word_1_116' title='bbox 515 1157 669 1187; x_wconf 87' lang='lat' dir='ltr'>criminis</span> <span class='ocrx_word' id='word_1_117' title='bbox 688 1157 864 1187; x_wconf 85' lang='lat' dir='ltr'>infamiam</span> <span class='ocrx_word' id='word_1_118' title='bbox 885 1157 1048 1195; x_wconf 81' lang='lat' dir='ltr'>contingit</span> <span class='ocrx_word' id='word_1_119' title='bbox 1066 1157 1202 1196; x_wconf 82' lang='lat' dir='ltr'>opponi.</span> 
     </span>
     <span class='ocr_line' id='line_1_18' title="bbox 189 1209 1202 1249; baseline 0 -9"><span class='ocrx_word' id='word_1_120' title='bbox 189 1210 242 1240; x_wconf 92' lang='lat' dir='ltr'>Ad</span> <span class='ocrx_word' id='word_1_121' title='bbox 257 1211 292 1240; x_wconf 90' lang='lat' dir='ltr'>id</span> <span class='ocrx_word' id='word_1_122' title='bbox 308 1219 386 1241; x_wconf 71' lang='lat' dir='ltr'>vero</span> <span class='ocrx_word' id='word_1_123' title='bbox 414 1211 503 1249; x_wconf 82' lang='lat' dir='ltr'>quod</span> <span class='ocrx_word' id='word_1_124' title='bbox 526 1210 566 1240; x_wconf 90' lang='lat' dir='ltr'>de</span> <span class='ocrx_word' id='word_1_125' title='bbox 589 1210 720 1241; x_wconf 85' lang='lat' dir='ltr'>defectu</span> <span class='ocrx_word' id='word_1_126' title='bbox 739 1210 904 1240; x_wconf 82' lang='lat' dir='ltr'>natalium</span> <span class='ocrx_word' id='word_1_127' title='bbox 927 1210 991 1240; x_wconf 88' lang='lat' dir='ltr'>fuit</span> <span class='ocrx_word' id='word_1_128' title='bbox 1021 1209 1202 1249; x_wconf 81' lang='lat' dir='ltr'>objectum,</span> 
     </span>
     <span class='ocr_line' id='line_1_19' title="bbox 188 1263 1203 1302; baseline 0.001 -9"><span class='ocrx_word' id='word_1_129' title='bbox 188 1263 279 1293; x_wconf 88' lang='lat' dir='ltr'>idem</span> <span class='ocrx_word' id='word_1_130' title='bbox 298 1263 460 1302; x_wconf 82' lang='lat' dir='ltr'>magister</span> <span class='ocrx_word' id='word_1_131' title='bbox 490 1263 684 1302; x_wconf 86' lang='lat' dir='ltr'>replicando</span> <span class='ocrx_word' id='word_1_132' title='bbox 713 1263 887 1301; x_wconf 77' lang='lat' dir='ltr'>respondit</span> <span class='ocrx_word' id='word_1_133' title='bbox 914 1263 1014 1302; x_wconf 82' lang='lat' dir='ltr'>quod,</span> <span class='ocrx_word' id='word_1_134' title='bbox 1034 1263 1113 1294; x_wconf 85' lang='lat' dir='ltr'>licet</span> <span class='ocrx_word' id='word_1_135' title='bbox 1131 1264 1203 1302; x_wconf 80' lang='lat' dir='ltr'>ipse</span> 
     </span>
     <span class='ocr_line' id='line_1_20' title="bbox 188 1316 1204 1356; baseline 0.001 -10"><span class='ocrx_word' id='word_1_136' title='bbox 188 1316 228 1346; x_wconf 90' lang='lat' dir='ltr'>de</span> <span class='ocrx_word' id='word_1_137' title='bbox 246 1316 396 1356; x_wconf 88' lang='lat' dir='ltr'>simplici</span> <span class='ocrx_word' id='word_1_138' title='bbox 419 1317 652 1353; x_wconf 86' lang='lat' dir='ltr'>fornicatione,</span> <span class='ocrx_word' id='word_1_139' title='bbox 670 1325 735 1346; x_wconf 89' lang='lat' dir='ltr'>non</span> <span class='ocrx_word' id='word_1_140' title='bbox 757 1318 870 1347; x_wconf 88' lang='lat' dir='ltr'>autem</span> <span class='ocrx_word' id='word_1_141' title='bbox 889 1316 928 1346; x_wconf 88' lang='lat' dir='ltr'>de</span> <span class='ocrx_word' id='word_1_142' title='bbox 950 1317 1117 1347; x_wconf 83' lang='lat' dir='ltr'>adulterio</span> <span class='ocrx_word' id='word_1_143' title='bbox 1136 1317 1204 1347; x_wconf 87' lang='lat' dir='ltr'>fue-</span> 
     </span>
     <span class='ocr_line' id='line_1_21' title="bbox 187 1369 1203 1408; baseline 0.001 -9"><span class='ocrx_word' id='word_1_144' title='bbox 187 1369 231 1399; x_wconf 89' lang='lat' dir='ltr'>rit</span> <span class='ocrx_word' id='word_1_145' title='bbox 249 1372 457 1408; x_wconf 85' lang='lat' dir='ltr'>procreatus,</span> <span class='ocrx_word' id='word_1_146' title='bbox 485 1372 597 1401; x_wconf 84' lang='lat' dir='ltr'>tamen</span> <span class='ocrx_word' id='word_1_147' title='bbox 620 1370 819 1408; x_wconf 82' lang='lat' dir='ltr'>petitionem</span> <span class='ocrx_word' id='word_1_148' title='bbox 847 1378 943 1400; x_wconf 85' lang='lat' dir='ltr'>suam</span> <span class='ocrx_word' id='word_1_149' title='bbox 969 1370 1121 1400; x_wconf 86' lang='lat' dir='ltr'>defectus</span> <span class='ocrx_word' id='word_1_150' title='bbox 1144 1370 1203 1400; x_wconf 91' lang='lat' dir='ltr'>hu-</span> 
     </span>
     <span class='ocr_line' id='line_1_22' title="bbox 182 1423 1202 1462; baseline 0.001 -9"><span class='ocrx_word' id='word_1_151' title='bbox 182 1423 334 1461; x_wconf 87' lang='lat' dir='ltr'>jusmodi</span> <span class='ocrx_word' id='word_1_152' title='bbox 353 1432 418 1453; x_wconf 89' lang='lat' dir='ltr'>non</span> <span class='ocrx_word' id='word_1_153' title='bbox 436 1423 598 1458; x_wconf 73' lang='lat' dir='ltr'>excludit,</span> <span class='ocrx_word' id='word_1_154' title='bbox 613 1425 685 1454; x_wconf 92' lang='lat' dir='ltr'>tum</span> <span class='ocrx_word' id='word_1_155' title='bbox 703 1423 782 1462; x_wconf 86' lang='lat' dir='ltr'>quia</span> <span class='ocrx_word' id='word_1_156' title='bbox 797 1432 899 1462; x_wconf 74' lang='lat' dir='ltr'>super</span> <span class='ocrx_word' id='word_1_157' title='bbox 916 1423 989 1462; x_wconf 82' lang='lat' dir='ltr'>ipso</span> <span class='ocrx_word' id='word_1_158' title='bbox 1011 1432 1075 1454; x_wconf 80' lang='lat' dir='ltr'>non</span> <span class='ocrx_word' id='word_1_159' title='bbox 1091 1425 1202 1454; x_wconf 87' lang='lat' dir='ltr'>solum</span> 
     </span>
     <span class='ocr_line' id='line_1_23' title="bbox 187 1475 1201 1516; baseline 0.001 -10"><span class='ocrx_word' id='word_1_160' title='bbox 187 1476 229 1506; x_wconf 87' lang='lat' dir='ltr'>ad</span> <span class='ocrx_word' id='word_1_161' title='bbox 250 1475 426 1513; x_wconf 83' lang='lat' dir='ltr'>beneficia,</span> <span class='ocrx_word' id='word_1_162' title='bbox 441 1478 491 1507; x_wconf 88' lang='lat' dir='ltr'>set</span> <span class='ocrx_word' id='word_1_163' title='bbox 509 1477 612 1507; x_wconf 82' lang='lat' dir='ltr'>etiam</span> <span class='ocrx_word' id='word_1_164' title='bbox 628 1477 669 1506; x_wconf 81' lang='lat' dir='ltr'>ad</span> <span class='ocrx_word' id='word_1_165' title='bbox 687 1477 915 1515; x_wconf 86' lang='lat' dir='ltr'>episcopalem</span> <span class='ocrx_word' id='word_1_166' title='bbox 934 1477 1133 1516; x_wconf 79' lang='lat' dir='ltr'>dignitatem</span> <span class='ocrx_word' id='word_1_167' title='bbox 1151 1480 1201 1508; x_wconf 84' lang='lat' dir='ltr'>est</span> 
     </span>
     <span class='ocr_line' id='line_1_24' title="bbox 185 1529 1199 1568; baseline 0.002 -9"><span class='ocrx_word' id='word_1_168' title='bbox 185 1537 262 1559; x_wconf 83' lang='lat' dir='ltr'>cum</span> <span class='ocrx_word' id='word_1_169' title='bbox 285 1538 323 1560; x_wconf 90' lang='lat' dir='ltr'>eo</span> <span class='ocrx_word' id='word_1_170' title='bbox 349 1538 408 1568; x_wconf 87' lang='lat' dir='ltr'>per</span> <span class='ocrx_word' id='word_1_171' title='bbox 437 1530 553 1560; x_wconf 86' lang='lat' dir='ltr'>sedem</span> <span class='ocrx_word' id='word_1_172' title='bbox 580 1529 802 1568; x_wconf 87' lang='lat' dir='ltr'>apostolicam</span> <span class='ocrx_word' id='word_1_173' title='bbox 828 1530 1076 1568; x_wconf 84' lang='lat' dir='ltr'>dispensatum,</span> <span class='ocrx_word' id='word_1_174' title='bbox 1112 1531 1199 1561; x_wconf 85' lang='lat' dir='ltr'>sicut</span> 
     </span>
     <span class='ocr_line' id='line_1_25' title="bbox 185 1583 1201 1621; baseline 0.002 -9"><span class='ocrx_word' id='word_1_175' title='bbox 185 1590 246 1620; x_wconf 89' lang='lat' dir='ltr'>per</span> <span class='ocrx_word' id='word_1_176' title='bbox 265 1583 472 1621; x_wconf 80' lang='lat' dir='ltr'>transcripta</span> <span class='ocrx_word' id='word_1_177' title='bbox 499 1583 794 1620; x_wconf 84' lang='lat' dir='ltr'>dispensationum</span> <span class='ocrx_word' id='word_1_178' title='bbox 818 1583 928 1612; x_wconf 86' lang='lat' dir='ltr'>felicis</span> <span class='ocrx_word' id='word_1_179' title='bbox 956 1583 1201 1614; x_wconf 86' lang='lat' dir='ltr'>recordationis</span> 
     </span>
     <span class='ocr_line' id='line_1_26' title="bbox 185 1634 1200 1674; baseline 0.001 -9"><span class='ocrx_word' id='word_1_180' title='bbox 185 1634 374 1665; x_wconf 84' lang='lat' dir='ltr'>Innocentii</span> <span class='ocrx_word' id='word_1_181' title='bbox 391 1637 423 1665; x_wconf 87' lang='lat' dir='ltr'>et</span> <span class='ocrx_word' id='word_1_182' title='bbox 443 1635 630 1666; x_wconf 74' lang='lat' dir='ltr'>Alexandri</span> <span class='ocrx_word' id='word_1_183' title='bbox 658 1636 888 1666; x_wconf 78' lang='lat' dir='ltr'>Romanorum</span> <span class='ocrx_word' id='word_1_184' title='bbox 907 1636 1114 1674; x_wconf 80' lang='lat' dir='ltr'>pontificum,</span> <span class='ocrx_word' id='word_1_185' title='bbox 1138 1637 1200 1666; x_wconf 86' lang='lat' dir='ltr'>sub</span> 
     </span>
     <span class='ocr_line' id='line_1_27' title="bbox 186 1687 1198 1727; baseline 0.002 -10"><span class='ocrx_word' id='word_1_186' title='bbox 186 1687 300 1727; x_wconf 79' lang='lat' dir='ltr'>sigillo</span> <span class='ocrx_word' id='word_1_187' title='bbox 321 1688 414 1718; x_wconf 89' lang='lat' dir='ltr'>curie</span> <span class='ocrx_word' id='word_1_188' title='bbox 444 1688 651 1718; x_wconf 83' lang='lat' dir='ltr'>Parisiensis</span> <span class='ocrx_word' id='word_1_189' title='bbox 677 1687 840 1724; x_wconf 78' lang='lat' dir='ltr'>exhibita,</span> <span class='ocrx_word' id='word_1_190' title='bbox 866 1689 1043 1718; x_wconf 80' lang='lat' dir='ltr'>ostendere</span> <span class='ocrx_word' id='word_1_191' title='bbox 1072 1689 1198 1720; x_wconf 75' lang='lat' dir='ltr'>niteba-</span> 
     </span>
     <span class='ocr_line' id='line_1_28' title="bbox 185 1741 1199 1780; baseline 0.001 -9"><span class='ocrx_word' id='word_1_192' title='bbox 185 1742 260 1776; x_wconf 74' lang='lat' dir='ltr'>tur3</span> <span class='ocrx_word' id='word_1_193' title='bbox 281 1743 312 1771; x_wconf 85' lang='lat' dir='ltr'>et</span> <span class='ocrx_word' id='word_1_194' title='bbox 342 1741 478 1771; x_wconf 80' lang='lat' dir='ltr'>deinum</span> <span class='ocrx_word' id='word_1_195' title='bbox 510 1742 717 1771; x_wconf 88' lang='lat' dir='ltr'>memoratus</span> <span class='ocrx_word' id='word_1_196' title='bbox 738 1742 936 1780; x_wconf 86' lang='lat' dir='ltr'>procurator</span> <span class='ocrx_word' id='word_1_197' title='bbox 952 1741 984 1771; x_wconf 92' lang='lat' dir='ltr'>in</span> <span class='ocrx_word' id='word_1_198' title='bbox 1003 1743 1199 1773; x_wconf 82' lang='lat' dir='ltr'>eorumdem</span> 
     </span>
     <span class='ocr_line' id='line_1_29' title="bbox 185 1794 1200 1834; baseline 0.002 -10"><span class='ocrx_word' id='word_1_199' title='bbox 185 1795 217 1824; x_wconf 90' lang='lat' dir='ltr'>et</span> <span class='ocrx_word' id='word_1_200' title='bbox 233 1794 376 1824; x_wconf 83' lang='lat' dir='ltr'>fratrum</span> <span class='ocrx_word' id='word_1_201' title='bbox 391 1794 563 1833; x_wconf 81' lang='lat' dir='ltr'>presentia</span> <span class='ocrx_word' id='word_1_202' title='bbox 579 1796 629 1824; x_wconf 87' lang='lat' dir='ltr'>est</span> <span class='ocrx_word' id='word_1_203' title='bbox 646 1794 823 1824; x_wconf 87' lang='lat' dir='ltr'>confessus</span> <span class='ocrx_word' id='word_1_204' title='bbox 844 1796 916 1824; x_wconf 88' lang='lat' dir='ltr'>tum</span> <span class='ocrx_word' id='word_1_205' title='bbox 936 1795 1037 1825; x_wconf 86' lang='lat' dir='ltr'>etiam</span> <span class='ocrx_word' id='word_1_206' title='bbox 1054 1797 1143 1834; x_wconf 85' lang='lat' dir='ltr'>quod</span> <span class='ocrx_word' id='word_1_207' title='bbox 1167 1796 1200 1826; x_wconf 90' lang='lat' dir='ltr'>in</span> 
     </span>
     <span class='ocr_line' id='line_1_30' title="bbox 184 1847 1197 1886; baseline 0.003 -10"><span class='ocrx_word' id='word_1_208' title='bbox 184 1847 371 1877; x_wconf 88' lang='lat' dir='ltr'>Parisiensi</span> <span class='ocrx_word' id='word_1_209' title='bbox 406 1847 549 1877; x_wconf 86' lang='lat' dir='ltr'>ecclesia</span> <span class='ocrx_word' id='word_1_210' title='bbox 585 1847 753 1885; x_wconf 83' lang='lat' dir='ltr'>patientes</span> <span class='ocrx_word' id='word_1_211' title='bbox 790 1847 957 1877; x_wconf 85' lang='lat' dir='ltr'>defectum</span> <span class='ocrx_word' id='word_1_212' title='bbox 990 1847 1197 1886; x_wconf 84' lang='lat' dir='ltr'>hujusmodi,</span> 
     </span>
     <span class='ocr_line' id='line_1_31' title="bbox 184 1899 1196 1939; baseline 0.003 -10"><span class='ocrx_word' id='word_1_213' title='bbox 184 1899 273 1929; x_wconf 87' lang='lat' dir='ltr'>sicut</span> <span class='ocrx_word' id='word_1_214' title='bbox 289 1899 329 1929; x_wconf 88' lang='lat' dir='ltr'>de</span> <span class='ocrx_word' id='word_1_215' title='bbox 344 1899 501 1938; x_wconf 79' lang='lat' dir='ltr'>pluribus</span> <span class='ocrx_word' id='word_1_216' title='bbox 521 1899 653 1930; x_wconf 83' lang='lat' dir='ltr'>dicebat</span> <span class='ocrx_word' id='word_1_217' title='bbox 671 1908 746 1930; x_wconf 89' lang='lat' dir='ltr'>esse</span> <span class='ocrx_word' id='word_1_218' title='bbox 760 1900 942 1935; x_wconf 82' lang='lat' dir='ltr'>notorium,</span> <span class='ocrx_word' id='word_1_219' title='bbox 961 1901 1196 1939; x_wconf 85' lang='lat' dir='ltr'>admittuntur,</span> 
     </span>
    </p>
   </div>
   <div class='ocr_carea' id='block_1_3' title="bbox 184 1952 1231 1991">
    <p class='ocr_par' dir='ltr' id='par_1_3' title="bbox 184 1952 1231 1991">
     <span class='ocr_line' id='line_1_32' title="bbox 184 1952 1231 1991; baseline 0.003 -9"><span class='ocrx_word' id='word_1_220' title='bbox 184 1961 245 1982; x_wconf 88' lang='lat' dir='ltr'>nec</span> <span class='ocrx_word' id='word_1_221' title='bbox 258 1952 439 1982; x_wconf 87' lang='lat' dir='ltr'>haberetur</span> <span class='ocrx_word' id='word_1_222' title='bbox 462 1961 564 1991; x_wconf 90' lang='lat' dir='ltr'>super</span> <span class='ocrx_word' id='word_1_223' title='bbox 586 1952 648 1983; x_wconf 87' lang='lat' dir='ltr'>hoc</span> <span class='ocrx_word' id='word_1_224' title='bbox 674 1954 839 1983; x_wconf 83' lang='lat' dir='ltr'>statutum</span> <span class='ocrx_word' id='word_1_225' title='bbox 864 1956 1067 1984; x_wconf 87' lang='lat' dir='ltr'>contrarium</span> <span class='ocrx_word' id='word_1_226' title='bbox 1095 1955 1128 1984; x_wconf 91' lang='lat' dir='ltr'>in</span> <span class='ocrx_word' id='word_1_227' title='bbox 1147 1964 1197 1985; x_wconf 83' lang='lat' dir='ltr'>ea·</span> <span class='ocrx_word' id='word_1_228' title='bbox 1230 1962 1231 1984; x_wconf 62' lang='grc' dir='ltr'>ξ</span> 
     </span>
    </p>
   </div>
   <div class='ocr_carea' id='block_1_4' title="bbox 181 2005 1199 2258">
    <p class='ocr_par' dir='ltr' id='par_1_4' title="bbox 181 2005 1199 2258">
     <span class='ocr_line' id='line_1_33' title="bbox 184 2005 1199 2045; baseline 0.003 -10"><span class='ocrx_word' id='word_1_229' title='bbox 184 2005 272 2036; x_wconf 86' lang='lat' dir='ltr'>dem.</span> <span class='ocrx_word' id='word_1_230' title='bbox 293 2005 473 2044; x_wconf 77' lang='lat' dir='ltr'>Allegabat</span> <span class='ocrx_word' id='word_1_231' title='bbox 507 2007 661 2044; x_wconf 85' lang='lat' dir='ltr'>preterea</span> <span class='ocrx_word' id='word_1_232' title='bbox 687 2007 911 2036; x_wconf 85' lang='lat' dir='ltr'>memoratum</span> <span class='ocrx_word' id='word_1_233' title='bbox 946 2010 1199 2045; x_wconf 83' lang='lat' dir='ltr'>procuratorem</span> 
     </span>
     <span class='ocr_line' id='line_1_34' title="bbox 184 2059 1198 2098; baseline 0.004 -10"><span class='ocrx_word' id='word_1_234' title='bbox 184 2059 226 2089; x_wconf 85' lang='lat' dir='ltr'>ad</span> <span class='ocrx_word' id='word_1_235' title='bbox 244 2059 443 2098; x_wconf 87' lang='lat' dir='ltr'>opponenda</span> <span class='ocrx_word' id='word_1_236' title='bbox 462 2059 604 2089; x_wconf 86' lang='lat' dir='ltr'>crimina</span> <span class='ocrx_word' id='word_1_237' title='bbox 628 2060 680 2089; x_wconf 73' lang='lat' dir='ltr'>vel</span> <span class='ocrx_word' id='word_1_238' title='bbox 703 2059 883 2089; x_wconf 85' lang='lat' dir='ltr'>criminum</span> <span class='ocrx_word' id='word_1_239' title='bbox 911 2059 1101 2097; x_wconf 80' lang='lat' dir='ltr'>infamiam,</span> <span class='ocrx_word' id='word_1_240' title='bbox 1123 2071 1198 2092; x_wconf 84' lang='lat' dir='ltr'>cum</span> 
     </span>
     <span class='ocr_line' id='line_1_35' title="bbox 182 2112 1199 2151; baseline 0.003 -9"><span class='ocrx_word' id='word_1_241' title='bbox 182 2112 223 2142; x_wconf 87' lang='lat' dir='ltr'>ad</span> <span class='ocrx_word' id='word_1_242' title='bbox 237 2112 271 2142; x_wconf 85' lang='lat' dir='ltr'>id</span> <span class='ocrx_word' id='word_1_243' title='bbox 290 2112 486 2142; x_wconf 85' lang='lat' dir='ltr'>mandatum</span> <span class='ocrx_word' id='word_1_244' title='bbox 500 2112 686 2149; x_wconf 77' lang='lat' dir='ltr'>sufficiens,</span> <span class='ocrx_word' id='word_1_245' title='bbox 701 2112 787 2143; x_wconf 88' lang='lat' dir='ltr'>sicut</span> <span class='ocrx_word' id='word_1_246' title='bbox 806 2115 944 2151; x_wconf 87' lang='lat' dir='ltr'>apparet</span> <span class='ocrx_word' id='word_1_247' title='bbox 960 2122 1002 2143; x_wconf 86' lang='lat' dir='ltr'>ex</span> <span class='ocrx_word' id='word_1_248' title='bbox 1014 2116 1128 2145; x_wconf 89' lang='lat' dir='ltr'>tenore</span> <span class='ocrx_word' id='word_1_249' title='bbox 1144 2124 1199 2145; x_wconf 84' lang='lat' dir='ltr'>su-</span> 
     </span>
     <span class='ocr_line' id='line_1_36' title="bbox 181 2165 1199 2204; baseline 0.004 -9"><span class='ocrx_word' id='word_1_250' title='bbox 181 2166 446 2204; x_wconf 86' lang='lat' dir='ltr'>praposit0,non</span> <span class='ocrx_word' id='word_1_251' title='bbox 457 2165 685 2202; x_wconf 77' lang='lat' dir='ltr'>haheret‚non</span> <span class='ocrx_word' id='word_1_252' title='bbox 702 2174 776 2196; x_wconf 85' lang='lat' dir='ltr'>esse</span> <span class='ocrx_word' id='word_1_253' title='bbox 790 2166 1003 2204; x_wconf 87' lang='lat' dir='ltr'>aliquatenus</span> <span class='ocrx_word' id='word_1_254' title='bbox 1023 2167 1199 2199; x_wconf 87' lang='lat' dir='ltr'>admitten-</span> 
     </span>
     <span class='ocr_line' id='line_1_37' title="bbox 182 2218 1199 2258; baseline 0.004 -10"><span class='ocrx_word' id='word_1_255' title='bbox 182 2219 273 2248; x_wconf 91' lang='lat' dir='ltr'>dum.</span> <span class='ocrx_word' id='word_1_256' title='bbox 309 2219 466 2249; x_wconf 85' lang='lat' dir='ltr'>Ceterum</span> <span class='ocrx_word' id='word_1_257' title='bbox 497 2227 599 2257; x_wconf 90' lang='lat' dir='ltr'>super</span> <span class='ocrx_word' id='word_1_258' title='bbox 640 2218 757 2249; x_wconf 84' lang='lat' dir='ltr'>morbo</span> <span class='ocrx_word' id='word_1_259' title='bbox 790 2219 894 2258; x_wconf 82' lang='lat' dir='ltr'>lepre,</span> <span class='ocrx_word' id='word_1_260' title='bbox 926 2219 1021 2258; x_wconf 87' lang='lat' dir='ltr'>cujus</span> <span class='ocrx_word' id='word_1_261' title='bbox 1050 2220 1126 2257; x_wconf 86' lang='lat' dir='ltr'>fuit,</span> <span class='ocrx_word' id='word_1_262' title='bbox 1162 2224 1199 2252; x_wconf 93' lang='lat' dir='ltr'>ut</span> 
     </span>
    </p>
   </div>
   <div class='ocr_carea' id='block_1_5' title="bbox 179 2271 1231 2364">
    <p class='ocr_par' dir='ltr' id='par_1_5' title="bbox 179 2271 1231 2364">
     <span class='ocr_line' id='line_1_38' title="bbox 180 2271 1231 2310; baseline 0.003 -9"><span class='ocrx_word' id='word_1_263' title='bbox 180 2272 403 2310; x_wconf 86' lang='lat' dir='ltr'>premittitur,</span> <span class='ocrx_word' id='word_1_264' title='bbox 420 2271 550 2310; x_wconf 84' lang='lat' dir='ltr'>objecta</span> <span class='ocrx_word' id='word_1_265' title='bbox 570 2272 728 2310; x_wconf 79' lang='lat' dir='ltr'>suspitio,</span> <span class='ocrx_word' id='word_1_266' title='bbox 748 2272 837 2302; x_wconf 89' lang='lat' dir='ltr'>idem</span> <span class='ocrx_word' id='word_1_267' title='bbox 861 2272 1019 2302; x_wconf 86' lang='lat' dir='ltr'>dominus</span> <span class='ocrx_word' id='word_1_268' title='bbox 1043 2282 1198 2305; x_wconf 89' lang='lat' dir='ltr'>summus</span> <span class='ocrx_word' id='word_1_269' title='bbox 1230 2287 1231 2290; x_wconf 46' lang='lat'>¹</span> 
     </span>
     <span class='ocr_line' id='line_1_39' title="bbox 179 2324 1230 2364; baseline 0.006 -10"><span class='ocrx_word' id='word_1_270' title='bbox 179 2325 333 2363; x_wconf 75' lang='lat' dir='ltr'>pontifex</span> <span class='ocrx_word' id='word_1_271' title='bbox 358 2333 419 2364; x_wconf 90' lang='lat' dir='ltr'>per</span> <span class='ocrx_word' id='word_1_272' title='bbox 442 2324 671 2355; x_wconf 69' lang='lat' dir='ltr'>venerabilem</span> <span class='ocrx_word' id='word_1_273' title='bbox 696 2326 827 2363; x_wconf 84' lang='lat' dir='ltr'>patrem</span> <span class='ocrx_word' id='word_1_274' title='bbox 851 2326 1026 2356; x_wconf 87' lang='lat' dir='ltr'>dominum</span> <span class='ocrx_word' id='word_1_275' title='bbox 1053 2327 1096 2362; x_wconf 59' lang='lat' dir='ltr'>J„</span> <span class='ocrx_word' id='word_1_276' title='bbox 1120 2328 1199 2358; x_wconf 85' lang='lat' dir='ltr'>Por·</span> <span class='ocrx_word' id='word_1_277' title='bbox 1229 2355 1230 2360; x_wconf 71' lang='grc'>,</span> 
     </span>
    </p>
   </div>
   <div class='ocr_carea' id='block_1_6' title="bbox 179 2377 1197 2418">
    <p class='ocr_par' dir='ltr' id='par_1_6' title="bbox 179 2377 1197 2418">
     <span class='ocr_line' id='line_1_40' title="bbox 179 2377 1197 2418; baseline 0.003 -10"><span class='ocrx_word' id='word_1_278' title='bbox 179 2379 335 2408; x_wconf 87' lang='lat' dir='ltr'>tuensem</span> <span class='ocrx_word' id='word_1_279' title='bbox 353 2377 561 2417; x_wconf 88' lang='lat' dir='ltr'>episcopum,</span> <span class='ocrx_word' id='word_1_280' title='bbox 574 2380 605 2408; x_wconf 92' lang='lat' dir='ltr'>et</span> <span class='ocrx_word' id='word_1_281' title='bbox 620 2377 786 2408; x_wconf 86' lang='lat' dir='ltr'>discretos</span> <span class='ocrx_word' id='word_1_282' title='bbox 804 2378 895 2409; x_wconf 83' lang='lat' dir='ltr'>viros</span> <span class='ocrx_word' id='word_1_283' title='bbox 918 2380 1119 2418; x_wconf 83' lang='lat' dir='ltr'>magistrum</span> <span class='ocrx_word' id='word_1_284' title='bbox 1134 2382 1197 2412; x_wconf 88' lang='lat' dir='ltr'>Re-</span> 
     </span>
    </p>
   </div>
   <div class='ocr_carea' id='block_1_7' title="bbox 181 2431 1229 2471">
    <p class='ocr_par' dir='ltr' id='par_1_7' title="bbox 181 2431 1229 2471">
     <span class='ocr_line' id='line_1_41' title="bbox 181 2431 1229 2471; baseline 0.003 -10"><span class='ocrx_word' id='word_1_285' title='bbox 181 2431 324 2470; x_wconf 85' lang='lat' dir='ltr'>migium</span> <span class='ocrx_word' id='word_1_286' title='bbox 342 2432 374 2461; x_wconf 88' lang='lat' dir='ltr'>et</span> <span class='ocrx_word' id='word_1_287' title='bbox 391 2431 646 2470; x_wconf 66' lang='lat' dir='ltr'>Raymundum,</span> <span class='ocrx_word' id='word_1_288' title='bbox 666 2431 859 2469; x_wconf 84' lang='lat' dir='ltr'>capellanos</span> <span class='ocrx_word' id='word_1_289' title='bbox 877 2433 909 2462; x_wconf 90' lang='lat' dir='ltr'>et</span> <span class='ocrx_word' id='word_1_290' title='bbox 923 2432 1083 2471; x_wconf 80' lang='lat' dir='ltr'>physicos</span> <span class='ocrx_word' id='word_1_291' title='bbox 1103 2442 1195 2471; x_wconf 75' lang='lat' dir='ltr'>suOS,</span> <span class='ocrx_word' id='word_1_292' title='bbox 1228 2448 1229 2451; x_wconf 44' lang='lat'>¹</span> 
     </span>
    </p>
   </div>
   <div class='ocr_carea' id='block_1_8' title="bbox 177 2483 1196 2893">
    <p class='ocr_par' dir='ltr' id='par_1_8' title="bbox 177 2483 1196 2893">
     <span class='ocr_line' id='line_1_42' title="bbox 181 2483 1195 2524; baseline 0.003 -10"><span class='ocrx_word' id='word_1_293' title='bbox 181 2483 261 2514; x_wconf 79' lang='lat' dir='ltr'>fecit</span> <span class='ocrx_word' id='word_1_294' title='bbox 276 2484 416 2523; x_wconf 83' lang='lat' dir='ltr'>inquiri,</span> <span class='ocrx_word' id='word_1_295' title='bbox 437 2484 506 2523; x_wconf 83' lang='lat' dir='ltr'>qui,</span> <span class='ocrx_word' id='word_1_296' title='bbox 536 2484 687 2523; x_wconf 86' lang='lat' dir='ltr'>ejusdem</span> <span class='ocrx_word' id='word_1_297' title='bbox 718 2484 872 2523; x_wconf 78' lang='lat' dir='ltr'>magistri</span> <span class='ocrx_word' id='word_1_298' title='bbox 894 2485 930 2515; x_wconf 88' lang='lat' dir='ltr'>P.</span> <span class='ocrx_word' id='word_1_299' title='bbox 963 2495 1102 2524; x_wconf 89' lang='lat' dir='ltr'>corpore</span> <span class='ocrx_word' id='word_1_300' title='bbox 1120 2487 1195 2517; x_wconf 91' lang='lat' dir='ltr'>dili·</span> 
     </span>
     <span class='ocr_line' id='line_1_43' title="bbox 180 2537 1196 2577; baseline 0.004 -11"><span class='ocrx_word' id='word_1_301' title='bbox 180 2538 297 2576; x_wconf 72' lang='lat' dir='ltr'>genter</span> <span class='ocrx_word' id='word_1_302' title='bbox 309 2537 474 2575; x_wconf 82' lang='lat' dir='ltr'>inspecto,</span> <span class='ocrx_word' id='word_1_303' title='bbox 488 2537 599 2575; x_wconf 80' lang='lat' dir='ltr'>ipsum</span> <span class='ocrx_word' id='word_1_304' title='bbox 612 2537 802 2568; x_wconf 84' lang='lat' dir='ltr'>retulerunt</span> <span class='ocrx_word' id='word_1_305' title='bbox 815 2537 855 2567; x_wconf 84' lang='lat' dir='ltr'>ab</span> <span class='ocrx_word' id='word_1_306' title='bbox 869 2537 1064 2577; x_wconf 88' lang='lat' dir='ltr'>hujusmodi</span> <span class='ocrx_word' id='word_1_307' title='bbox 1078 2539 1196 2570; x_wconf 80' lang='lat' dir='ltr'>morbo</span> 
     </span>
     <span class='ocr_line' id='line_1_44' title="bbox 181 2590 1196 2628; baseline 0.004 -9"><span class='ocrx_word' id='word_1_308' title='bbox 181 2598 323 2628; x_wconf 80' lang='lat' dir='ltr'>prorsus</span> <span class='ocrx_word' id='word_1_309' title='bbox 356 2590 554 2620; x_wconf 87' lang='lat' dir='ltr'>immunem.</span> <span class='ocrx_word' id='word_1_310' title='bbox 586 2590 672 2621; x_wconf 86' lang='lat' dir='ltr'>Sane</span> <span class='ocrx_word' id='word_1_311' title='bbox 698 2592 908 2621; x_wconf 88' lang='lat' dir='ltr'>memoratus</span> <span class='ocrx_word' id='word_1_312' title='bbox 931 2591 1090 2622; x_wconf 90' lang='lat' dir='ltr'>dominus</span> <span class='ocrx_word' id='word_1_313' title='bbox 1119 2601 1196 2623; x_wconf 87' lang='lat' dir='ltr'>nos-</span> 
     </span>
     <span class='ocr_line' id='line_1_45' title="bbox 178 2643 1195 2682; baseline 0.002 -8"><span class='ocrx_word' id='word_1_314' title='bbox 178 2644 242 2679; x_wconf 81' lang='lat' dir='ltr'>ter,</span> <span class='ocrx_word' id='word_1_315' title='bbox 260 2643 345 2673; x_wconf 85' lang='lat' dir='ltr'>visis</span> <span class='ocrx_word' id='word_1_316' title='bbox 363 2652 400 2673; x_wconf 87' lang='lat' dir='ltr'>ac</span> <span class='ocrx_word' id='word_1_317' title='bbox 415 2651 491 2673; x_wconf 88' lang='lat' dir='ltr'>cum</span> <span class='ocrx_word' id='word_1_318' title='bbox 508 2643 672 2673; x_wconf 82' lang='lat' dir='ltr'>fratribus</span> <span class='ocrx_word' id='word_1_319' title='bbox 690 2644 763 2674; x_wconf 90' lang='lat' dir='ltr'>suis</span> <span class='ocrx_word' id='word_1_320' title='bbox 779 2644 878 2682; x_wconf 86' lang='lat' dir='ltr'>plene</span> <span class='ocrx_word' id='word_1_321' title='bbox 895 2645 1062 2675; x_wconf 83' lang='lat' dir='ltr'>discussis</span> <span class='ocrx_word' id='word_1_322' title='bbox 1080 2645 1146 2676; x_wconf 90' lang='lat' dir='ltr'>hiis</span> <span class='ocrx_word' id='word_1_323' title='bbox 1164 2648 1195 2677; x_wconf 88' lang='lat' dir='ltr'>et</span> 
     </span>
     <span class='ocr_line' id='line_1_46' title="bbox 180 2694 1195 2734; baseline 0.005 -10"><span class='ocrx_word' id='word_1_324' title='bbox 180 2694 258 2724; x_wconf 84' lang='lat' dir='ltr'>aliis</span> <span class='ocrx_word' id='word_1_325' title='bbox 279 2703 343 2734; x_wconf 85' lang='lat' dir='ltr'>que</span> <span class='ocrx_word' id='word_1_326' title='bbox 361 2697 473 2734; x_wconf 73' lang='lat' dir='ltr'>partes</span> <span class='ocrx_word' id='word_1_327' title='bbox 490 2704 677 2734; x_wconf 87' lang='lat' dir='ltr'>proponere</span> <span class='ocrx_word' id='word_1_328' title='bbox 695 2697 885 2734; x_wconf 80' lang='lat' dir='ltr'>voluerunt,</span> <span class='ocrx_word' id='word_1_329' title='bbox 901 2706 976 2727; x_wconf 87' lang='lat' dir='ltr'>cum</span> <span class='ocrx_word' id='word_1_330' title='bbox 995 2707 1056 2728; x_wconf 90' lang='lat' dir='ltr'>nos</span> <span class='ocrx_word' id='word_1_331' title='bbox 1071 2699 1117 2733; x_wconf 82' lang='lat' dir='ltr'>J.,</span> <span class='ocrx_word' id='word_1_332' title='bbox 1135 2699 1195 2729; x_wconf 90' lang='lat' dir='ltr'>mi-</span> 
     </span>
     <span class='ocr_line' id='line_1_47' title="bbox 181 2748 1194 2783; baseline 0.005 -6"><span class='ocrx_word' id='word_1_333' title='bbox 181 2748 351 2778; x_wconf 87' lang='lat' dir='ltr'>seratione</span> <span class='ocrx_word' id='word_1_334' title='bbox 375 2748 490 2779; x_wconf 78' lang='lat' dir='ltr'>divina</span> <span class='ocrx_word' id='word_1_335' title='bbox 507 2751 700 2780; x_wconf 83' lang='lat' dir='ltr'>sanctorum</span> <span class='ocrx_word' id='word_1_336' title='bbox 719 2749 840 2780; x_wconf 90' lang='lat' dir='ltr'>Cosme</span> <span class='ocrx_word' id='word_1_337' title='bbox 860 2752 891 2780; x_wconf 90' lang='lat' dir='ltr'>et</span> <span class='ocrx_word' id='word_1_338' title='bbox 906 2751 1064 2781; x_wconf 88' lang='lat' dir='ltr'>Damiani</span> <span class='ocrx_word' id='word_1_339' title='bbox 1083 2752 1194 2783; x_wconf 86' lang='lat' dir='ltr'>diaco-</span> 
     </span>
     <span class='ocr_line' id='line_1_48' title="bbox 178 2801 1193 2843; baseline 0.005 -13"><span class='ocrx_word' id='word_1_340' title='bbox 178 2809 260 2831; x_wconf 90' lang='lat' dir='ltr'>num</span> <span class='ocrx_word' id='word_1_341' title='bbox 278 2801 497 2835; x_wconf 80' lang='lat' dir='ltr'>cardinalem,</span> <span class='ocrx_word' id='word_1_342' title='bbox 517 2801 667 2832; x_wconf 85' lang='lat' dir='ltr'>dedisset</span> <span class='ocrx_word' id='word_1_343' title='bbox 685 2801 718 2831; x_wconf 91' lang='lat' dir='ltr'>in</span> <span class='ocrx_word' id='word_1_344' title='bbox 734 2801 929 2841; x_wconf 86' lang='lat' dir='ltr'>hujusmodi</span> <span class='ocrx_word' id='word_1_345' title='bbox 947 2804 1079 2843; x_wconf 83' lang='lat' dir='ltr'>negotio</span> <span class='ocrx_word' id='word_1_346' title='bbox 1099 2805 1193 2835; x_wconf 88' lang='lat' dir='ltr'>audi-</span> 
     </span>
     <span class='ocr_line' id='line_1_49' title="bbox 177 2854 1193 2893; baseline 0.004 -9"><span class='ocrx_word' id='word_1_347' title='bbox 177 2855 297 2889; x_wconf 86' lang='lat' dir='ltr'>torem,</span> <span class='ocrx_word' id='word_1_348' title='bbox 316 2854 414 2884; x_wconf 86' lang='lat' dir='ltr'>nobis</span> <span class='ocrx_word' id='word_1_349' title='bbox 442 2854 481 2884; x_wconf 89' lang='lat' dir='ltr'>de</span> <span class='ocrx_word' id='word_1_350' title='bbox 505 2854 659 2893; x_wconf 85' lang='lat' dir='ltr'>ipsorum</span> <span class='ocrx_word' id='word_1_351' title='bbox 682 2855 826 2885; x_wconf 82' lang='lat' dir='ltr'>fratrum</span> <span class='ocrx_word' id='word_1_352' title='bbox 854 2856 996 2886; x_wconf 87' lang='lat' dir='ltr'>consilio</span> <span class='ocrx_word' id='word_1_353' title='bbox 1021 2858 1193 2889; x_wconf 82' lang='lat' dir='ltr'>mandavit</span> 
     </span>
    </p>
   </div>
   <div class='ocr_carea' id='block_1_9' title="bbox 178 2908 1223 2947">
    <p class='ocr_par' dir='ltr' id='par_1_9' title="bbox 178 2908 1223 2947">
     <span class='ocr_line' id='line_1_50' title="bbox 178 2908 1223 2947; baseline 0.005 -10"><span class='ocrx_word' id='word_1_354' title='bbox 178 2909 214 2938; x_wconf 90' lang='lat' dir='ltr'>ut</span> <span class='ocrx_word' id='word_1_355' title='bbox 232 2908 406 2946; x_wconf 87' lang='lat' dir='ltr'>negotium</span> <span class='ocrx_word' id='word_1_356' title='bbox 430 2908 543 2947; x_wconf 87' lang='lat' dir='ltr'>ipsum</span> <span class='ocrx_word' id='word_1_357' title='bbox 563 2916 759 2938; x_wconf 79' lang='lat' dir='ltr'>curaremus</span> <span class='ocrx_word' id='word_1_358' title='bbox 788 2910 876 2939; x_wconf 88' lang='lat' dir='ltr'>certe</span> <span class='ocrx_word' id='word_1_359' title='bbox 893 2909 1110 2940; x_wconf 83' lang='lat' dir='ltr'>diffinitionis</span> <span class='ocrx_word' id='word_1_360' title='bbox 1128 2911 1192 2942; x_wconf 82' lang='lat' dir='ltr'>cal·</span> <span class='ocrx_word' id='word_1_361' title='bbox 1222 2912 1223 2922; x_wconf 67' lang='lat'>¹</span> 
     </span>
    </p>
   </div>
   <div class='ocr_carea' id='block_1_10' title="bbox 179 2960 1191 3002">
    <p class='ocr_par' dir='ltr' id='par_1_10' title="bbox 179 2960 1191 3002">
     <span class='ocr_line' id='line_1_51' title="bbox 179 2960 1191 3002; baseline 0.004 -12"><span class='ocrx_word' id='word_1_362' title='bbox 179 2960 254 2991; x_wconf 87' lang='lat' dir='ltr'>culo</span> <span class='ocrx_word' id='word_1_363' title='bbox 272 2960 432 2991; x_wconf 86' lang='lat' dir='ltr'>diffinire.</span> <span class='ocrx_word' id='word_1_364' title='bbox 453 2961 525 2992; x_wconf 81' lang='lat' dir='ltr'>Nos</span> <span class='ocrx_word' id='word_1_365' title='bbox 543 2961 658 3000; x_wconf 82' lang='lat' dir='ltr'>igitur,</span> <span class='ocrx_word' id='word_1_366' title='bbox 685 2961 724 2991; x_wconf 92' lang='lat' dir='ltr'>de</span> <span class='ocrx_word' id='word_1_367' title='bbox 756 2961 866 2999; x_wconf 84' lang='lat' dir='ltr'>ipsius</span> <span class='ocrx_word' id='word_1_368' title='bbox 891 2962 1019 2993; x_wconf 88' lang='lat' dir='ltr'>domini</span> <span class='ocrx_word' id='word_1_369' title='bbox 1050 2964 1191 3002; x_wconf 88' lang='lat' dir='ltr'>speciali</span> 
     </span>
    </p>
   </div>
   <div class='ocr_carea' id='block_1_11' title="bbox 1232 431 1243 1723">
    <p class='ocr_par' dir='ltr' id='par_1_11' title="bbox 1232 431 1243 1723">
     <span class='ocr_line' id='line_1_52' title="bbox 1232 431 1243 1723; baseline 0 0"><span class='ocrx_word' id='word_1_370' title='bbox 1232 431 1243 1723; x_wconf 95' lang='lat' dir='ltr'> </span> 
     </span>
    </p>
   </div>
   <div class='ocr_carea' id='block_1_12' title="bbox 1226 1930 1234 2762">
    <p class='ocr_par' dir='ltr' id='par_1_12' title="bbox 1226 1930 1234 2762">
     <span class='ocr_line' id='line_1_53' title="bbox 1226 1930 1234 2762; baseline 0 0"><span class='ocrx_word' id='word_1_371' title='bbox 1226 1930 1234 2762; x_wconf 95' lang='lat' dir='ltr'> </span> 
     </span>
    </p>
   </div>
   <div class='ocr_carea' id='block_1_13' title="bbox 1263 358 2279 1462">
    <p class='ocr_par' dir='ltr' id='par_1_13' title="bbox 1263 358 2279 1462">
     <span class='ocr_line' id='line_1_54' title="bbox 1271 358 2277 401; baseline 0.004 -14"><span class='ocrx_word' id='word_1_372' title='bbox 1271 358 1439 391; x_wconf 87' lang='lat' dir='ltr'>mandato,</span> <span class='ocrx_word' id='word_1_373' title='bbox 1472 358 1512 387; x_wconf 90' lang='lat' dir='ltr'>de</span> <span class='ocrx_word' id='word_1_374' title='bbox 1541 358 1692 397; x_wconf 87' lang='lat' dir='ltr'>ipsorum</span> <span class='ocrx_word' id='word_1_375' title='bbox 1723 359 1862 389; x_wconf 84' lang='lat' dir='ltr'>fratrum</span> <span class='ocrx_word' id='word_1_376' title='bbox 1894 361 2034 390; x_wconf 69' lang='lat' dir='ltr'>consilio</span> <span class='ocrx_word' id='word_1_377' title='bbox 2061 362 2157 392; x_wconf 66' lang='lat' dir='ltr'>nobis</span> <span class='ocrx_word' id='word_1_378' title='bbox 2180 364 2277 401; x_wconf 70' lang='lat' dir='ltr'>facto,</span> 
     </span>
     <span class='ocr_line' id='line_1_55' title="bbox 1272 411 2277 455; baseline 0.007 -15"><span class='ocrx_word' id='word_1_379' title='bbox 1272 411 1351 449; x_wconf 85' lang='lat' dir='ltr'>quia</span> <span class='ocrx_word' id='word_1_380' title='bbox 1369 411 1468 449; x_wconf 84' lang='lat' dir='ltr'>plene</span> <span class='ocrx_word' id='word_1_381' title='bbox 1490 412 1639 441; x_wconf 86' lang='lat' dir='ltr'>constitit</span> <span class='ocrx_word' id='word_1_382' title='bbox 1660 412 1699 441; x_wconf 88' lang='lat' dir='ltr'>de</span> <span class='ocrx_word' id='word_1_383' title='bbox 1718 412 1902 442; x_wconf 64' lang='lat' dir='ltr'>intention-¹</span> <span class='ocrx_word' id='word_1_384' title='bbox 1928 416 2100 445; x_wconf 69' lang='lat' dir='ltr'>nwnmran</span> <span class='ocrx_word' id='word_1_385' title='bbox 2125 417 2277 455; x_wconf 71' lang='lat' dir='ltr'>magistri</span> 
     </span>
     <span class='ocr_line' id='line_1_56' title="bbox 1272 463 2279 504; baseline 0.006 -12"><span class='ocrx_word' id='word_1_386' title='bbox 1272 463 1322 499; x_wconf 68' lang='lat' dir='ltr'>P„</span> <span class='ocrx_word' id='word_1_387' title='bbox 1344 464 1579 494; x_wconf 86' lang='lat' dir='ltr'>sententiando</span> <span class='ocrx_word' id='word_1_388' title='bbox 1604 465 1864 503; x_wconf 65' lang='lat' dir='ltr'>pronuntiamus</span> <span class='ocrx_word' id='word_1_389' title='bbox 1892 468 1922 495; x_wconf 89' lang='lat' dir='ltr'>et</span> <span class='ocrx_word' id='word_1_390' title='bbox 1955 469 2202 504; x_wconf 70' lang='lat' dir='ltr'>pronuntiando</span> <span class='ocrx_word' id='word_1_391' title='bbox 2227 471 2279 499; x_wconf 67' lang='lat' dir='ltr'>‹le-</span> 
     </span>
     <span class='ocr_line' id='line_1_57' title="bbox 1271 517 2279 561; baseline 0.004 -15"><span class='ocrx_word' id='word_1_392' title='bbox 1271 517 1453 553; x_wconf 67' lang='lat' dir='ltr'>cernimus,</span> <span class='ocrx_word' id='word_1_393' title='bbox 1472 526 1535 547; x_wconf 91' lang='lat' dir='ltr'>non</span> <span class='ocrx_word' id='word_1_394' title='bbox 1553 517 1768 548; x_wconf 75' lang='lat' dir='ltr'>obstantibus</span> <span class='ocrx_word' id='word_1_395' title='bbox 1786 520 1972 558; x_wconf 69' lang='lat' dir='ltr'>propositis</span> <span class='ocrx_word' id='word_1_396' title='bbox 1992 529 2049 558; x_wconf 82' lang='lat' dir='ltr'>per</span> <span class='ocrx_word' id='word_1_397' title='bbox 2062 522 2187 551; x_wconf 71' lang='lat' dir='ltr'>dictum</span> <span class='ocrx_word' id='word_1_398' title='bbox 2206 532 2279 561; x_wconf 70' lang='lat' dir='ltr'>pro-</span> 
     </span>
     <span class='ocr_line' id='line_1_58' title="bbox 1270 571 2276 612; baseline 0.009 -14"><span class='ocrx_word' id='word_1_399' title='bbox 1270 572 1473 605; x_wconf 85' lang='lat' dir='ltr'>curatorem,</span> <span class='ocrx_word' id='word_1_400' title='bbox 1494 571 1629 600; x_wconf 87' lang='lat' dir='ltr'>nomine</span> <span class='ocrx_word' id='word_1_401' title='bbox 1645 571 1760 601; x_wconf 69' lang='lat' dir='ltr'>decani</span> <span class='ocrx_word' id='word_1_402' title='bbox 1779 575 1808 602; x_wconf 88' lang='lat' dir='ltr'>et</span> <span class='ocrx_word' id='word_1_403' title='bbox 1829 573 1966 611; x_wconf 78' lang='lat' dir='ltr'>capituli</span> <span class='ocrx_word' id='word_1_404' title='bbox 1989 575 2226 612; x_wconf 62' lang='lat' dir='ltr'>predictorum.</span> <span class='ocrx_word' id='word_1_405' title='bbox 2246 580 2276 607; x_wconf 62' lang='lat' dir='ltr'>vt</span> 
     </span>
     <span class='ocr_line' id='line_1_59' title="bbox 1269 623 2279 664; baseline 0.008 -12"><span class='ocrx_word' id='word_1_406' title='bbox 1269 623 1532 654; x_wconf 85' lang='lat' dir='ltr'>contradictione</span> <span class='ocrx_word' id='word_1_407' title='bbox 1561 624 1725 662; x_wconf 85' lang='lat' dir='ltr'>ipsorum,</span> <span class='ocrx_word' id='word_1_408' title='bbox 1745 625 1886 655; x_wconf 79' lang='lat' dir='ltr'>eundem</span> <span class='ocrx_word' id='word_1_409' title='bbox 1920 628 2119 664; x_wconf 74' lang='lat' dir='ltr'>magistrum</span> <span class='ocrx_word' id='word_1_410' title='bbox 2143 629 2177 657; x_wconf 65' lang='grc' dir='ltr'>Ι).</span> <span class='ocrx_word' id='word_1_411' title='bbox 2211 630 2279 660; x_wconf 65' lang='lat' dir='ltr'>fore</span> 
     </span>
     <span class='ocr_line' id='line_1_60' title="bbox 1269 674 2277 718; baseline 0.008 -14"><span class='ocrx_word' id='word_1_412' title='bbox 1269 674 1302 704; x_wconf 93' lang='lat' dir='ltr'>in</span> <span class='ocrx_word' id='word_1_413' title='bbox 1317 676 1569 714; x_wconf 85' lang='lat' dir='ltr'>possessionem</span> <span class='ocrx_word' id='word_1_414' title='bbox 1589 677 1675 707; x_wconf 82' lang='lat' dir='ltr'>dicte</span> <span class='ocrx_word' id='word_1_415' title='bbox 1691 677 1871 716; x_wconf 76' lang='lat' dir='ltr'>prebende.</span> <span class='ocrx_word' id='word_1_416' title='bbox 1886 679 1925 709; x_wconf 84' lang='lat' dir='ltr'>de</span> <span class='ocrx_word' id='word_1_417' title='bbox 1943 689 2006 718; x_wconf 81' lang='lat' dir='ltr'>qua</span> <span class='ocrx_word' id='word_1_418' title='bbox 2025 683 2132 710; x_wconf 81' lang='lat' dir='ltr'>actum</span> <span class='ocrx_word' id='word_1_419' title='bbox 2150 685 2211 712; x_wconf 75' lang='lat' dir='ltr'>e=t.</span> <span class='ocrx_word' id='word_1_420' title='bbox 2231 683 2277 712; x_wconf 62' lang='lat' dir='ltr'>in&lt;</span> 
     </span>
     <span class='ocr_line' id='line_1_61' title="bbox 1269 728 2278 773; baseline 0.009 -16"><span class='ocrx_word' id='word_1_421' title='bbox 1269 728 1458 759; x_wconf 87' lang='lat' dir='ltr'>ducendum</span> <span class='ocrx_word' id='word_1_422' title='bbox 1478 731 1509 759; x_wconf 88' lang='lat' dir='ltr'>et</span> <span class='ocrx_word' id='word_1_423' title='bbox 1527 730 1784 767; x_wconf 74' lang='lat' dir='ltr'>admittendum,</span> <span class='ocrx_word' id='word_1_424' title='bbox 1805 741 1879 761; x_wconf 85' lang='lat' dir='ltr'>cum</span> <span class='ocrx_word' id='word_1_425' title='bbox 1902 733 2110 771; x_wconf 86' lang='lat' dir='ltr'>plenitudine</span> <span class='ocrx_word' id='word_1_426' title='bbox 2124 735 2211 773; x_wconf 71' lang='lat' dir='ltr'>juris</span> <span class='ocrx_word' id='word_1_427' title='bbox 2228 746 2278 766; x_wconf 80' lang='lat' dir='ltr'>ca-</span> 
     </span>
     <span class='ocr_line' id='line_1_62' title="bbox 1268 782 2279 828; baseline 0.007 -18"><span class='ocrx_word' id='word_1_428' title='bbox 1268 782 1392 818; x_wconf 76' lang='lat' dir='ltr'>nonici,</span> <span class='ocrx_word' id='word_1_429' title='bbox 1409 791 1468 821; x_wconf 89' lang='lat' dir='ltr'>per</span> <span class='ocrx_word' id='word_1_430' title='bbox 1483 786 1690 813; x_wconf 83' lang='lat' dir='ltr'>memoratos</span> <span class='ocrx_word' id='word_1_431' title='bbox 1713 785 1874 815; x_wconf 86' lang='lat' dir='ltr'>decanum</span> <span class='ocrx_word' id='word_1_432' title='bbox 1895 788 1925 815; x_wconf 88' lang='lat' dir='ltr'>et</span> <span class='ocrx_word' id='word_1_433' title='bbox 1946 787 2132 825; x_wconf 80' lang='lat' dir='ltr'>capitulum</span> <span class='ocrx_word' id='word_1_434' title='bbox 2155 789 2186 818; x_wconf 91' lang='lat' dir='ltr'>in</span> <span class='ocrx_word' id='word_1_435' title='bbox 2206 799 2279 828; x_wconf 64' lang='lat' dir='ltr'>pro-</span> 
     </span>
     <span class='ocr_line' id='line_1_63' title="bbox 1268 834 2278 876; baseline 0.01 -13"><span class='ocrx_word' id='word_1_436' title='bbox 1268 834 1353 864; x_wconf 67' lang='lat' dir='ltr'>dicfe</span> <span class='ocrx_word' id='word_1_437' title='bbox 1364 835 1571 866; x_wconf 80' lang='lat' dir='ltr'>Parisiensis</span> <span class='ocrx_word' id='word_1_438' title='bbox 1581 836 1721 867; x_wconf 81' lang='lat' dir='ltr'>ecclesie</span> <span class='ocrx_word' id='word_1_439' title='bbox 1733 838 1930 868; x_wconf 75' lang='lat' dir='ltr'>canonicum</span> <span class='ocrx_word' id='word_1_440' title='bbox 1941 841 1971 869; x_wconf 88' lang='lat' dir='ltr'>et</span> <span class='ocrx_word' id='word_1_441' title='bbox 1986 840 2018 869; x_wconf 91' lang='lat' dir='ltr'>iu</span> <span class='ocrx_word' id='word_1_442' title='bbox 2033 840 2181 876; x_wconf 78' lang='lat' dir='ltr'>fratrem,</span> <span class='ocrx_word' id='word_1_443' title='bbox 2194 845 2223 872; x_wconf 86' lang='grc'>91</span> <span class='ocrx_word' id='word_1_444' title='bbox 2238 844 2278 873; x_wconf 87' lang='lat' dir='ltr'>ad</span> 
     </span>
     <span class='ocr_line' id='line_1_64' title="bbox 1266 887 2275 930; baseline 0.01 -14"><span class='ocrx_word' id='word_1_445' title='bbox 1266 887 1327 917; x_wconf 87' lang='lat' dir='ltr'>hoc</span> <span class='ocrx_word' id='word_1_446' title='bbox 1344 891 1570 919; x_wconf 86' lang='lat' dir='ltr'>memoratum</span> <span class='ocrx_word' id='word_1_447' title='bbox 1590 890 1805 920; x_wconf 84' lang='lat' dir='ltr'>Hemericum</span> <span class='ocrx_word' id='word_1_448' title='bbox 1838 895 2089 930; x_wconf 79' lang='lat' dir='ltr'>procuratorem</span> <span class='ocrx_word' id='word_1_449' title='bbox 2111 895 2275 926; x_wconf 69' lang='lat' dir='ltr'>«lictorum</span> 
     </span>
     <span class='ocr_line' id='line_1_65' title="bbox 1266 940 2279 986; baseline 0.01 -17"><span class='ocrx_word' id='word_1_450' title='bbox 1266 940 1382 970; x_wconf 85' lang='lat' dir='ltr'>decani</span> <span class='ocrx_word' id='word_1_451' title='bbox 1401 943 1431 971; x_wconf 90' lang='lat' dir='ltr'>et</span> <span class='ocrx_word' id='word_1_452' title='bbox 1449 943 1600 981; x_wconf 76' lang='lat' dir='ltr'>capituli,</span> <span class='ocrx_word' id='word_1_453' title='bbox 1621 951 1738 973; x_wconf 87' lang='lat' dir='ltr'>eorum</span> <span class='ocrx_word' id='word_1_454' title='bbox 1758 945 1904 978; x_wconf 69' lang='lat' dir='ltr'>nomine,</span> <span class='ocrx_word' id='word_1_455' title='bbox 1921 954 2046 976; x_wconf 87' lang='lat' dir='ltr'>necnon</span> <span class='ocrx_word' id='word_1_456' title='bbox 2065 949 2095 977; x_wconf 89' lang='lat' dir='ltr'>et</span> <span class='ocrx_word' id='word_1_457' title='bbox 2114 948 2206 986; x_wconf 78' lang='lat' dir='ltr'>ipsos</span> <span class='ocrx_word' id='word_1_458' title='bbox 2223 950 2279 979; x_wconf 82' lang='lat' dir='ltr'>‹le-</span> 
     </span>
     <span class='ocr_line' id='line_1_66' title="bbox 1266 996 2275 1040; baseline 0.011 -18"><span class='ocrx_word' id='word_1_459' title='bbox 1266 1002 1386 1024; x_wconf 86' lang='lat' dir='ltr'>canum</span> <span class='ocrx_word' id='word_1_460' title='bbox 1418 997 1447 1025; x_wconf 90' lang='lat' dir='ltr'>et</span> <span class='ocrx_word' id='word_1_461' title='bbox 1478 996 1661 1034; x_wconf 85' lang='lat' dir='ltr'>capitulum</span> <span class='ocrx_word' id='word_1_462' title='bbox 1697 998 1944 1028; x_wconf 82' lang='lat' dir='ltr'>sententialiter</span> <span class='ocrx_word' id='word_1_463' title='bbox 1977 1001 2275 1040; x_wconf 80' lang='lat' dir='ltr'>cc·udempnamus,</span> 
     </span>
     <span class='ocr_line' id='line_1_67' title="bbox 1265 1048 2276 1094; baseline 0.01 -18"><span class='ocrx_word' id='word_1_464' title='bbox 1265 1048 1524 1085; x_wconf 83' lang='lat' dir='ltr'>pronuntiantes</span> <span class='ocrx_word' id='word_1_465' title='bbox 1544 1049 1785 1080; x_wconf 76' lang='lat' dir='ltr'>nichilominus</span> <span class='ocrx_word' id='word_1_466' title='bbox 1812 1051 1904 1089; x_wconf 78' lang='lat' dir='ltr'>ipsos</span> <span class='ocrx_word' id='word_1_467' title='bbox 1923 1052 1963 1082; x_wconf 90' lang='lat' dir='ltr'>ad</span> <span class='ocrx_word' id='word_1_468' title='bbox 1982 1053 2041 1083; x_wconf 85' lang='lat' dir='ltr'>hoc</span> <span class='ocrx_word' id='word_1_469' title='bbox 2062 1062 2136 1084; x_wconf 73' lang='lat' dir='ltr'>esse</span> <span class='ocrx_word' id='word_1_470' title='bbox 2155 1064 2276 1094; x_wconf 79' lang='lat' dir='ltr'>cogen-</span> 
     </span>
     <span class='ocr_line' id='line_1_68' title="bbox 1266 1099 2277 1145; baseline 0.011 -16"><span class='ocrx_word' id='word_1_471' title='bbox 1266 1099 1337 1130; x_wconf 84' lang='lat' dir='ltr'>dos.</span> <span class='ocrx_word' id='word_1_472' title='bbox 1353 1100 1435 1131; x_wconf 83' lang='lat' dir='ltr'>Lata</span> <span class='ocrx_word' id='word_1_473' title='bbox 1455 1103 1485 1132; x_wconf 93' lang='grc'>91</span> <span class='ocrx_word' id='word_1_474' title='bbox 1513 1103 1651 1132; x_wconf 85' lang='lat' dir='ltr'>recitata</span> <span class='ocrx_word' id='word_1_475' title='bbox 1671 1103 1733 1133; x_wconf 87' lang='lat' dir='ltr'>fuit</span> <span class='ocrx_word' id='word_1_476' title='bbox 1755 1103 1813 1134; x_wconf 82' lang='lat' dir='ltr'>hec</span> <span class='ocrx_word' id='word_1_477' title='bbox 1837 1105 2003 1135; x_wconf 84' lang='lat' dir='ltr'>sententia</span> <span class='ocrx_word' id='word_1_478' title='bbox 2025 1108 2112 1145; x_wconf 87' lang='lat' dir='ltr'>apud</span> <span class='ocrx_word' id='word_1_479' title='bbox 2138 1108 2277 1139; x_wconf 57' lang='grc'>[1119111-</span> 
     </span>
     <span class='ocr_line' id='line_1_69' title="bbox 1264 1154 2276 1197; baseline 0.009 -14"><span class='ocrx_word' id='word_1_480' title='bbox 1264 1155 1422 1190; x_wconf 80' lang='lat' dir='ltr'>veterem,</span> <span class='ocrx_word' id='word_1_481' title='bbox 1439 1154 1471 1184; x_wconf 89' lang='lat' dir='ltr'>in</span> <span class='ocrx_word' id='word_1_482' title='bbox 1489 1155 1616 1194; x_wconf 82' lang='lat' dir='ltr'>capella</span> <span class='ocrx_word' id='word_1_483' title='bbox 1635 1156 1779 1194; x_wconf 85' lang='lat' dir='ltr'>predicti</span> <span class='ocrx_word' id='word_1_484' title='bbox 1795 1157 1923 1188; x_wconf 87' lang='lat' dir='ltr'>domini</span> <span class='ocrx_word' id='word_1_485' title='bbox 1936 1159 1965 1189; x_wconf 77' lang='lat' dir='ltr'>J.</span> <span class='ocrx_word' id='word_1_486' title='bbox 1979 1160 2171 1197; x_wconf 74' lang='lat' dir='ltr'>carliiialis,</span> <span class='ocrx_word' id='word_1_487' title='bbox 2189 1171 2276 1193; x_wconf 89' lang='lat' dir='ltr'>anno</span> 
     </span>
     <span class='ocr_line' id='line_1_70' title="bbox 1263 1206 2275 1254; baseline 0.009 -18"><span class='ocrx_word' id='word_1_488' title='bbox 1263 1206 1401 1236; x_wconf 89' lang='lat' dir='ltr'>Domini</span> <span class='ocrx_word' id='word_1_489' title='bbox 1426 1208 1474 1237; x_wconf 64' lang='grc' dir='ltr'>ΜΟ</span> <span class='ocrx_word' id='word_1_490' title='bbox 1499 1208 1565 1239; x_wconf 84' lang='lat' dir='ltr'>CC⁰</span> <span class='ocrx_word' id='word_1_491' title='bbox 1589 1210 1801 1248; x_wconf 79' lang='lat' dir='ltr'>sexagesimo</span> <span class='ocrx_word' id='word_1_492' title='bbox 1831 1213 1962 1249; x_wconf 82' lang='lat' dir='ltr'>quarto,</span> <span class='ocrx_word' id='word_1_493' title='bbox 1991 1213 2173 1244; x_wconf 72' lang='lat' dir='ltr'>indictione</span> <span class='ocrx_word' id='word_1_494' title='bbox 2203 1224 2275 1254; x_wconf 86' lang='lat' dir='ltr'>sep-</span> 
     </span>
     <span class='ocr_line' id='line_1_71' title="bbox 1263 1260 2275 1307; baseline 0.01 -18"><span class='ocrx_word' id='word_1_495' title='bbox 1263 1260 1357 1294; x_wconf 89' lang='lat' dir='ltr'>tima,</span> <span class='ocrx_word' id='word_1_496' title='bbox 1376 1270 1490 1292; x_wconf 89' lang='lat' dir='ltr'>mense</span> <span class='ocrx_word' id='word_1_497' title='bbox 1512 1262 1685 1299; x_wconf 81' lang='lat' dir='ltr'>februarii,</span> <span class='ocrx_word' id='word_1_498' title='bbox 1712 1264 1764 1294; x_wconf 86' lang='lat' dir='ltr'>die</span> <span class='ocrx_word' id='word_1_499' title='bbox 1782 1265 1944 1295; x_wconf 79' lang='lat' dir='ltr'>vicesima</span> <span class='ocrx_word' id='word_1_500' title='bbox 1970 1267 2125 1305; x_wconf 79' lang='lat' dir='ltr'>septima,</span> <span class='ocrx_word' id='word_1_501' title='bbox 2147 1269 2275 1307; x_wconf 83' lang='lat' dir='ltr'>pontiti-</span> 
     </span>
     <span class='ocr_line' id='line_1_72' title="bbox 1265 1315 2275 1359; baseline 0.009 -16"><span class='ocrx_word' id='word_1_502' title='bbox 1265 1315 1358 1344; x_wconf 87' lang='lat' dir='ltr'>catus</span> <span class='ocrx_word' id='word_1_503' title='bbox 1380 1315 1507 1344; x_wconf 87' lang='lat' dir='ltr'>domini</span> <span class='ocrx_word' id='word_1_504' title='bbox 1525 1315 1653 1346; x_wconf 75' lang='lat' dir='ltr'>Urbani</span> <span class='ocrx_word' id='word_1_505' title='bbox 1671 1325 1756 1355; x_wconf 85' lang='lat' dir='ltr'>pape</span> <span class='ocrx_word' id='word_1_506' title='bbox 1782 1318 1846 1347; x_wconf 90' lang='lat' dir='ltr'>IIII</span> <span class='ocrx_word' id='word_1_507' title='bbox 1864 1327 1950 1349; x_wconf 89' lang='lat' dir='ltr'>anno</span> <span class='ocrx_word' id='word_1_508' title='bbox 1971 1320 2082 1354; x_wconf 48' lang='lat' dir='ltr'>tertio,</span> <span class='ocrx_word' id='word_1_509' title='bbox 2112 1323 2275 1359; x_wconf 88' lang='lat' dir='ltr'>presenti-</span> 
     </span>
     <span class='ocr_line' id='line_1_73' title="bbox 1263 1366 2275 1413; baseline 0.009 -17"><span class='ocrx_word' id='word_1_510' title='bbox 1263 1366 1327 1397; x_wconf 87' lang='lat' dir='ltr'>bus</span> <span class='ocrx_word' id='word_1_511' title='bbox 1343 1367 1410 1397; x_wconf 92' lang='lat' dir='ltr'>hiis</span> <span class='ocrx_word' id='word_1_512' title='bbox 1428 1368 1574 1399; x_wconf 84' lang='lat' dir='ltr'>testibus</span> <span class='ocrx_word' id='word_1_513' title='bbox 1593 1370 1633 1399; x_wconf 89' lang='lat' dir='ltr'>ad</span> <span class='ocrx_word' id='word_1_514' title='bbox 1660 1370 1720 1400; x_wconf 87' lang='lat' dir='ltr'>hoc</span> <span class='ocrx_word' id='word_1_515' title='bbox 1736 1371 1864 1401; x_wconf 75' lang='lat' dir='ltr'>vocatis</span> <span class='ocrx_word' id='word_1_516' title='bbox 1884 1373 1915 1401; x_wconf 89' lang='lat' dir='ltr'>et</span> <span class='ocrx_word' id='word_1_517' title='bbox 1931 1373 2056 1411; x_wconf 74' lang='lat' dir='ltr'>rogatis</span> <span class='ocrx_word' id='word_1_518' title='bbox 2074 1385 2078 1403; x_wconf 93' lang='lat'>:</span> <span class='ocrx_word' id='word_1_519' title='bbox 2103 1376 2275 1413; x_wconf 76' lang='lat' dir='ltr'>magistris</span> 
     </span>
     <span class='ocr_line' id='line_1_74' title="bbox 1263 1421 2275 1462; baseline 0.009 -12"><span class='ocrx_word' id='word_1_520' title='bbox 1263 1421 1419 1458; x_wconf 84' lang='lat' dir='ltr'>Martino,</span> <span class='ocrx_word' id='word_1_521' title='bbox 1439 1422 1563 1453; x_wconf 86' lang='lat' dir='ltr'>decano</span> <span class='ocrx_word' id='word_1_522' title='bbox 1580 1423 1788 1460; x_wconf 73' lang='lat' dir='ltr'>Zanmrensi,</span> <span class='ocrx_word' id='word_1_523' title='bbox 1807 1425 1958 1456; x_wconf 75' lang='lat' dir='ltr'>Jolianne</span> <span class='ocrx_word' id='word_1_524' title='bbox 1976 1427 2015 1456; x_wconf 90' lang='lat' dir='ltr'>de</span> <span class='ocrx_word' id='word_1_525' title='bbox 2034 1428 2153 1462; x_wconf 64' lang='lat' dir='ltr'>Hoc-ca,</span> <span class='ocrx_word' id='word_1_526' title='bbox 2172 1430 2275 1459; x_wconf 84' lang='lat' dir='ltr'>Bene-</span> 
     </span>
    </p>
   </div>
   <div class='ocr_carea' id='block_1_14' title="bbox 1233 1473 2273 1521">
    <p class='ocr_par' dir='ltr' id='par_1_14' title="bbox 1233 1473 2273 1521">
     <span class='ocr_line' id='line_1_75' title="bbox 1233 1473 2273 1521; baseline 0.01 -19"><span class='ocrx_word' id='word_1_527' title='bbox 1233 1478 1234 1487; x_wconf 68' lang='lat'><em>*</em></span> <span class='ocrx_word' id='word_1_528' title='bbox 1263 1473 1351 1504; x_wconf 84' lang='lat' dir='ltr'>dicto</span> <span class='ocrx_word' id='word_1_529' title='bbox 1369 1475 1408 1504; x_wconf 91' lang='lat' dir='ltr'>de</span> <span class='ocrx_word' id='word_1_530' title='bbox 1424 1475 1594 1511; x_wconf 73' lang='lat' dir='ltr'>Minnana,</span> <span class='ocrx_word' id='word_1_531' title='bbox 1613 1477 1849 1508; x_wconf 83' lang='lat' dir='ltr'>Bartholomeo</span> <span class='ocrx_word' id='word_1_532' title='bbox 1866 1478 1905 1508; x_wconf 91' lang='lat' dir='ltr'>de</span> <span class='ocrx_word' id='word_1_533' title='bbox 1920 1479 2076 1510; x_wconf 79' lang='lat' dir='ltr'>Thur-ano</span> <span class='ocrx_word' id='word_1_534' title='bbox 2095 1483 2125 1511; x_wconf 88' lang='lat' dir='ltr'>et</span> <span class='ocrx_word' id='word_1_535' title='bbox 2144 1482 2273 1521; x_wconf 71' lang='lat' dir='ltr'>Angelo</span> 
     </span>
    </p>
   </div>
   <div class='ocr_carea' id='block_1_15' title="bbox 1262 1526 2272 1571">
    <p class='ocr_par' dir='ltr' id='par_1_15' title="bbox 1262 1526 2272 1571">
     <span class='ocr_line' id='line_1_76' title="bbox 1262 1526 2272 1571; baseline 0.01 -15"><span class='ocrx_word' id='word_1_536' title='bbox 1262 1526 1415 1557; x_wconf 85' lang='lat' dir='ltr'>Romano</span> <span class='ocrx_word' id='word_1_537' title='bbox 1433 1528 1619 1567; x_wconf 81' lang='lat' dir='ltr'>capellanis</span> <span class='ocrx_word' id='word_1_538' title='bbox 1634 1530 1776 1568; x_wconf 86' lang='lat' dir='ltr'>predicti</span> <span class='ocrx_word' id='word_1_539' title='bbox 1797 1531 1925 1561; x_wconf 85' lang='lat' dir='ltr'>domiui</span> <span class='ocrx_word' id='word_1_540' title='bbox 1944 1532 1973 1562; x_wconf 79' lang='lat' dir='ltr'>J.</span> <span class='ocrx_word' id='word_1_541' title='bbox 1992 1533 2185 1571; x_wconf 67' lang='lat' dir='ltr'>cardinalis,</span> <span class='ocrx_word' id='word_1_542' title='bbox 2204 1544 2272 1565; x_wconf 90' lang='lat' dir='ltr'>ma-</span> 
     </span>
    </p>
   </div>
   <div class='ocr_carea' id='block_1_16' title="bbox 1232 1579 2272 1620">
    <p class='ocr_par' dir='ltr' id='par_1_16' title="bbox 1232 1579 2272 1620">
     <span class='ocr_line' id='line_1_77' title="bbox 1232 1579 2272 1620; baseline 0.011 -11"><span class='ocrx_word' id='word_1_543' title='bbox 1232 1603 1233 1609; x_wconf 68' lang='grc'>,</span> <span class='ocrx_word' id='word_1_544' title='bbox 1261 1579 1378 1618; x_wconf 82' lang='lat' dir='ltr'>gistris</span> <span class='ocrx_word' id='word_1_545' title='bbox 1398 1581 1579 1612; x_wconf 84' lang='lat' dir='ltr'>Laurentio</span> <span class='ocrx_word' id='word_1_546' title='bbox 1597 1585 1755 1613; x_wconf 73' lang='lat' dir='ltr'>canonico</span> <span class='ocrx_word' id='word_1_547' title='bbox 1787 1584 2050 1620; x_wconf 72' lang='lat' dir='ltr'>Cmistantieusi,</span> <span class='ocrx_word' id='word_1_548' title='bbox 2068 1589 2097 1616; x_wconf 92' lang='lat' dir='ltr'>et</span> <span class='ocrx_word' id='word_1_549' title='bbox 2117 1588 2216 1618; x_wconf 81' lang='lat' dir='ltr'>Petro</span> <span class='ocrx_word' id='word_1_550' title='bbox 2233 1589 2272 1619; x_wconf 89' lang='lat' dir='ltr'>de</span> 
     </span>
    </p>
   </div>
   <div class='ocr_carea' id='block_1_17' title="bbox 1260 1632 2273 1731">
    <p class='ocr_par' dir='ltr' id='par_1_17' title="bbox 1260 1632 2273 1731">
     <span class='ocr_line' id='line_1_78' title="bbox 1260 1632 2273 1679; baseline 0.01 -17"><span class='ocrx_word' id='word_1_551' title='bbox 1260 1632 1441 1672; x_wconf 86' lang='lat' dir='ltr'>Latapetra</span> <span class='ocrx_word' id='word_1_552' title='bbox 1457 1635 1641 1673; x_wconf 88' lang='lat' dir='ltr'>capellanis</span> <span class='ocrx_word' id='word_1_553' title='bbox 1659 1636 1800 1674; x_wconf 83' lang='lat' dir='ltr'>predicti</span> <span class='ocrx_word' id='word_1_554' title='bbox 1819 1637 1946 1667; x_wconf 88' lang='lat' dir='ltr'>domini</span> <span class='ocrx_word' id='word_1_555' title='bbox 1962 1639 2273 1679; x_wconf 55' lang='lat' dir='ltr'>O.‚episc01‘›iTus—</span> 
     </span>
     <span class='ocr_line' id='line_1_79' title="bbox 1261 1686 2272 1731; baseline 0.01 -16"><span class='ocrx_word' id='word_1_556' title='bbox 1261 1686 1384 1722; x_wconf 88' lang='lat' dir='ltr'>culani,</span> <span class='ocrx_word' id='word_1_557' title='bbox 1404 1690 1434 1717; x_wconf 85' lang='lat' dir='ltr'>et</span> <span class='ocrx_word' id='word_1_558' title='bbox 1453 1688 1613 1726; x_wconf 82' lang='lat' dir='ltr'>magistro</span> <span class='ocrx_word' id='word_1_559' title='bbox 1629 1689 1774 1728; x_wconf 61' lang='lat' dir='ltr'>Exymio</span> <span class='ocrx_word' id='word_1_560' title='bbox 1795 1692 1930 1720; x_wconf 82' lang='lat' dir='ltr'>cantore</span> <span class='ocrx_word' id='word_1_561' title='bbox 1953 1692 2219 1731; x_wconf 81' lang='lat' dir='ltr'>Pampilonensi,</span> <span class='ocrx_word' id='word_1_562' title='bbox 2239 1697 2272 1726; x_wconf 88' lang='lat' dir='ltr'>et</span> 
     </span>
    </p>
   </div>
   <div class='ocr_carea' id='block_1_18' title="bbox 1230 1740 2271 1831">
    <p class='ocr_par' dir='ltr' id='par_1_18' title="bbox 1230 1740 2271 1831">
     <span class='ocr_line' id='line_1_80' title="bbox 1230 1740 2271 1785; baseline 0.012 -18"><span class='ocrx_word' id='word_1_563' title='bbox 1230 1748 1232 1755; x_wconf 46' lang='lat' dir='ltr'><strong><em>s</em></strong></span> <span class='ocrx_word' id='word_1_564' title='bbox 1261 1740 1521 1778; x_wconf 80' lang='lat' dir='ltr'>quampluribus</span> <span class='ocrx_word' id='word_1_565' title='bbox 1537 1741 1626 1771; x_wconf 85' lang='lat' dir='ltr'>aliis.</span> <span class='ocrx_word' id='word_1_566' title='bbox 1642 1742 1692 1772; x_wconf 75' lang='lat' dir='ltr'>Ad</span> <span class='ocrx_word' id='word_1_567' title='bbox 1710 1743 1871 1782; x_wconf 84' lang='lat' dir='ltr'>majorem</span> <span class='ocrx_word' id='word_1_568' title='bbox 1889 1746 2000 1775; x_wconf 71' lang='lat' dir='ltr'>autent</span> <span class='ocrx_word' id='word_1_569' title='bbox 2012 1745 2203 1785; x_wconf 80' lang='lat' dir='ltr'>lmjusmodi</span> <span class='ocrx_word' id='word_1_570' title='bbox 2222 1749 2271 1779; x_wconf 89' lang='lat' dir='ltr'>rei</span> 
     </span>
     <span class='ocr_line' id='line_1_81' title="bbox 1230 1787 2269 1831; baseline 0.011 -11"><span class='ocrx_word' id='word_1_571' title='bbox 1230 1787 1231 1796; x_wconf 60' lang='lat'>¹</span> <span class='ocrx_word' id='word_1_572' title='bbox 1261 1792 1465 1823; x_wconf 84' lang='lat' dir='ltr'>evidentiam</span> <span class='ocrx_word' id='word_1_573' title='bbox 1491 1795 1523 1827; x_wconf 85' lang='lat' dir='ltr'>et</span> <span class='ocrx_word' id='word_1_574' title='bbox 1544 1795 1721 1829; x_wconf 86' lang='lat' dir='ltr'>cautelam,</span> <span class='ocrx_word' id='word_1_575' title='bbox 1746 1795 1835 1825; x_wconf 88' lang='lat' dir='ltr'>idem</span> <span class='ocrx_word' id='word_1_576' title='bbox 1853 1797 2009 1827; x_wconf 91' lang='lat' dir='ltr'>dominus</span> <span class='ocrx_word' id='word_1_577' title='bbox 2028 1799 2058 1828; x_wconf 79' lang='lat' dir='ltr'>J.</span> <span class='ocrx_word' id='word_1_578' title='bbox 2088 1801 2269 1831; x_wconf 84' lang='lat' dir='ltr'>cardinalis</span> 
     </span>
    </p>
   </div>
   <div class='ocr_carea' id='block_1_19' title="bbox 1258 1844 2272 2258">
    <p class='ocr_par' dir='ltr' id='par_1_19' title="bbox 1258 1844 2272 2150">
     <span class='ocr_line' id='line_1_82' title="bbox 1260 1844 2266 1891; baseline 0.01 -17"><span class='ocrx_word' id='word_1_579' title='bbox 1260 1844 1335 1875; x_wconf 87' lang='lat' dir='ltr'>huic</span> <span class='ocrx_word' id='word_1_580' title='bbox 1356 1846 1580 1877; x_wconf 88' lang='lat' dir='ltr'>instrumento</span> <span class='ocrx_word' id='word_1_581' title='bbox 1598 1847 1733 1886; x_wconf 69' lang='lat' dir='ltr'>publico</span> <span class='ocrx_word' id='word_1_582' title='bbox 1749 1857 1847 1878; x_wconf 87' lang='lat' dir='ltr'>suum</span> <span class='ocrx_word' id='word_1_583' title='bbox 1869 1849 1943 1881; x_wconf 84' lang='lat' dir='ltr'>fecit</span> <span class='ocrx_word' id='word_1_584' title='bbox 1963 1850 2115 1889; x_wconf 72' lang='lat' dir='ltr'>sigillum</span> <span class='ocrx_word' id='word_1_585' title='bbox 2132 1854 2266 1891; x_wconf 86' lang='lat' dir='ltr'>apponi.</span> 
     </span>
     <span class='ocr_line' id='line_1_83' title="bbox 1258 1898 2269 1939; baseline 0.01 -12"><span class='ocrx_word' id='word_1_586' title='bbox 1258 1898 1299 1928; x_wconf 88' lang='lat' dir='ltr'>Et</span> <span class='ocrx_word' id='word_1_587' title='bbox 1317 1907 1376 1937; x_wconf 80' lang='lat' dir='ltr'>ego</span> <span class='ocrx_word' id='word_1_588' title='bbox 1393 1899 1577 1938; x_wconf 79' lang='lat' dir='ltr'>Gregorius</span> <span class='ocrx_word' id='word_1_589' title='bbox 1597 1901 1636 1930; x_wconf 91' lang='lat' dir='ltr'>de</span> <span class='ocrx_word' id='word_1_590' title='bbox 1656 1901 1812 1939; x_wconf 71' lang='lat' dir='ltr'>Piperno,</span> <span class='ocrx_word' id='word_1_591' title='bbox 1827 1905 1940 1932; x_wconf 84' lang='lat' dir='ltr'>sancte</span> <span class='ocrx_word' id='word_1_592' title='bbox 1959 1904 2109 1935; x_wconf 82' lang='lat' dir='ltr'>Romane</span> <span class='ocrx_word' id='word_1_593' title='bbox 2127 1906 2269 1938; x_wconf 82' lang='lat' dir='ltr'>ecclesie</span> 
     </span>
     <span class='ocr_line' id='line_1_84' title="bbox 1260 1952 2272 1996; baseline 0.01 -16"><span class='ocrx_word' id='word_1_594' title='bbox 1260 1952 1471 1988; x_wconf 75' lang='lat' dir='ltr'>scriniarius,</span> <span class='ocrx_word' id='word_1_595' title='bbox 1483 1953 1665 1991; x_wconf 85' lang='lat' dir='ltr'>prolationi</span> <span class='ocrx_word' id='word_1_596' title='bbox 1679 1954 1764 1984; x_wconf 86' lang='lat' dir='ltr'>dicte</span> <span class='ocrx_word' id='word_1_597' title='bbox 1778 1956 1944 1986; x_wconf 78' lang='lat' dir='ltr'>sententie</span> <span class='ocrx_word' id='word_1_598' title='bbox 1959 1957 2109 1993; x_wconf 86' lang='lat' dir='ltr'>interfui,</span> <span class='ocrx_word' id='word_1_599' title='bbox 2120 1960 2272 1996; x_wconf 83' lang='lat' dir='ltr'>predicta</span> 
     </span>
     <span class='ocr_line' id='line_1_85' title="bbox 1260 2005 2270 2051; baseline 0.009 -17"><span class='ocrx_word' id='word_1_600' title='bbox 1260 2005 1372 2034; x_wconf 86' lang='lat' dir='ltr'>omnia</span> <span class='ocrx_word' id='word_1_601' title='bbox 1391 2005 1430 2035; x_wconf 89' lang='lat' dir='ltr'>de</span> <span class='ocrx_word' id='word_1_602' title='bbox 1449 2006 1606 2036; x_wconf 80' lang='lat' dir='ltr'>mandato</span> <span class='ocrx_word' id='word_1_603' title='bbox 1620 2007 1743 2045; x_wconf 82' lang='lat' dir='ltr'>prefati</span> <span class='ocrx_word' id='word_1_604' title='bbox 1762 2008 1887 2038; x_wconf 83' lang='lat' dir='ltr'>domini</span> <span class='ocrx_word' id='word_1_605' title='bbox 1902 2010 1931 2039; x_wconf 84' lang='lat' dir='ltr'>J.</span> <span class='ocrx_word' id='word_1_606' title='bbox 1950 2010 2132 2041; x_wconf 87' lang='lat' dir='ltr'>cardinalis</span> <span class='ocrx_word' id='word_1_607' title='bbox 2148 2013 2270 2051; x_wconf 84' lang='lat' dir='ltr'>scripsi</span> 
     </span>
     <span class='ocr_line' id='line_1_86' title="bbox 1260 2058 2271 2104; baseline 0.009 -17"><span class='ocrx_word' id='word_1_608' title='bbox 1260 2060 1291 2088; x_wconf 87' lang='lat' dir='ltr'>et</span> <span class='ocrx_word' id='word_1_609' title='bbox 1310 2058 1344 2088; x_wconf 92' lang='lat' dir='ltr'>in</span> <span class='ocrx_word' id='word_1_610' title='bbox 1368 2058 1538 2097; x_wconf 86' lang='lat' dir='ltr'>publicam</span> <span class='ocrx_word' id='word_1_611' title='bbox 1568 2060 1711 2090; x_wconf 87' lang='lat' dir='ltr'>formam</span> <span class='ocrx_word' id='word_1_612' title='bbox 1739 2062 1863 2101; x_wconf 77' lang='lat' dir='ltr'>redegi,</span> <span class='ocrx_word' id='word_1_613' title='bbox 1891 2064 2054 2102; x_wconf 74' lang='lat' dir='ltr'>complevi</span> <span class='ocrx_word' id='word_1_614' title='bbox 2083 2067 2115 2095; x_wconf 88' lang='lat' dir='ltr'>et</span> <span class='ocrx_word' id='word_1_615' title='bbox 2140 2066 2271 2104; x_wconf 78' lang='lat' dir='ltr'>signavi</span> 
     </span>
     <span class='ocr_line' id='line_1_87' title="bbox 1259 2113 1444 2150; baseline 0 -9"><span class='ocrx_word' id='word_1_616' title='bbox 1259 2113 1407 2150; x_wconf 84' lang='lat' dir='ltr'>rogatus.</span> <span class='ocrx_word' id='word_1_617' title='bbox 1430 2122 1444 2141; x_wconf 79' lang='lat'>»</span> 
     </span>
    </p>

    <p class='ocr_par' dir='ltr' id='par_1_20' title="bbox 1259 2165 2271 2258">
     <span class='ocr_line' id='line_1_88' title="bbox 1297 2165 2271 2211; baseline 0.007 -16"><span class='ocrx_word' id='word_1_618' title='bbox 1297 2165 1393 2196; x_wconf 90' lang='lat' dir='ltr'>Nulli</span> <span class='ocrx_word' id='word_1_619' title='bbox 1412 2174 1489 2204; x_wconf 83' lang='lat' dir='ltr'>ergo</span> <span class='ocrx_word' id='word_1_620' title='bbox 1516 2168 1630 2197; x_wconf 86' lang='lat' dir='ltr'>nostre</span> <span class='ocrx_word' id='word_1_621' title='bbox 1652 2168 1919 2199; x_wconf 83' lang='lat' dir='ltr'>confirmationis</span> <span class='ocrx_word' id='word_1_622' title='bbox 1948 2172 2010 2200; x_wconf 88' lang='lat' dir='ltr'>etc.</span> <span class='ocrx_word' id='word_1_623' title='bbox 2037 2171 2161 2201; x_wconf 85' lang='lat' dir='ltr'>Datum</span> <span class='ocrx_word' id='word_1_624' title='bbox 2182 2173 2271 2211; x_wconf 88' lang='lat' dir='ltr'>apud</span> 
     </span>
     <span class='ocr_line' id='line_1_89' title="bbox 1259 2218 2109 2258; baseline 0.004 -9"><span class='ocrx_word' id='word_1_625' title='bbox 1259 2218 1548 2253; x_wconf 75' lang='lat' dir='ltr'>Urbemveterem,</span> <span class='ocrx_word' id='word_1_626' title='bbox 1566 2230 1600 2250; x_wconf 90' lang='lat'>111</span> <span class='ocrx_word' id='word_1_627' title='bbox 1620 2220 1695 2251; x_wconf 75' lang='lat' dir='ltr'>idus</span> <span class='ocrx_word' id='word_1_628' title='bbox 1717 2222 1842 2258; x_wconf 85' lang='lat' dir='ltr'>martii,</span> <span class='ocrx_word' id='word_1_629' title='bbox 1863 2231 1949 2253; x_wconf 85' lang='lat' dir='ltr'>anno</span> <span class='ocrx_word' id='word_1_630' title='bbox 1967 2225 2079 2254; x_wconf 86' lang='lat' dir='ltr'>tertio.</span> <span class='ocrx_word' id='word_1_631' title='bbox 2096 2235 2109 2253; x_wconf 84' lang='lat'>»</span> 
     </span>
    </p>
   </div>
   <div class='ocr_carea' id='block_1_20' title="bbox 1830 2435 2194 2466">
    <p class='ocr_par' dir='ltr' id='par_1_21' title="bbox 1830 2435 2194 2466">
     <span class='ocr_line' id='line_1_90' title="bbox 1830 2435 2194 2466; baseline 0.011 -6"><span class='ocrx_word' id='word_1_632' title='bbox 1830 2435 1954 2466; x_wconf 77' lang='lat' dir='ltr'>Orvieto,</span> <span class='ocrx_word' id='word_1_633' title='bbox 1973 2436 2004 2463; x_wconf 87' lang='lat'>13</span> <span class='ocrx_word' id='word_1_634' title='bbox 2019 2444 2096 2463; x_wconf 85' lang='lat' dir='ltr'>mars</span> <span class='ocrx_word' id='word_1_635' title='bbox 2118 2437 2194 2465; x_wconf 64' lang='lat'>1204.</span> 
     </span>
    </p>
   </div>
   <div class='ocr_carea' id='block_1_21' title="bbox 1350 2433 1442 2464">
    <p class='ocr_par' dir='ltr' id='par_1_22' title="bbox 1350 2433 1442 2464">
     <span class='ocr_line' id='line_1_91' title="bbox 1350 2433 1442 2464; baseline 0 0"><span class='ocrx_word' id='word_1_636' title='bbox 1350 2433 1442 2464; x_wconf 88' lang='grc'>1001</span> 
     </span>
    </p>
   </div>
   <div class='ocr_carea' id='block_1_22' title="bbox 1255 2517 2268 2650">
    <p class='ocr_par' dir='ltr' id='par_1_23' title="bbox 1255 2517 2268 2650">
     <span class='ocr_line' id='line_1_92' title="bbox 1291 2517 2268 2554; baseline 0.007 -11"><span class='ocrx_word' id='word_1_637' title='bbox 1291 2517 1432 2544; x_wconf 81' lang='lat' dir='ltr'>Abbatem</span> <span class='ocrx_word' id='word_1_638' title='bbox 1447 2520 1476 2544; x_wconf 88' lang='lat' dir='ltr'>et</span> <span class='ocrx_word' id='word_1_639' title='bbox 1492 2518 1619 2552; x_wconf 83' lang='lat' dir='ltr'>priorem</span> <span class='ocrx_word' id='word_1_640' title='bbox 1639 2526 1663 2545; x_wconf 82' lang='lat' dir='ltr'>S.</span> <span class='ocrx_word' id='word_1_641' title='bbox 1684 2519 1803 2546; x_wconf 81' lang='lat' dir='ltr'>Dionisii</span> <span class='ocrx_word' id='word_1_642' title='bbox 1822 2519 1851 2546; x_wconf 92' lang='lat' dir='ltr'>in</span> <span class='ocrx_word' id='word_1_643' title='bbox 1868 2520 2000 2554; x_wconf 78' lang='lat' dir='ltr'>Francia,</span> <span class='ocrx_word' id='word_1_644' title='bbox 2020 2521 2190 2549; x_wconf 84' lang='lat' dir='ltr'>Parisiensis</span> <span class='ocrx_word' id='word_1_645' title='bbox 2208 2523 2268 2550; x_wconf 90' lang='lat' dir='ltr'>dio-</span> 
     </span>
     <span class='ocr_line' id='line_1_93' title="bbox 1255 2565 2267 2606; baseline 0.007 -14"><span class='ocrx_word' id='word_1_646' title='bbox 1255 2565 1341 2599; x_wconf 87' lang='lat' dir='ltr'>cesis,</span> <span class='ocrx_word' id='word_1_647' title='bbox 1362 2566 1525 2600; x_wconf 83' lang='lat' dir='ltr'>praedictae</span> <span class='ocrx_word' id='word_1_648' title='bbox 1553 2567 1712 2594; x_wconf 79' lang='lat' dir='ltr'>sententiae</span> <span class='ocrx_word' id='word_1_649' title='bbox 1739 2571 1905 2596; x_wconf 83' lang='lat' dir='ltr'>executores</span> <span class='ocrx_word' id='word_1_650' title='bbox 1930 2570 2089 2599; x_wconf 84' lang='lat' dir='ltr'>constituit.</span> <span class='ocrx_word' id='word_1_651' title='bbox 2119 2571 2199 2602; x_wconf 66' lang='lat' dir='ltr'>(Rae,</span> <span class='ocrx_word' id='word_1_652' title='bbox 2222 2573 2267 2606; x_wconf 70' lang='lat'>29,</span> 
     </span>
     <span class='ocr_line' id='line_1_94' title="bbox 1255 2613 2111 2650; baseline 0.009 -10"><span class='ocrx_word' id='word_1_653' title='bbox 1255 2613 1304 2641; x_wconf 86' lang='lat' dir='ltr'>fol.</span> <span class='ocrx_word' id='word_1_654' title='bbox 1321 2617 1356 2643; x_wconf 71' lang='lat'>26</span> <span class='ocrx_word' id='word_1_655' title='bbox 1373 2621 1410 2648; x_wconf 58' lang='grc' dir='ltr'>νο,</span> <span class='ocrx_word' id='word_1_656' title='bbox 1427 2621 1457 2642; x_wconf 81' lang='lat'>11⁰</span> <span class='ocrx_word' id='word_1_657' title='bbox 1468 2616 1527 2650; x_wconf 84' lang='lat'>49.)</span> <span class='ocrx_word' id='word_1_658' title='bbox 2109 2626 2111 2628; x_wconf 85' lang='grc'><strong>’</strong></span> 
     </span>
    </p>
   </div>
   <div class='ocr_carea' id='block_1_23' title="bbox 1294 2735 2265 2776">
    <p class='ocr_par' dir='ltr' id='par_1_24' title="bbox 1294 2735 2265 2776">
     <span class='ocr_line' id='line_1_95' title="bbox 1294 2735 2265 2776; baseline 0.007 -12"><span class='ocrx_word' id='word_1_659' title='bbox 1294 2745 1309 2764; x_wconf 84' lang='grc'>((</span> <span class='ocrx_word' id='word_1_660' title='bbox 1325 2760 1331 2766; x_wconf 92' lang='grc'><em>.</em></span> <span class='ocrx_word' id='word_1_661' title='bbox 1346 2735 1477 2772; x_wconf 54' lang='lat' dir='ltr'>,abbam</span> <span class='ocrx_word' id='word_1_662' title='bbox 1495 2741 1523 2765; x_wconf 82' lang='lat' dir='ltr'>et</span> <span class='ocrx_word' id='word_1_663' title='bbox 1536 2761 1542 2767; x_wconf 92' lang='lat'><em>.</em></span> <span class='ocrx_word' id='word_1_664' title='bbox 1560 2761 1566 2767; x_wconf 89' lang='lat'>.</span> <span class='ocrx_word' id='word_1_665' title='bbox 1577 2737 1718 2776; x_wconf 73' lang='lat' dir='ltr'>prioris.</span> <span class='ocrx_word' id='word_1_666' title='bbox 1734 2737 1867 2767; x_wconf 83' lang='lat' dir='ltr'>Dionisii</span> <span class='ocrx_word' id='word_1_667' title='bbox 1883 2739 1912 2767; x_wconf 86' lang='lat' dir='ltr'>in</span> <span class='ocrx_word' id='word_1_668' title='bbox 1924 2738 2070 2776; x_wconf 82' lang='lat' dir='ltr'>Francia,</span> <span class='ocrx_word' id='word_1_669' title='bbox 2082 2740 2265 2771; x_wconf 80' lang='lat' dir='ltr'>Parisiensis</span> 
     </span>
    </p>
   </div>
   <div class='ocr_carea' id='block_1_24' title="bbox 1224 2788 2263 2831">
    <p class='ocr_par' dir='ltr' id='par_1_25' title="bbox 1224 2788 2263 2831">
     <span class='ocr_line' id='line_1_96' title="bbox 1224 2788 2263 2831; baseline 0.006 -13"><span class='ocrx_word' id='word_1_670' title='bbox 1224 2805 1225 2813; x_wconf 53' lang='grc'>1</span> <span class='ocrx_word' id='word_1_671' title='bbox 1253 2788 1390 2818; x_wconf 81' lang='lat' dir='ltr'>diocesis.</span> <span class='ocrx_word' id='word_1_672' title='bbox 1412 2789 1536 2820; x_wconf 82' lang='lat' dir='ltr'>Pet-itio</span> <span class='ocrx_word' id='word_1_673' title='bbox 1554 2789 1667 2820; x_wconf 84' lang='lat' dir='ltr'>dilecti</span> <span class='ocrx_word' id='word_1_674' title='bbox 1685 2790 1748 2820; x_wconf 86' lang='lat' dir='ltr'>filii</span> <span class='ocrx_word' id='word_1_675' title='bbox 1767 2809 1818 2820; x_wconf 89' lang='lat'>—.</span> <span class='ocrx_word' id='word_1_676' title='bbox 1836 2791 1959 2822; x_wconf 86' lang='lat' dir='ltr'>Datum</span> <span class='ocrx_word' id='word_1_677' title='bbox 1977 2792 2065 2831; x_wconf 92' lang='lat' dir='ltr'>apud</span> <span class='ocrx_word' id='word_1_678' title='bbox 2081 2793 2263 2824; x_wconf 82' lang='lat' dir='ltr'>Urbemve-</span> 
     </span>
    </p>
   </div>
   <div class='ocr_carea' id='block_1_25' title="bbox 1252 2842 1931 2879">
    <p class='ocr_par' dir='ltr' id='par_1_26' title="bbox 1252 2842 1931 2879">
     <span class='ocr_line' id='line_1_97' title="bbox 1252 2842 1931 2879; baseline 0.001 -8"><span class='ocrx_word' id='word_1_679' title='bbox 1252 2844 1370 2878; x_wconf 85' lang='lat' dir='ltr'>terem,</span> <span class='ocrx_word' id='word_1_680' title='bbox 1389 2852 1424 2872; x_wconf 86' lang='lat'>111</span> <span class='ocrx_word' id='word_1_681' title='bbox 1443 2842 1520 2872; x_wconf 89' lang='lat' dir='ltr'>idus</span> <span class='ocrx_word' id='word_1_682' title='bbox 1537 2843 1662 2879; x_wconf 89' lang='lat' dir='ltr'>martii,</span> <span class='ocrx_word' id='word_1_683' title='bbox 1681 2852 1767 2874; x_wconf 92' lang='lat' dir='ltr'>anno</span> <span class='ocrx_word' id='word_1_684' title='bbox 1785 2845 1895 2874; x_wconf 88' lang='lat' dir='ltr'>tertio.</span> <span class='ocrx_word' id='word_1_685' title='bbox 1918 2854 1931 2873; x_wconf 84' lang='lat'>»</span> 
     </span>
    </p>
   </div>
  </div>
 </body>
</html>
