2519 3262
204 226 225 256 2

203 307 317 339 littere
332 308 521 346 impetrate,
541 315 600 345 per
614 315 698 345 quas
711 307 797 336 varii
811 306 916 337 habiti
932 310 1010 338 sunt
1021 316 1213 346 processus.

204 360 247 391 Et
263 361 398 391 tandem
416 360 571 399 partibus
588 360 623 389 in
638 360 731 389 curia
745 360 951 397 constitutis,
967 361 1125 392 videlicet
1140 363 1215 401 ipso
1245 363 1247 375 ⁴

206 413 325 444 abbate
342 422 401 452 pro
418 422 453 443 se
468 415 499 443 et
516 413 604 443 dicto
621 414 797 449 conventu,
816 415 848 443 et
863 413 1044 444 Francisco
1059 423 1096 445 ac
1111 415 1216 446 Fran-

204 466 283 496 keto
297 466 458 505 predictis
476 474 536 504 pro
551 474 586 495 se
600 474 637 495 ac
650 465 752 495 sociis
765 466 849 501 suis,
866 466 1104 497 sanctissimus
1121 470 1216 506 pater
1244 462 1247 502 i

205 519 363 549 dominus
393 518 549 550 Urbanus
584 527 670 557 papa
699 518 764 548 IIII
795 518 893 548 nobis
919 520 963 555 J.,
996 520 1215 552 miseratione
1244 510 1247 539 ¹

204 571 319 602 divina
345 575 539 602 sanctorum
559 571 679 602 Cosme
702 573 733 601 et
760 572 918 602 Daniiani
946 573 1087 604 diacono
1107 575 1215 604 cardi·
1244 566 1245 590 1

203 624 284 661 nali,
301 625 470 655 commisit
484 624 618 654 oraculo
634 625 708 654 vive
721 625 812 654 vocis
827 627 861 654 ut
879 627 992 664 partes
1008 625 1101 664 ipsas
1113 635 1216 666 snper
1244 634 1246 650 1

202 677 270 708 hiis
289 677 525 708 reduceremus
544 677 585 707 ad
605 677 818 707 concordiam
837 680 869 708 et
888 678 1134 715 ordinaremus,
1156 680 1213 711 (le-

203 738 418 760 cerneremus
427 732 457 759 et
469 731 695 759 statueremus
706 729 739 759 in
749 729 942 768 hujusmodi
956 732 1102 770 negotio,
1114 736 1213 771 prout
1244 726 1245 731 ¹

203 781 387 820 expediens
404 784 610 820 putaremus.
622 781 693 811 Nos
705 783 830 817 autem,
849 782 974 813 auditis
987 786 1019 814 et
1033 784 1213 815 intellectis
1242 782 1246 823 ἦ

202 843 266 873 que
296 837 408 873 partes
437 834 509 872 ipse
536 833 713 864 voluerunt
742 843 928 873 proponere
961 845 1073 866 coram
1102 837 1211 872 nobis,

201 887 400 917 auctoritate
418 886 515 916 nobis
533 886 574 916 ab
592 887 710 917 eodem
728 887 865 918 domino
882 897 969 927 papa
986 889 1020 919 in
1039 889 1099 920 hac
1119 893 1212 929 parte

201 940 394 976 commissa,
425 939 465 969 de
492 939 720 978 predictorum
750 939 883 971 abbatis
910 950 971 980 pro
999 951 1035 973 se
1060 951 1097 973 ac
1123 944 1212 974 dicto

200 995 422 1026 conventu,ac
441 992 614 1023 Francisci
629 994 661 1023 et
674 993 918 1033 Franketi,pro
936 1003 972 1025 se
987 995 1073 1034 ipsis
1087 998 1118 1026 et
1133 997 1211 1027 aliis

199 1053 315 1076 eorum
342 1046 444 1075 sociis
468 1045 643 1084 predictiS,
668 1054 847 1082 consensu,
869 1047 1077 1085 ordinamus,
1099 1051 1210 1088 provi-

199 1097 328 1133 (10111113,
349 1098 563 1128 decernimus
582 1100 615 1129 et
633 1099 817 1130 statuimus
838 1100 928 1139 quod
946 1101 1088 1139 predicti
1106 1101 1210 1133 abbas

198 1153 229 1181 et
248 1153 432 1181 conventus
448 1159 508 1190 pro
524 1150 648 1181 debitis
664 1152 698 1182 in
714 1152 839 1191 quibus
855 1155 1011 1184 tenentur
1025 1154 1112 1193 ipsis
1125 1164 1210 1186 mer-

198 1203 381 1240 catoribus,
401 1204 529 1234 eisdem
556 1205 732 1235 annuatim
755 1206 922 1241 Parisius,
942 1216 1050 1246 usque
1072 1208 1114 1238 ad
1136 1211 1210 1239 octo

198 1265 304 1287 annos
333 1257 490 1296 proximo
519 1260 710 1296 sequentes,
731 1258 764 1288 in
799 1260 927 1290 octavis
957 1260 1047 1291 beati
1076 1262 1209 1292 Andree

197 1310 360 1348 apostoli,
387 1313 519 1340 tantum
548 1313 683 1341 centum
709 1312 955 1351 quinquaginta
984 1313 1090 1344 libras
1118 1316 1210 1345 turo·

198 1363 314 1393 nensis
329 1366 475 1399 monete,
497 1363 583 1403 ipsis
606 1364 655 1394 vel
672 1373 788 1394 eorum
806 1367 1015 1404 procuratori
1031 1376 1092 1405 pro
1110 1368 1207 1406 ipsis.
1238 1395 1239 1398 ,

196 1415 333 1446 habenti
353 1415 394 1446 ab
422 1417 551 1447 eisdem
572 1417 613 1447 ad
639 1417 700 1447 hoc
727 1418 873 1456 speciale
896 1420 1102 1456 mandatum,
1124 1423 1154 1450 et
1174 1421 1208 1450 in

198 1469 352 1508 sequenti
369 1478 456 1499 nono
474 1478 572 1505 ann0,
592 1471 626 1500 in
649 1471 777 1500 eisdem
795 1472 923 1501 octavis
943 1475 973 1502 et
993 1473 1077 1509 loco,
1099 1476 1208 1504 octua-

197 1522 289 1561 ginta
306 1522 412 1552 libras
430 1523 579 1561 ejusdem
597 1526 731 1553 monete
748 1524 821 1554 sine
840 1524 987 1563 qualibet
1007 1525 1207 1556 difficultate

196 1575 402 1613 persolvant,
417 1575 459 1605 ad
473 1576 561 1614 (111011
575 1576 669 1614 111303
681 1576 836 1607 abbatem
851 1579 883 1607 et
898 1586 1113 1609 successores
1126 1588 1207 1610 suos

197 1637 233 1658 ac
262 1631 475 1662 conventum,
501 1629 687 1659 ordinando
719 1632 749 1659 et
778 1630 985 1668 providendo
1009 1632 1208 1662 auctoritate

196 1680 391 1719 apostolica,
412 1682 698 1720 condempnamus
715 1685 746 1713 et
761 1685 829 1713 tam
853 1684 946 1722 ipsos
963 1693 1065 1723 quam
1080 1685 1207 1715 dictum

197 1734 442 1764 monasterium
471 1736 502 1764 et
534 1734 621 1765 bona
649 1735 799 1774 ipsorum
831 1737 945 1767 onmia
974 1738 1145 1776 presentia
1176 1741 1207 1769 et

196 1786 311 1816 futura
339 1795 474 1817 manere
497 1787 712 1818 decernimus
731 1788 890 1827 obligata,
916 1790 959 1820 ita
981 1793 1092 1820 tamen
1118 1791 1207 1830 quod

197 1839 319 1877 prefati
337 1839 441 1870 abbas
454 1842 485 1870 et
500 1843 696 1877 conventus,
716 1841 898 1872 dummodo
912 1843 1107 1882 hujusmodi
1121 1845 1208 1874 ordi-

197 1892 368 1922 nationem
391 1892 582 1927 observent,
608 1894 649 1923 ad
674 1895 877 1925 solutionem
896 1896 1000 1926 aliam
1020 1897 1206 1927 faciendam

195 1945 358 1983 predictis
375 1946 620 1976 mercatoribus
635 1946 675 1977 de
693 1947 833 1986 prefatis
848 1947 984 1983 debitis,
998 1950 1127 1980 ratione
1146 1950 1208 1980 t'or-

196 1997 242 2027 tis
270 2000 326 2028 aut
352 1998 575 2037 dampnorum
599 1999 652 2029 vel
679 2000 843 2030 interesse
871 2009 930 2031 seu
954 2003 1115 2040 expensis
1135 2003 1207 2033 sive

197 2050 445 2086 alias‚1ninime
463 2054 650 2083 teneantur.
670 2053 838 2089 Ceterum,
852 2055 1001 2092 partiunt
1019 2056 1207 2086 commodis

195 2103 373 2142 providere
389 2104 524 2142 plenius
540 2107 571 2135 et
591 2108 706 2136 contra
726 2106 876 2144 ipsarum
901 2107 1077 2138 molestias
1095 2118 1207 2139 occur-

196 2164 269 2186 rere
289 2157 475 2195 cupientes,
497 2158 666 2192 volumus,
691 2159 899 2193 ordinamus,
925 2160 1139 2192 decernimus
1160 2164 1206 2192 at-

195 2217 259 2248 que
273 2210 466 2247 statuimus,
477 2213 512 2241 ut
522 2211 628 2241 altera
641 2212 788 2250 partium
800 2215 915 2243 contra
928 2213 1206 2250 alteram‚c0ntra

193 2265 387 2301 presentem
397 2263 657 2299 ordinationem,
671 2266 914 2304 provisionem,
928 2269 1093 2298 statutum
1105 2271 1205 2308 atque

194 2315 366 2346 decretum
383 2316 436 2347 vel
461 2317 494 2347 in
514 2317 797 2357 qualemcumque
815 2320 1138 2351 circumventionem
1157 2322 1205 2361 ip—

193 2375 320 2405 sarum,
331 2369 435 2399 nullis
444 2370 670 2401 contractibus
678 2373 710 2401 et
720 2371 957 2403 instrumentis
967 2375 1204 2412 supereisdem
1234 2389 1237 2441 1

192 2421 366 2458 confectis
392 2423 511 2461 pactis,
531 2424 822 2461 conventionibus,
842 2426 945 2456 etiam
968 2435 1131 2465 penarum
1149 2428 1205 2458 ad-

189 2472 560 2514 jectione,ju1·amentis
575 2476 627 2507 vel
644 2477 795 2516 qualibet
813 2478 972 2509 firmitate
988 2480 1135 2517 vallatis,
1147 2484 1205 2512 aut

191 2524 317 2557 litteris
332 2528 530 2566 apostolicis
544 2537 646 2568 super
662 2529 723 2560 hoc
739 2530 929 2569 impetratis
946 2540 1006 2563 seu
1021 2533 1204 2572 impetran-

191 2578 245 2609 dis
267 2581 299 2610 et
316 2581 532 2618 processibus
548 2581 674 2612 habitis
692 2591 751 2622 per
770 2584 918 2621 easdem,
937 2586 976 2616 de
996 2588 1106 2617 cetero
1125 2595 1204 2626 quo-

192 2632 360 2671 quomodo
380 2635 504 2669 utatur,
522 2643 586 2673 que
607 2636 720 2665 omnia
736 2636 777 2666 ad
799 2637 1050 2675 impediendum
1070 2648 1204 2677 presen-

190 2684 259 2714 tem
287 2688 438 2716 nostram
465 2686 725 2721 ordinationem,
755 2690 1001 2728 provisionem,
1030 2691 1201 2723 decretum
1232 2682 1233 2688 ἵ

189 2736 243 2767 vel
261 2739 426 2768 statutum
442 2740 640 2771 auctoritate
657 2742 845 2779 apostolica
863 2743 961 2774 nobis
979 2744 1013 2774 in
1029 2743 1090 2774 hac
1106 2748 1201 2784 parte

189 2790 372 2820 commissa
393 2800 506 2822 carere
524 2792 738 2824 decernimus
759 2795 849 2825 0111111
874 2796 992 2827 robore
1013 2797 1197 2829 firmitatis.

188 2841 230 2872 Et
260 2846 457 2882 postquam,
491 2846 676 2876 secundum
711 2851 901 2886 presentem
933 2850 1197 2888 ordinationem,

187 2895 437 2934 provisionem,
475 2897 645 2929 decretum
679 2908 737 2930 seu
770 2903 933 2932 statutum
966 2903 1066 2934 tuerit
1097 2904 1198 2935 dictis

956 225 1145 257 REGISTR
1151 227 1200 258 Es
1229 227 1445 259 D'URBAIN
1476 228 1534 258 Iv.

1246 327 1247 356 3
1276 310 1521 341 mercatoribus
1547 310 1773 347 satisfactum,
1796 311 1948 350 predicta
1974 313 2099 348 omnia,
2127 313 2286 344 videlicet

1277 366 1479 400 contractus,
1496 364 1723 394 instrumenta
1744 366 1776 394 et
1797 373 2028 404 quascumque
2048 365 2284 405 obligationes,

1276 416 1408 447 litteras
1424 419 1456 447 et
1475 425 1655 455 processus
1669 416 1803 448 habitos
1816 426 1876 456 per
1891 418 2040 454 easdem,
2050 418 2182 449 viribus
2193 420 2286 450 volu-

1276 477 1352 499 mus
1370 470 1506 499 omnino
1529 478 1654 500 carere.
1677 470 1851 501 Interdicti
1875 479 2021 510 quoque,
2048 472 2285 510 suspensionis

1276 524 1307 552 et
1325 523 1648 553 excomunicationis
1668 524 1854 553 sententias
1873 524 1906 553 in
1924 523 2079 554 abbatem
2096 527 2127 554 et
2144 533 2286 555 conven-

1274 576 1346 605 tum
1360 576 1530 614 predictos
1540 576 1592 606 vel
1603 576 1755 615 ipsorum
1769 576 1930 616 aliquem,
1943 578 2124 616 prioratus,
2134 577 2285 608 membra

1276 636 1335 658 seu
1346 637 1508 667 personas
1523 629 1672 668 predicta
1687 630 1886 661 auctoritate
1899 630 2096 669 apostolica,
2111 630 2286 661 occasione

1274 681 1975 722 hujusmodi‚promulgatas,nichilominns
1985 683 2286 717 relaxantes.dein-

1275 743 1352 773 ceps
1365 737 1482 766 contra
1496 736 1665 774 presentis
1679 738 1794 766 nostre
1812 736 2048 771 ordinationis,
2065 737 2284 776 provisionis,

1274 788 1399 818 decreti
1414 788 1467 819 vel
1482 789 1599 819 statuti
1618 791 1768 819 tenorem
1789 789 1902 819 taliter
1919 790 2194 829 promulgandas,
2211 798 2287 820 auc·

1273 841 1409 872 toritate
1421 842 1572 880 predicta
1584 843 1798 873 decernimus
1814 843 1950 881 penitus
1964 851 2030 873 non
2047 845 2172 873 tenere.
2189 843 2286 873 Insu-

1274 903 1332 932 per
1350 895 1498 933 presatos
1520 898 1724 925 mercatores
1741 896 1783 925 ad
1798 896 2008 926 restituenda
2024 896 2153 926 eisdem
2169 895 2285 926 abbati

1273 949 1302 977 ct
1311 949 1503 984 conventui,
1514 948 1628 978 statim
1639 951 1714 987 post
1725 948 1913 979 solutiones
1922 948 2284 988 hujusmodi,predicta

1273 1001 1386 1031 omnia
1408 1001 1633 1032 instrumenta
1655 1003 1687 1031 et
1712 1001 1845 1032 litteras
1864 1010 1924 1040 per
1941 1004 2134 1041 presentem
2151 1002 2285 1033 ordina-

1272 1054 1399 1084 tionem
1427 1054 1588 1084 duximus
1619 1054 1926 1093 condempnandos.
1962 1056 2045 1085 Lata
2077 1057 2110 1085 et
2144 1055 2284 1086 recitata

1271 1107 1407 1138 fuerunt
1423 1107 1482 1138 hec
1494 1108 1673 1144 ordinatio,
1689 1108 1850 1147 provisio,
1861 1108 2033 1139 decretum
2046 1117 2107 1138 seu
2118 1110 2284 1139 statutum

1271 1161 1360 1199 apud
1377 1161 1666 1195 Urbemveterem,
1678 1162 1712 1192 in
1729 1171 1860 1192 camera
1877 1162 2019 1201 predicti
2036 1162 2165 1192 domini
2177 1161 2283 1192 cardi-

1271 1214 1372 1249 nalis,
1394 1223 1479 1245 anno
1498 1215 1634 1245 Domini
1655 1215 1839 1246 310CC0LX0
1856 1217 1989 1254 quarto,
2009 1215 2192 1245 indictione
2208 1218 2281 1250 ω’,

1270 1275 1386 1298 11101130
1404 1267 1566 1298 februarii
1579 1268 1632 1298 die
1644 1268 1764 1307 prima,
1778 1268 1994 1307 pontificatus
2010 1268 2139 1298 domini
2153 1267 2284 1299 L'rbani

1269 1328 1354 1359 pape
1371 1320 1437 1350 1111
1453 1329 1539 1350 anno
1555 1321 1667 1354 tertio,
1683 1320 1899 1359 presentibus
1916 1321 1983 1351 hiis
2002 1320 2148 1351 testibus
2163 1321 2204 1351 ad
2219 1321 2282 1352 hoc

1271 1374 1398 1404 vocatis
1415 1376 1447 1404 et
1468 1374 1606 1413 rogatis,
1629 1374 1766 1404 domino
1784 1374 1936 1404 Johanne
1959 1374 1999 1404 de
2025 1373 2133 1404 Ebulo
2150 1374 2280 1404 domini

1268 1435 1354 1465 pape
1377 1427 1563 1465 capellano,
1591 1427 1764 1466 magistris
1787 1427 1939 1457 Johanne
1963 1427 2002 1458 de
2030 1428 2151 1463 Rocca‚
2175 1427 2280 1458 Bene·

1270 1479 1358 1510 dicto
1375 1479 1414 1510 de
1429 1479 1564 1518 Aquino
1581 1482 1612 1510 et
1627 1480 1756 1519 Angelo
1774 1481 1939 1516 Romano,
1958 1480 2143 1520 capellanis
2157 1480 2281 1519 prefati

1269 1532 1398 1562 domini
1420 1533 1451 1563 J.
1483 1533 1677 1566 cardinalis,
1706 1533 1824 1563 ,Iudice
1851 1533 1980 1563 Thoma
2011 1533 2052 1563 de
2074 1534 2278 1568 Benevento,

1268 1585 1416 1616 Radulfo
1435 1585 1474 1616 de
1492 1585 1663 1616 Allesiaco
1682 1586 1803 1616 clerico
1820 1588 1852 1616 et
1867 1586 1970 1616 fratre
1986 1586 2157 1625 Hugolino
2172 1586 2213 1617 de
2229 1594 2281 1616 or-

1269 1638 1346 1669 dine
1367 1639 1487 1669 Militie
1513 1639 1620 1668 sancti
1637 1638 1768 1669 ,iacobi
1787 1639 1841 1669 Ad
1860 1639 2024 1678 majorem
2049 1641 2162 1670 autem
2179 1639 2280 1678 huJus

1269 1692 1318 1722 rei
1334 1692 1540 1722 evidentiam
1559 1694 1589 1723 et
1607 1692 1795 1731 pleniorem
1815 1692 1992 1726 cautelam,
2012 1693 2100 1723 idem
2121 1692 2280 1723 dominus

1269 1745 1452 1776 cardinalis
1470 1745 1546 1776 huic
1564 1746 1790 1776 instrumento
1814 1746 1948 1784 publico
1966 1754 2066 1776 suum
2087 1746 2165 1776 fecit
2187 1745 2280 1785 sigil-

1268 1799 1340 1829 lum
1367 1799 1503 1838 apponi.
1528 1800 1568 1829 Et
1599 1808 1659 1838 ego
1692 1799 1876 1839 Gregorius
1905 1799 1944 1829 de
1973 1799 2131 1838 Piperno,
2165 1800 2280 1830 sancte

1267 1852 1420 1882 Romane
1438 1852 1579 1882 ecclesie
1599 1852 1811 1886 scriniarius,
1829 1852 1991 1891 predictis
2006 1852 2164 1882 omnibus
2177 1852 2278 1883 iuter-

1269 1905 1317 1936 fui
1334 1907 1366 1936 et.
1383 1914 1421 1935 ea
1437 1905 1563 1940 omnia,
1575 1906 1616 1935 ad
1628 1914 1747 1944 preces
1764 1908 1795 1936 et
1814 1905 2011 1935 instantiam
2023 1905 2189 1935 dictarum
2206 1913 2280 1943 par-

1268 1959 1354 1988 tium
1384 1960 1417 1988 et
1445 1958 1485 1988 de
1516 1958 1674 1988 mandato
1695 1958 1838 1997 predicti
1862 1957 1990 1987 domini
2021 1958 2051 1987 J.
2081 1957 2276 1994 cardinalis,

1269 2011 1403 2050 scripsi,
1421 2011 1587 2050 complevi
1604 2014 1635 2041 et
1651 2011 1783 2049 signavi
1801 2012 1949 2049 rogatus.
1971 2022 1984 2039 υ

1306 2064 1403 2095 Nulli
1424 2072 1503 2103 ergo
1522 2066 1635 2094 nostre
1657 2064 1934 2096 confirmationis,
1960 2066 2023 2094 etc.
2043 2064 2167 2094 Datum
2187 2063 2276 2102 apud

1268 2117 1558 2151 Uibemveterem,
1577 2117 1653 2147 idus
1672 2117 1845 2152 februarii,
1866 2125 1953 2147 anno
1971 2116 2083 2147 tertio.
2104 2127 2118 2145 ι»

1818 2291 1943 2322 Orvieto,
1960 2292 1992 2319 13
2007 2290 2111 2318 [ἐτι-101·
2128 2291 2204 2318 1261.

1355 2293 1429 2324 939

1300 2369 1459 2397 Officialem
1478 2370 1670 2397 Parisiensem
1696 2371 1859 2405 praedictae
1883 2371 2074 2398 ordinationis
2089 2374 2273 2400 executorem

1265 2419 1425 2446 constituit.
1442 2419 1522 2455 (Rsc.
1545 2420 1589 2451 29,
1607 2419 1656 2445 sol.
1679 2420 1723 2449 25,
1745 2423 1777 2446 n⁰
1792 2420 1850 2454 47.)

1305 2535 1321 2554 (‹
1343 2549 1350 2555 .
1369 2550 1376 2556 .
1404 2523 1537 2563 officiali
1563 2523 1744 2554 Parisiensi.
1773 2524 1896 2555 Dileeti
1916 2523 1979 2554 filii
2003 2524 2207 2555 Franciscus
2220 2542 2273 2556 -.

1263 2578 1388 2609 Datum
1423 2577 1511 2616 apud
1543 2577 1835 2613 Urbemveterem,
1865 2577 1943 2607 idus
1979 2577 2158 2613 februarii,
2186 2585 2274 2608 anno

1263 2631 1374 2663 tertio.
1395 2641 1410 2659 ))

1835 2781 1959 2812 Orvieto,
1978 2781 2010 2808 13
2026 2788 2104 2808 mars
2122 2779 2198 2808 1:355.

1354 2783 1370 2813 1
1376 2782 1450 2814 ⁰⁰0

1296 2865 1464 2900 Magistrum
1479 2864 1595 2891 Petrum
1614 2864 1724 2892 dictum
1746 2865 1848 2895 Russel,
1873 2864 1902 2891 iu
1921 2864 2133 2899 possessionem
2152 2863 2268 2891 canoni·

1259 2911 1341 2936 catus
1357 2911 1385 2936 et
1400 2909 1580 2944 praebendae
1611 2909 1638 2936 in
1659 2908 1781 2936 ccclesia
1807 2908 1961 2936 Parisiensi
1987 2908 2178 2936 inducendum
2204 2915 2268 2935 esse
