2519 3262
1055 183 1294 222 TROISIEME
1323 183 1486 221 ANNEE.

319 278 415 309 1629

806 275 930 307 Orvieto,
947 275 982 302 30
998 275 1070 301 avril
1090 276 1167 302 1262.

263 361 433 396 Praeposito
459 361 598 388 ccclesiae
617 360 822 395 Strigoniensis
846 360 965 386 mandat
977 363 1006 386 ut,
1028 360 1172 385 Andrcam
1188 359 1243 386 cle-

229 409 333 444 ricum,
350 413 450 437 natum
477 411 605 437 Andreae
621 410 654 436 de
672 410 781 437 Menus.
801 409 865 435 laici
883 408 1088 443 Strigoniensis
1107 407 1241 438 diocesis,

228 459 257 485 in
277 462 371 486 aetate
388 462 485 486 tenera
503 459 703 485 constitutum.
721 458 749 484 in
766 458 886 484 ccclesia
902 457 1028 487 Albensi,
1047 456 1243 490 Vesprimien-

230 507 269 534 sis
292 508 425 539 diocesis,
453 508 481 534 in
505 507 673 534 canonicum
698 506 786 540 recipi
809 506 893 532 saciat
921 505 1002 539 eique
1018 506 1051 531 de
1079 504 1242 539 praebenda

229 557 389 591 provideat.
408 557 488 591 (11110.
505 557 549 587 29,
567 555 615 583 fol.
636 555 695 588 161.
715 561 744 581 [10
759 555 834 585 (379.)

271 680 287 699 «
304 669 469 709 Prepesito
488 667 610 697 ecclesie
633 665 867 706 Striyonieusis.
891 665 940 694 De
964 664 1088 694 dilecto
1106 663 1176 693 filio
1192 681 1242 692 —.

232 723 355 753 Datum
384 721 472 760 apud
495 720 784 753 Urbemveterem,
810 729 830 748 11
853 717 1016 748 kalendas
1045 717 1138 753 maii,
1158 725 1244 746 anno

231 775 343 805 tertio.
362 784 378 804 >›

846 949 970 981 Orvieto,
985 951 1001 977 5
1017 949 1076 976 mai
1095 949 1173 977 1264.

326 953 421 984 1630

268 1036 412 1062 Statutum
440 1036 582 1069 quoddam
602 1044 617 1062 a
649 1035 775 1070 capitulo
796 1035 921 1062 Tullensi
946 1034 1056 1061 editum
1080 1034 1244 1061 confirmat.

233 1084 311 1119 (Rau.
329 1085 373 1116 29,
392 1083 440 1111 fol.
460 1085 507 1111 101
524 1090 564 1118 νο,
587 1093 615 1110 n.
632 1085 707 1119 680.)

272 1201 286 1219 «
309 1189 456 1230 Capilulo
474 1189 595 1220 ecclesie
615 1189 775 1220 Tullensis.
790 1190 867 1220 Hiis
880 1198 944 1229 que
959 1190 1183 1220 ecclesiarum
1195 1205 1244 1217 -.

231 1244 318 1274 Sane
348 1244 466 1283 petitio
495 1245 608 1274 vestra
638 1243 737 1274 nobis
769 1243 921 1274 exhibita
945 1243 1137 1274 continebat
1156 1243 1246 1282 quod

232 1305 292 1327 vos
326 1296 570 1327 deliberatione
606 1297 748 1336 provida
786 1297 958 1327 statuistis
991 1298 1028 1327 ut
1060 1298 1245 1336 proventus

234 1350 335 1380 unius
354 1351 432 1380 anni
449 1350 696 1389 prebendarum
719 1350 957 1381 canonicorum
976 1350 1118 1381 ecclesie
1135 1352 1246 1380 vestre

233 1403 466 1433 decedentium
493 1404 696 1442 deputentur
715 1404 808 1442 operi
831 1403 956 1434 fabrice
980 1404 1090 1442 ipsius
1106 1403 1247 1434 ecclesie

234 1456 361 1486 dudum
382 1457 513 1495 incepte
533 1465 633 1496 opere
652 1459 862 1495 sumptuoso.
887 1457 957 1487 Nos
979 1457 1105 1496 itaque,
1124 1457 1248 1487 vestris

233 1509 570 1548 supplicat[i]onibus
612 1509 778 1546 inclinati,
822 1511 986 1540 statutum
1038 1509 1246 1548 hujusmodi,

234 1564 334 1601 prout
358 1563 497 1602 provide
517 1563 642 1593 factum
659 1565 722 1598 est,
739 1565 850 1593 ratum
867 1566 898 1593 et
916 1564 1051 1593 firmum
1072 1563 1245 1599 habentes,

234 1616 320 1646 illud
338 1625 445 1655 usque
466 1616 506 1647 ad
531 1616 730 1647 decennium
756 1617 955 1647 auctoritate
983 1616 1169 1655 apostolica
1194 1616 1248 1646 de-

235 1669 406 1699 cernimus
434 1669 679 1700 inviolabiliter
700 1669 960 1700 observandum.
991 1670 1065 1700 Non
1084 1669 1249 1700 obstanti-

236 1721 299 1752 bus
317 1740 367 1752 —-.
390 1723 484 1753 Nulli
514 1731 591 1762 ergo
621 1724 734 1753 nostre
764 1723 1018 1752 constitutionis
1042 1724 1104 1753 etc.
1124 1723 1248 1753 Datum

237 1776 324 1814 apud
341 1775 632 1812 Urbemveterem,
654 1786 689 1805 111
710 1784 814 1806 nonas
835 1776 928 1811 maii,
945 1784 1031 1806 anno
1049 1776 1161 1806 tertio.
1184 1787 1196 1802 »

330 1957 421 1988 1631
844 1954 968 1987 Orvieto,
990 1957 1004 1981 7
1024 1956 1081 1982 mai
1102 1955 1180 1982 1264.

272 2040 374 2067 Abbati
398 2043 425 2067 et
448 2041 600 2068 conventui
627 2040 797 2067 monasterii
819 2049 842 2067 3.
865 2040 1008 2068 Benedicti
1027 2041 1061 2067 de
1082 2041 1157 2067 Pado
1174 2040 1254 2068 Liro-

235 2090 290 2121 nis,
309 2089 417 2116 ordinis
436 2098 458 2116 s.
474 2089 633 2123 Benedicti,
650 2090 821 2116 Mantuanae
836 2089 970 2122 diocesis,
981 2090 1099 2116 mandat
1111 2092 1141 2116 ut
1157 2089 1254 2116 abbati

236 2139 406 2165 monasterii
430 2139 464 2165 de
486 2139 612 2169 Mezano,
627 2138 810 2165 Placentinae
827 2138 963 2173 diocesis,
986 2147 1051 2164 cum
1068 2138 1145 2165 socio
1161 2147 1192 2165 ac
1216 2138 1253 2165 fa-

235 2187 413 2222 milia,vitae
429 2187 593 2215 necessaria
612 2187 792 2214 ministrent.
809 2188 888 2221 (1166.
901 2188 946 2220 29,
957 2187 1005 2214 fol.
1018 2188 1065 2215 lei
1080 2192 1121 2219 νο,
1136 2193 1166 2214 n⁰
1177 2188 1252 2218 681.)

277 2307 293 2327 ((
310 2296 422 2326 Abbati
441 2301 468 2326 et
495 2296 656 2325 concentui
684 2295 860 2324 monasterii
887 2306 910 2325 s.
936 2295 1094 2325 Benedicti
1112 2295 1148 2325 de
1167 2295 1254 2325 Pado

236 2350 369 2384 Li1·0m's,
389 2349 506 2380 ordinis
527 2360 550 2378 s.
572 2348 739 2384 Benedicti,
761 2348 928 2378 illavzeuane
945 2348 1083 2379 diocesis.
1108 2349 1159 2379 Ad
1180 2358 1255 2388 pro-

237 2405 406 2435 visionem
432 2403 571 2434 illorum
603 2420 652 2433 —.
681 2402 765 2433 Cum
795 2402 899 2441 igitur
930 2402 1076 2433 dilectus
1101 2402 1194 2433 filius
1217 2427 1223 2433 .
1246 2426 1251 2431 .

239 2458 344 2489 abbas
373 2457 569 2488 monasterii
600 2457 638 2486 de
670 2456 822 2492 Mezano,
851 2456 980 2486 ordinis
1008 2465 1036 2485 3.
1065 2456 1253 2493 Benedicti,

239 2511 436 2542 Placentine
454 2510 611 2544 diocesis,
636 2510 723 2540 sicut
749 2510 883 2546 asserit,
907 2511 1046 2548 propter
1064 2510 1251 2550 tyrampni-

239 2566 315 2596 dem
348 2565 467 2596 Uberti
490 2563 676 2594 Pelavicini
706 2563 924 2599 marchionis,
956 2563 1019 2594 Dei
1050 2565 1082 2594 et
1113 2563 1254 2594 ecclesie

240 2618 383 2652 inimici,
411 2627 488 2648 eum
518 2617 747 2647 inhumaniter
769 2617 1018 2655 persequentis,
1046 2625 1163 2647 secure
1188 2626 1254 2647 non

240 2673 349 2712 possit
366 2673 400 2702 in
426 2672 500 2710 ipso
525 2670 732 2701 monasterio
752 2671 966 2703 commorari⁷
993 2671 1254 2701 universitatem

240 2728 390 2757 vestram
408 2728 531 2756 attente
549 2724 732 2763 rogandam
748 2723 910 2753 duximus
926 2725 957 2754 et
975 2723 1176 2754 hortandam
1196 2733 1255 2763 per

242 2778 531 2819 apostolic-avolus
544 2779 670 2816 scripta
683 2777 883 2807 mandantes
894 2779 1074 2815 quatenus,
1085 2778 1124 2807 ad
1142 2777 1255 2816 ipsum

240 2832 403 2863 habentes
429 2832 482 2870 pie
510 2830 757 2870 compassionis
775 2830 943 2864 affectum,
968 2829 1008 2860 01)
1031 2830 1255 2860 reverentiam

241 2885 427 2924 apostolice
452 2884 543 2915 sedis
561 2887 593 2914 et
620 2886 783 2916 nostramy
810 2883 919 2913 eidem
943 2882 1067 2917 abbati,
1087 2882 1146 2912 uni
1164 2883 1255 2913 socio

2253 197 2310 226 245

1300 284 1337 305 ac
1355 275 1481 305 familie
1504 275 1589 310 suis,
1608 275 1641 304 in
1667 275 1873 305 monasterio
1901 278 2026 312 vestro,
2054 278 2157 307 (101166
2184 279 2248 316 ipsi
2269 280 2308 309 ad

1300 327 1425 357 dietum
1446 336 1562 358 eorum
1584 328 1829 358 monasterium
1847 329 1955 359 redire
1973 329 2079 359 libere
2096 339 2131 359 ac
2149 330 2181 360 in
2201 340 2239 361 eo
2260 340 2310 361 sc-

1299 388 1377 409 cure
1405 381 1528 410 morari
1548 381 1692 416 valeant,
1717 381 1784 411 vite
1813 382 2006 412 necessaria
2026 391 2171 421 congrue
2193 384 2308 413 minis·

1299 432 1409 462 tretis.
1430 432 1551 463 Preces
1577 435 1711 463 nostras
1736 436 1767 464 61
1789 434 1984 464 mandatum
2003 435 2116 465 taliter
2136 436 2309 474 impleturi

1300 485 1389 524 quod
1406 486 1508 515 iidem
1526 488 1698 525 ⁴speratum
1722 487 1756 516 in
1770 486 1867 517 vobis
1883 488 1951 518 vite
1971 487 2163 518 subsidium
2182 498 2216 518 sc
2233 498 2311 527 gau-

1300 538 1427 577 deasjn]t
1444 540 1636 577 repperisse
1666 549 1703 570 ac
1721 549 1781 570 vos
1810 540 1957 571 fraterne
1976 541 2128 571 caritatis
2159 550 2309 580 compro-

1300 591 1428 621 bemini
1456 592 1630 629 zelatores,
1650 601 1778 632 nosque
1802 593 1993 624 devotionis
2015 595 2126 625 vestre
2150 595 2311 633 prompti-

1300 645 1452 675 tudinem
1497 645 1670 684 possimus
1714 647 1834 677 merito
1866 647 2113 677 commendare.
2151 648 2311 686 Alioquin

1301 698 1423 728 dilecto
1438 698 1508 729 filio
1528 723 1533 727 .
1553 723 1559 728 .
1581 699 1693 729 abbati
1716 709 1743 730 s.
1761 700 1926 730 Johannis
1951 701 2158 736 Parmensis,
2185 701 2312 730 nostris

1302 751 1422 782 damus
1451 752 1576 782 litteris
1596 753 1631 782 in
1658 753 1827 783 mandatis
1844 755 1880 784 ut
1908 762 1968 784 vos
1994 754 2034 784 ad
2055 754 2098 789 id,
2128 754 2312 784 monitione

1302 805 1481 843 premissa,
1508 814 1568 844 per
1587 814 1765 836 censuram
1783 807 2061 844 ecclesiasticam,
2087 808 2312 846 appellatione

1302 859 1443 893 remota,
1469 858 1663 897 compellat.
1681 859 1806 889 Datum
1829 860 1918 899 apud
1944 859 2236 897 Urbemveterem‚
2257 868 2312 890 no-

1302 911 1355 941 nis
1370 911 1462 948 maii,
1481 920 1568 942 anno
1584 912 1696 942 tertio.
1715 921 1732 942 »

1396 1095 1490 1126 1632

1907 1094 2030 1126 Orvieto,
2048 1097 2062 1121 7
2083 1095 2139 1121 mai
2164 1096 2240 1122 1202.

1337 1178 1477 1205 Abbatem
1500 1178 1670 1205 monasterii
1694 1186 1716 1204 s.
1735 1178 1874 1205 Johannis
1896 1179 2060 1206 Parmensis
2076 1179 2214 1214 praedicti
2233 1188 2314 1207 man-

1302 1227 1361 1254 dati
1381 1230 1562 1255 executorem
1581 1228 1710 1262 deputat.
1733 1227 1810 1261 (am.
1830 1228 1874 1257 29,
1892 1227 1939 1254 fol.
1957 1228 2004 1255 161
2025 1233 2063 1260 v0,
2085 1233 2116 1255 11ο
2132 1228 2208 1258 682.)

1343 1348 1359 1367 ((
1379 1336 1492 1366 Abbati
1502 1337 1710 1366 monasteriis.
1724 1336 1874 1366 „Iohannis
1885 1336 2073 1367 Parmensis,
2090 1338 2315 1376 ,λαμ-011310-

1304 1399 1380 1421 nem
1404 1391 1542 1420 illorum
1561 1408 1611 1419 -.
1635 1391 1761 1421 Datum
1790 1390 1878 1429 apud
1904 1390 2192 1424 Urbemveterem,
2218 1391 2316 1421 1101113

1304 1444 1398 1480 maii,
1418 1452 1504 1474 anno
1524 1444 1636 1474 tertio.
1656 1454 1670 1472 »

1397 1627 1492 1658 1833

1886 1625 2010 1656 Orvicto,
2027 1626 2057 1651 17
2079 1625 2149 1652 avril
2167 1626 2244 1652 1201.

1341 1709 1478 1745 Magistro
1500 1710 1626 1737 Alberto.
1656 1711 1769 1737 notario
1792 1713 1818 1737 et
1838 1710 1937 1737 nuntio
1964 1710 2133 1743 apostolico.
2154 1711 2269 1736 mandat
2289 1712 2319 1737 ut

1306 1759 1335 1785 in
1362 1759 1476 1794 negotio
1502 1759 1651 1794 cujusdam
1680 1758 1919 1786 commutationis
1948 1758 2136 1786 ecclesiarum
2166 1759 2320 1793 procedere

1307 1809 1430 1835 studeat.
1451 1808 1528 1840 (Rau.
1550 1808 1594 1838 29,
1616 1808 1666 1834 fol.
1690 1808 1750 1840 lul,
1767 1809 1886 1842 11ῠ683.)

1347 1930 1364 1951 ((
1381 1919 1528 1959 Mayistro
1547 1919 1686 1953 Alberto,
1702 1921 1821 1950 notario
1837 1926 1864 1950 et
1883 1922 1991 1951 nuntio
2010 1927 2124 1952 nostro.
2144 1922 2322 1952 Insinuan-

1308 1973 1400 2003 tibus
1420 1973 1501 2003 olim
1526 1973 1625 2003 nobis
1647 1973 1782 2004 dilectis
1807 1974 1889 2004 filiis
1913 1975 2088 2014 magistris
2114 1975 2265 2005 ι1011311116
2283 1974 2322 2004 (16

1309 2027 1468 2063 Thorota⁷
1494 2028 1623 2057 rectore
1642 2027 1784 2057 ecclesie
1803 2027 1842 2057 de
1863 2028 1977 2063 Braio,
1996 2028 2235 2059 Suessionensi
2252 2027 2324 2057 osii-

1309 2080 1398 2116 ciali‚
1421 2082 1452 2110 et
1477 2080 1598 2117 Adam,
1629 2081 1790 2111 canonico
1815 2081 1956 2112 ecclesie
1975 2091 2001 2112 s.
2024 2081 2209 2112 Clementis
2226 2081 2323 2111 Com-

1309 2133 1520 2172 pendiensis,
1554 2133 1729 2172 capellano
1762 2134 1877 2164 dilecti
1910 2135 1972 2164 filii
2004 2135 2112 2164 nostri
2147 2135 2201 2171 G.2
2232 2133 2323 2164 tituli

1310 2196 1336 2217 s.
1359 2187 1534 2217 Laurentii
1556 2187 1590 2217 in
1608 2187 1737 2217 Lucina
1754 2187 1945 2227 presbyteri
1966 2188 2160 2224 cardinalis,
2187 2187 2326 2218 Ambia-

1310 2241 1426 2271 nensis
1437 2241 1468 2271 et
1483 2240 1936 2276 Suessionensisdiocesum,
1950 2241 2183 2280 (Ι110111116111ἆ,
2201 2241 2326 2270 dietam

1310 2294 1489 2325 ecclesiam
1506 2295 1545 2324 de
1562 2294 1663 2324 Braio
1681 2296 1713 2324 et
1731 2294 1883 2333 prefatus
1899 2295 1939 2324 A.
1958 2295 2191 2325 canonicatum
2209 2295 2241 2324 et
2256 2302 2327 2332 pre-

1309 2347 1454 2378 bendam
1465 2347 1630 2387 pre-libate
1641 2356 1667 2377 3.
1681 2347 1866 2378 Clementis
1879 2348 2032 2384 ecclesie,
2047 2357 2132 2387 quos
2146 2347 2326 2384 habebant,

1310 2402 1397 2432 inter
1414 2410 1449 2431 36
1463 2398 1663 2431 affectabant
1681 2401 1722 2431 ad
1740 2401 1885 2432 invicem
1901 2403 2122 2438 commutare,
2143 2410 2215 2437 nos,
2237 2401 2327 2439 ipso-

1310 2464 1385 2486 rum
1401 2455 1490 2485 votis
1509 2464 1545 2485 ac
1561 2454 1807 2485 venerabilium
1826 2455 1971 2485 fratrum
1986 2455 2181 2485 nostrorum
2201 2479 2206 2484 .
2223 2480 2228 2484 .
2247 2456 2327 2485 Ani-

1309 2509 1496 2543 bianensiS,
1518 2510 1550 2539 et
1571 2533 1576 2538 .
1595 2533 1600 2538 .
1626 2508 1883 2539 Suessionensis
1920 2508 2158 2547 episcoporum
2191 2509 2328 2547 tuisque

1311 2561 1620 2601 supplicationibus
1637 2563 1838 2596 annuentes,
1853 2561 1917 2591 tibi
1933 2570 1993 2600 per
2010 2563 2144 2592 nostras
2162 2561 2224 2591 sub
2237 2562 2328 2591 certa

1310 2616 1420 2646 forma
1449 2615 1662 2654 injunximus
1690 2615 1822 2645 litteras
1853 2616 1900 2651 ut,
1929 2615 1958 2644 si
1976 2614 2118 2645 utilitati
2144 2614 2328 2644 earundem

1311 2669 1531 2700 ecclesiarum
1558 2668 1717 2707 expedire
1746 2669 1893 2703 videres,
1925 2667 1965 2698 ab
1994 2668 2112 2698 eodem
2131 2669 2160 2698 J.
2187 2668 2328 2698 ecclesie

1309 2723 1457 2761 predicte
1475 2723 1514 2752 de
1534 2722 1646 2757 Braio,
1667 2731 1685 2751 a
1704 2723 1891 2751 memorato
1909 2730 1991 2751 vero
2009 2721 2116 2751 Adam
2144 2721 2327 2751 eorundem

1310 2776 1527 2806 canonicatus
1556 2777 1588 2805 et
1614 2774 1783 2813 prebende
1812 2774 1921 2804 libera
1946 2774 2176 2813 resignatione
2195 2775 2328 2812 recepta

1310 2829 1452 2860 eandem
1487 2829 1665 2858 ecclesiam
1694 2828 1733 2858 de
1760 2828 1859 2858 Braio
1886 2828 2060 2858 nominato
2088 2827 2172 2861 Alie,
2197 2827 2327 2866 prefato

1311 2883 1422 2913 autem
1439 2883 1470 2912 J-
1484 2882 1718 2912 canonicatum
1733 2883 1765 2911 et
1782 2881 1987 2920 prebendam
2002 2881 2150 2916 eosdem,
2169 2889 2242 2910 cum
2258 2880 2324 2918 ple—
