2519 3262
236 271 275 300 38
939 270 1017 300 LES
1041 270 1283 301 REGISTRES
1307 270 1522 302 D'URBAIN
1546 272 1604 302 IV.

237 361 304 392 sint
318 362 376 401 qui
394 363 428 392 in
445 363 567 392 vicinia
585 362 728 393 habeant
745 362 882 401 propria
898 362 1082 400 domicilia,
1102 363 1142 393 ad
1163 372 1238 393 con—

236 414 432 452 fessionem,
455 415 725 445 communionem
750 417 781 445 et
805 415 1013 454 sepulturam
1031 425 1106 446 cum
1136 416 1238 446 vestri

235 468 364 498 ordinis
382 468 632 506 sollempnitate
653 468 836 507 suscipere.
858 468 969 499 Liceat
989 478 1121 508 quoque
1144 469 1240 499 vobis

232 529 394 559 personas
412 521 537 551 liberas
555 522 587 551 et
607 520 780 551 absolutas
798 530 814 551 e
833 521 946 552 seculo
965 521 1144 560 fugientes,
1165 531 1239 552 cum

234 574 333 604 rebus
363 574 446 609 suis,
473 574 513 603 ad
537 574 793 604 conversionem
816 574 964 613 recipere
981 576 1012 605 et
1039 584 1095 605 cas
1113 574 1239 614 absque

233 626 495 657 contradictione
513 627 627 666 aliqua
643 627 799 658 retinere.
820 628 976 658 Infirmos
993 636 1124 666 quoque
1143 627 1239 658 abso—

233 679 362 709 solutos
382 680 438 718 qui
457 680 490 709 in
507 681 658 710 extrema
674 680 845 711 voluntate
865 680 906 710 ad
926 689 984 710 vos
1008 680 1167 710 tranferri
1184 683 1240 711 aut

232 732 320 771 apud
338 741 397 762 vos
416 733 554 772 sepeliri
572 733 846 770 deliberaverint,
864 733 978 763 nullus
1001 733 1164 772 impedire
1180 743 1238 764 seu

231 794 284 815 res
301 794 417 816 eorum
436 785 607 825 legitimas
632 787 776 817 retinere
796 788 981 824 presumat,
1007 786 1101 817 salva
1128 788 1239 817 tamen

229 837 391 868 heredum
420 838 572 878 legitima
597 839 750 878 portione
776 841 808 869 et
835 839 994 869 canonica
1012 839 1142 878 justitia
1166 840 1237 870 illa-

229 899 304 921 rum
325 891 545 922 ecclesiarum
567 901 585 922 a
604 892 728 931 quibus
755 894 965 922 mortuorum
991 901 1130 932 corpora
1148 902 1239 923 assu-

230 946 377 975 muntur.
406 945 457 975 Ad
476 944 637 984 majorem
669 947 781 975 autem
806 946 908 975 vestri
929 945 1058 975 ordinis
1085 955 1238 977 reveren-

228 997 311 1027 tiam
328 999 360 1027 et
381 998 546 1037 regularis
571 998 750 1037 discipline
769 997 1030 1033 observantiam,
1049 999 1156 1034 vobis,
1176 1000 1237 1030 filii

229 1049 379 1086 abbates,
399 1050 593 1090 subjecto[sl
626 1051 758 1081 vestros
784 1051 909 1090 ligandi
934 1053 966 1082 et
993 1052 1145 1083 solvendi
1167 1053 1233 1092 ple-

228 1111 305 1133 nam
325 1103 540 1134 concedimus
558 1104 766 1135 facultatem.

267 1156 354 1192 Quia
378 1165 456 1187 vero
482 1157 616 1196 singula
639 1166 702 1196 que
727 1158 767 1187 ad
794 1157 969 1197 religionis
990 1159 1177 1198 profectum
1204 1161 1236 1190 et

227 1209 416 1239 animarum
441 1210 585 1240 salutem
611 1210 807 1247 ordinastis
836 1212 986 1249 presenti
1012 1211 1235 1242 abreviationi

227 1263 439 1301 nequiverint
453 1263 594 1300 adnecti,
613 1272 673 1294 nos
693 1273 768 1294 cum
785 1264 850 1294 hiis
868 1273 931 1303 que
946 1265 1132 1304 prescripta
1145 1267 1233 1302 sunt,

227 1315 484 1346 constitutiones
497 1317 626 1347 vestras
645 1325 728 1355 quas
743 1317 830 1347 inter
844 1326 902 1348 vos
919 1318 1094 1356 religionis
1109 1318 1234 1349 intuitu

226 1368 426 1408 regulariter
442 1369 610 1400 statuistis
623 1371 655 1400 et
667 1370 834 1409 deinceps,
850 1372 984 1401 auctore
1000 1371 1156 1407 Domino,
1171 1373 1235 1402 sta·

225 1422 341 1457 tuetis,
359 1423 557 1453 auctoritate
575 1423 760 1462 apostolica
779 1423 977 1455 roboramus
997 1426 1028 1455 et
1048 1424 1144 1455 vobis
1161 1433 1232 1455 ves-

224 1475 354 1514 trisque
367 1476 621 1506 successoribus
636 1479 667 1507 et
680 1477 838 1507 omnibus
851 1478 907 1516 qui
920 1478 1071 1508 ordinem
1082 1480 1230 1509 vestrum

224 1528 370 1566 professi
398 1528 535 1564 fuerint,
560 1530 733 1569 perpetuis
752 1531 963 1569 temporibus
989 1531 1232 1562 inviolabiliter

225 1580 453 1612 observandas
473 1583 698 1618 decernimus,
725 1592 785 1614 nec
814 1584 926 1623 alique
952 1584 1063 1615 littere
1088 1584 1231 1615 habeant

224 1634 418 1665 firmitatem
436 1644 511 1674 que,
528 1637 628 1666 tacito
647 1637 781 1667 nomine
797 1638 1125 1668 Premonstratensis
1143 1639 1227 1668 ordi—

223 1687 289 1722 nis,
313 1689 428 1718 contra
450 1688 625 1719 libertates
643 1689 739 1720 vobis
759 1690 798 1719 ab
818 1691 1003 1729 apostolica
1021 1691 1099 1722 sede
1120 1692 1227 1722 indul-

222 1742 287 1777 tas,
308 1741 431 1771 suerint
451 1742 653 1781 {Impetrate
680 1743 778 1780 Sane]
801 1743 954 1774 laborum
976 1746 1165 1775 vestrorum
1190 1746 1230 1775 de

222 1794 497 1833 possessionibus
528 1795 651 1826 habitis
687 1797 762 1826 ante
796 1797 975 1827 concilium
1009 1798 1163 1837 generale
1194 1807 1230 1829 ac

221 1847 321 1877 etiam
342 1848 514 1878 novalium
532 1857 596 1887 que
615 1849 763 1888 propriis
782 1850 938 1880 inanibus
962 1853 1018 1880 aut
1035 1851 1230 1890 sumptibus

222 1900 344 1936 colitis,
361 1900 400 1931 de
420 1901 543 1940 quibus
563 1902 741 1932 novalibus
758 1903 882 1942 aliquis
900 1903 1061 1934 hactenus
1077 1913 1142 1934 non
1158 1913 1227 1943 per-

223 1953 321 1991 cepit,
335 1954 405 1984 sive
419 1954 458 1984 de
473 1955 556 1985 ortis
571 1957 602 1985 et
617 1955 775 1994 virgultis
793 1958 825 1986 et
843 1957 1088 1995 piscationibus
1106 1958 1229 1988 vestris

222 2058 275 2088 bis
292 2059 440 2090 decimas
466 2061 600 2099 exigere
624 2061 676 2091 vel
699 2064 900 2101 extorquere
920 2065 1101 2101 presumat.
1126 2064 1229 2094 Inter-

222 2111 366 2142 dicimus
389 2122 466 2143 vero
488 2113 657 2152 episcopis
681 2116 711 2144 et
733 2114 811 2144 aliis
830 2116 1048 2146 ecclesiarum
1075 2117 1226 2155 prelatis,

222 2164 288 2194 nisi
311 2167 442 2195 servato
466 2167 676 2197 evectionum
699 2176 838 2198 numero
860 2168 893 2198 in
910 2170 1131 2199 Lateranensi
1155 2179 1227 2200 con-

221 2217 299 2248 cilio
309 2220 446 2254 statuto,
461 2219 494 2248 in
507 2220 631 2249 vestris
648 2221 865 2250 monasteriis
882 2221 1057 2260 hospitari.
1072 2223 1120 2253 Ad
1133 2231 1227 2261 gran·
1254 2235 1255 2243 ¹

220 2271 292 2309 glas
308 2274 419 2302 autem
438 2275 569 2302 vestras
586 2275 617 2303 et
635 2273 675 2303 ad
697 2276 807 2304 curtes
824 2274 1015 2313 hospitandi
1037 2276 1145 2313 gratia
1163 2285 1228 2307 non
1254 2287 1255 2292 ¹

220 2324 286 2354 nisi
313 2325 346 2354 in
372 2333 492 2364 magna
518 2326 715 2357 necessitate
740 2327 906 2358 divertant
929 2330 961 2358 et
983 2330 1061 2359 tunc
1080 2330 1227 2360 contenti

221 2377 289 2407 sint
306 2377 457 2416 ipsarum
476 2379 690 2409 mansionum
712 2379 849 2410 cibariis
872 2382 1055 2418 consuetis,
1080 2391 1154 2412 cum
1172 2383 1225 2413 ho-

221 2432 350 2461 nestate
367 2432 466 2470 atque
485 2432 623 2463 caritate
645 2433 819 2463 exhibitis.
841 2434 935 2464 Nulli
953 2437 1064 2465 autem
1082 2436 1226 2466 seculari

219 2491 362 2521 persone
373 2484 424 2514 vel
437 2485 666 2516 ecclesiastice
681 2486 714 2516 in
726 2486 839 2525 aliqua
851 2487 1028 2518 domorum
1038 2491 1227 2519 vestrarum

220 2535 318 2567 liceat
335 2537 492 2567 carnibus
509 2538 611 2574 vesci,
623 2539 688 2569 nisi
705 2540 883 2570 manifeste
895 2541 1097 2579 egritudinis
1113 2551 1224 2579 causa,

221 2590 253 2619 et
274 2589 333 2620 hoc
349 2589 382 2620 in
402 2590 486 2620 solis
505 2592 722 2623 monasteriis
740 2593 1020 2624 conventualibus
1038 2596 1171 2626 vestris.

260 2642 484 2673 Prohibemus
499 2644 638 2683 insuper
655 2653 694 2676 ne
707 2645 822 2684 aliqua
838 2655 981 2685 persona
997 2647 1118 2678 fratres
1136 2649 1225 2679 ordi-

220 2694 273 2724 nis
286 2696 388 2726 vestri
401 2696 521 2727 audeat
537 2697 578 2727 ad
593 2698 761 2728 secularia
775 2699 902 2738 judicia
917 2708 1109 2738 provocare,
1125 2702 1183 2732 sed
1195 2702 1224 2732 si

220 2747 296 2786 quis
311 2748 472 2779 adversus
490 2758 547 2780 eos
564 2750 692 2789 aliquid
711 2751 776 2782 sibi
791 2752 971 2783 crediderit
989 2753 1028 2784 de
1043 2754 1117 2792 jure
1138 2764 1223 2785 coni-

218 2801 343 2839 petere,
367 2801 430 2831 sub
455 2803 676 2833 ecclesiastici
701 2805 856 2835 examine
876 2805 1001 2844 judicis
1028 2807 1224 2845 experiendi

219 2852 338 2884 habeat
357 2853 562 2892 facultatem,
581 2856 727 2887 Licituni
746 2859 898 2896 preterea
916 2858 1012 2889 vobis
1028 2860 1072 2890 sit
1093 2860 1125 2890 in
1149 2870 1224 2892 cau·

220 2904 266 2934 sis
288 2907 409 2937 vestris
437 2908 557 2938 fratres
579 2911 708 2940 vestros
733 2910 883 2949 ydoneos
906 2911 947 2941 ad
973 2913 1221 2944 testificandum

219 2958 381 2991 adducere
398 2962 558 2991 eteorum
577 2963 782 3000 testimonio,
796 2964 883 2995 sicut
903 2967 1030 2996 rectum
1046 2965 1158 3003 fuerit,
1172 2968 1221 2998 uti
1247 2985 1249 2993 ι

1301 365 1333 394 et
1346 364 1545 403 propulsare
1557 365 1754 395 violentiam
1766 366 1974 405 etjustitIam
1989 367 2176 398 vendicare.
2190 368 2308 399 Prohi-

1297 416 1418 447 bemus
1437 426 1569 456 quoque
1582 426 1622 448 ne
1639 418 1778 449 cuilibet
1794 419 2022 450 ecclesiastice
2034 420 2220 451 secularive
2234 429 2308 459 per-

1298 478 1379 500 sone
1398 470 1448 500 fas
1471 471 1514 501 sit
1534 471 1567 501 in
1585 471 1738 502 ecclesiis
1750 472 1884 507 vestris,
1899 473 2015 502 contra
2028 474 2154 503 statuta
2170 473 2307 504 Latera-

1298 523 1414 553 nensis
1445 524 1592 560 concilii,
1619 524 1734 554 tallias
1762 533 1918 555 exercere
1947 525 1999 556 vel
2025 525 2194 564 quaslibet
2223 527 2308 557 alias

1298 576 1395 606 vobis
1417 577 1549 616 ineptas
1568 579 1599 608 et
1622 577 1756 616 iniquas
1779 578 1974 608 exactiones
1991 578 2176 617 imponere.
2201 579 2305 610 Inter-

1297 629 1442 660 dicimus
1460 630 1565 660 eciam
1588 629 1684 660 vobis
1702 639 1741 660 ne
1760 630 1860 667 feras,
1881 639 1972 667 aves,
1990 639 2090 661 canes
2108 631 2179 662 sive
2197 635 2307 662 cetera

1298 681 1493 721 hujusmodi
1511 683 1720 713 curiositatis
1737 683 1897 713 animalia
1916 692 1934 713 a
1958 683 2109 723 quolibet
2129 685 2309 716 nutrienda

1298 735 1370 766 sive
1388 736 1617 771 custodienda,
1645 737 1678 766 in
1697 736 1903 767 detractione
1922 738 2026 768 vestri
2044 737 2184 774 ordinis,
2203 739 2307 769 susci-

1297 797 1376 827 pere
1392 790 1609 828 presumatis.

1338 846 1454 883 Porro,
1483 848 1518 877 ut
1546 847 1695 886 quietius
1716 848 1787 878 Deo
1810 847 1937 878 servire
1962 848 2101 887 possitis
2125 850 2158 879 et
2181 848 2306 879 discur-

1297 900 1393 930 rendi
1419 910 1437 930 a
1459 900 1556 931 vobis
1579 901 1765 931 necessitas
1795 900 1978 936 auferatur,
2004 901 2153 940 presenti
2181 902 2307 941 scripto

1297 953 1457 983 duximus
1475 954 1717 993 indulgendum
1729 956 1775 991 ut,
1797 954 1826 984 si
1844 954 2013 993 episeopis
2026 954 2150 985 vestris
2167 957 2224 985 aut
2241 964 2305 985 ma-

1297 1006 1413 1037 liciose
1430 1006 1664 1037 disserentibus
1677 1007 1729 1038 vel
1742 1008 1903 1046 projusto
1918 1007 2160 1046 impedimento
2173 1017 2238 1038 non
2254 1016 2307 1038 va-

1295 1059 1444 1089 lentibus
1467 1060 1695 1091 ordinationes
1720 1062 1751 1091 et
1775 1062 1885 1091 cetera
1908 1060 1975 1091 alia
1994 1061 2185 1091 ministeria
2209 1061 2306 1092 vobis

1295 1113 1447 1144 conferre
1459 1115 1489 1144 et
1506 1113 1654 1152 aliquem
1669 1114 1863 1153 episcopum
1879 1114 1919 1144 de
1936 1114 2031 1152 cujus
2050 1114 2260 1145 ordinatione
2275 1116 2306 1145 et

1295 1165 1406 1196 officio
1423 1166 1522 1204 plena
1550 1166 1593 1196 sit
1612 1165 1708 1197 vobis
1736 1167 1868 1202 notitia,
1899 1166 2067 1206 hospitem
2096 1176 2156 1198 vos
2183 1167 2305 1198 habere

1294 1219 1484 1258 contigerit,
1501 1219 1648 1250 liberum
1666 1219 1710 1250 sit
1733 1219 1830 1251 vobis
1847 1219 1888 1250 ab
1909 1228 1947 1250 eo
1967 1223 1998 1250 et
2016 1220 2247 1251 ordinationes
2273 1223 2305 1251 et

1294 1274 1404 1302 cetera
1435 1274 1646 1303 sacramenta
1664 1272 1850 1311 suscipere,
1868 1273 1947 1303 dum
1978 1274 2091 1304 tamen
2113 1274 2304 1313 dyocesano

1293 1325 1451 1364 episcopo
1477 1325 1701 1365 prejudicium
1727 1334 1793 1356 non
1814 1325 1933 1357 debeat
1954 1327 2118 1366 generari.
2145 1327 2304 1357 Preterea

1292 1379 1521 1418 postulatione
1544 1380 1656 1410 vestra
1673 1379 1874 1410 clementius
1899 1380 2066 1416 inclinati,
2082 1381 2230 1420 presenti
2247 1389 2303 1419 pa-

1291 1432 1370 1472 gina
1385 1433 1546 1463 duximus
1567 1433 1788 1463 inhibendum
1804 1442 1845 1464 ne
1861 1433 1938 1472 quis
1957 1433 2231 1473 archiepiscopus
2249 1434 2302 1464 vel

1292 1486 1472 1525 episcopus
1491 1488 1548 1517 aut
1579 1495 1696 1517 eorum
1721 1486 1885 1517 officiales
1902 1487 2063 1517 ecclesias
2087 1488 2219 1517 vestras
2242 1496 2303 1517 seu

1291 1539 1464 1578 regulares
1483 1548 1646 1578 personas
1667 1548 1795 1575 earum,
1813 1539 1940 1579 absque
1960 1540 2141 1570 manifesta
2157 1541 2188 1571 et
2203 1540 2304 1571 ratio-

1291 1592 1396 1622 nabili
1411 1601 1523 1628 causa,
1540 1593 1753 1630 interdicere,
1773 1593 1980 1632 suspendere
1994 1594 2178 1632 presumat,
2195 1593 2253 1624 sed
2272 1593 2302 1623 si

1290 1645 1371 1684 quid
1388 1646 1420 1676 in
1438 1646 1487 1676 eis
1512 1646 1614 1676 fuerit
1639 1646 1886 1685 corrigendum,
1911 1646 1953 1676 ad
1970 1646 2178 1677 audientiam
2203 1655 2300 1686 gene-

1290 1698 1373 1728 ralis
1388 1699 1871 1737 capituliPremonstratensis
1887 1699 2054 1730 referatur
2073 1701 2105 1730 et
2124 1699 2182 1736 ibi,
2202 1701 2302 1738 prout

1286 1752 1419 1790 justitie
1432 1754 1463 1782 et
1477 1752 1644 1783 honestati
1655 1753 1858 1792 congruerit,
1869 1753 2077 1783 emendetur.
2090 1753 2194 1784 Porro
2204 1753 2299 1792 siqui

1289 1805 1439 1844 episcopi
1458 1809 1515 1836 aut
1534 1814 1649 1836 eorum
1668 1805 1832 1836 officiales
1856 1806 1890 1836 in
1911 1815 2075 1845 personas
2094 1810 2224 1837 vestras
2246 1806 2300 1837 vel

1288 1857 1449 1888 ecclesias
1471 1859 1673 1889 sententiam
1697 1859 1847 1898 aliquam
1878 1861 1992 1890 contra
2018 1859 2211 1891 libertatem
2236 1861 2298 1890 eis-

1289 1911 1364 1941 dem
1378 1920 1397 1941 a
1427 1911 1724 1950 predecessoribus
1754 1913 1882 1943 nostris
1900 1913 1953 1943 vel
1970 1922 1988 1943 a
2005 1912 2104 1943 nobis
2131 1913 2297 1944 indultam

1255 2002 1256 2007 1
1288 1964 1587 2003 promulgaverint,
1609 1965 1750 1995 eandem
1767 1966 1983 2000 sententiam,
2001 1968 2162 2005 tanquam
2182 1968 2297 1996 contra

222 2006 274 2036 vel
292 2006 331 2036 de
351 2007 555 2038 nutrimento
576 2008 777 2038 animalium
798 2011 989 2040 vestrorum
1005 2011 1120 2040 nullus
1139 2020 1157 2041 a
1176 2020 1230 2041 vo·
1255 2010 1256 2013 ’

1289 2017 1471 2055 apostolice
1493 2017 1584 2047 sedis
1602 2018 1732 2048 indulta
1749 2018 1928 2057 prolatam,
1953 2019 2136 2049 statuimus
2163 2019 2297 2049 irritan-

1288 2069 1374 2100 dam.
1396 2070 1618 2100 Decernimus
1637 2079 1714 2109 ergo
1733 2072 1768 2101 ut
1796 2070 1881 2101 nulli
1901 2071 2038 2101 omnino
2062 2071 2237 2102 hominum
2257 2072 2296 2102 li-

1287 2124 1359 2152 ceat
1378 2123 1543 2161 prefatam
1573 2123 1751 2153 ecclesiam
1773 2125 1898 2154 temere
1926 2124 2123 2163 perturbare
2143 2127 2199 2155 aut
2224 2125 2296 2164 ejus

1287 2176 1523 2214 possessiones
1561 2176 1693 2206 auferre
1724 2176 1777 2207 vel
1808 2176 1919 2207 ablata
1950 2177 2106 2214 retinere,
2142 2178 2295 2209 minuere

1287 2237 1346 2259 seu
1365 2228 1573 2267 quibuslibet
1592 2229 1831 2260 vexationibus
1848 2229 1988 2269 fatigare
2007 2231 2066 2260 sed
2087 2231 2199 2261 omnia
2213 2231 2297 2262 inte-

1285 2291 1343 2321 gra
1357 2283 1598 2312 conserventur
1617 2291 1732 2313 eorum
1748 2291 1808 2322 pro
1839 2292 1983 2322 quorum
2001 2283 2242 2321 gubernatione
2259 2293 2296 2315 ac

1286 2335 1532 2365 sustentatione
1549 2343 1708 2365 concessa
1723 2338 1814 2373 sunt,
1826 2335 1945 2366 usibus
1961 2336 2166 2368 omnimodis
2180 2338 2296 2376 profu·

1285 2390 1371 2422 tura,
1388 2388 1481 2418 salva
1497 2389 1589 2419 sedis
1614 2388 1798 2427 apostolice
1825 2390 2036 2420 auctoritate.
2055 2389 2090 2421 Si
2109 2399 2175 2429 qua
2192 2391 2295 2430 igitur

1284 2442 1318 2471 in
1354 2442 1504 2472 futurum
1534 2442 1765 2473 ecclesiastica
1797 2442 2004 2474 secularisve
2031 2451 2177 2482 persona
2208 2444 2292 2474 hanc

1284 2497 1398 2525 nostre
1417 2496 1480 2525 etc.
1499 2495 1618 2525 Amen.
1637 2496 1756 2525 Anien.
1776 2495 1896 2526 Amen.

1283 2600 1377 2639 (rota)
1397 2600 1466 2638 Ego
1482 2599 1651 2636 Urbanus,
1671 2600 1833 2631 catholice
1850 2601 1991 2632 ecclesie
2009 2602 2199 2641 episcopus,
2217 2601 2293 2632 sub-

1362 2653 1478 2692 cripsi.
1500 2654 1588 2684 Bene
1609 2654 1718 2685 valete.
1737 2656 1783 2692 (en
1801 2656 2052 2694 naonogyiunzme.)

1281 2756 1302 2792 ἦ*
1325 2756 1395 2795 Ego
1413 2757 1497 2793 Ode,
1515 2757 1728 2788 Tusculanus
1745 2758 1936 2797 episcopus,
1955 2758 2153 2798 subscripsi.

1283 2811 1304 2846 ἦ·
1325 2810 1394 2848 Ego
1410 2810 1611 2849 Stephanus,
1630 2811 1850 2842 Prenestinus
1873 2812 2066 2851 episcopus,
2087 2811 2287 2852 subscripsi.

1282 2915 1303 2951 ἢ
1325 2914 1393 2953 Ego
1411 2914 1514 2944 frater
1534 2914 1716 2952 Joliannes‚
1737 2915 1827 2946 tituli
1851 2924 1878 2945 s.
1899 2915 2074 2946 Laurentii
2100 2916 2134 2946 in
2161 2916 2288 2947 Lucina

1360 2967 1526 3006 presbiter
1543 2968 1739 3004 cardinalis,
1759 2967 1958 3007 subscripsi.
