2519 3262
225 284 263 314 68
923 278 1003 308 LES
1025 275 1267 308 REGISTRES
1289 274 1503 306 D'URBAIN
1526 275 1585 305 IV.

227 374 409 414 apostolica
424 373 519 404 vobis
535 371 658 411 scripta
672 371 821 402 districte
838 370 1053 410 precipiendo
1069 369 1229 400 mandan-

225 429 275 459 tes
303 428 461 467 quatinus
490 426 612 465 ipsum,
634 425 737 462 immo
753 424 865 464 potius
881 432 941 454 nos
961 424 992 453 in
1011 432 1061 459 co,
1079 422 1120 453 ob
1136 431 1230 452 reve-

225 482 367 512 rentiam
383 479 566 519 apostolice
575 478 665 508 sedis
680 479 710 508 et
722 478 884 513 nostram,
895 476 1057 511 ineundo,
1069 475 1229 506 morando

225 536 257 566 et
274 533 453 569 redeundo,
469 531 693 570 suscipientes
709 531 834 561 honore
849 530 1024 569 condigno,
1039 529 1116 565 sibi,
1135 530 1230 558 extra

225 596 320 618 suam
345 586 512 617 civitatem
539 587 571 616 et
593 584 754 615 diocesim
774 583 996 622 personaliter
1019 582 1052 611 in
1078 581 1228 620 predicto

224 641 356 679 negotio
375 639 552 674 laboranti,
581 646 640 678 pro
661 646 707 674 se,
728 637 842 667 decem
861 635 1062 675 equitaturis
1080 636 1111 664 ct
1133 634 1227 673 qnin-

222 694 330 724 decim
356 693 511 733 personis
538 691 571 721 in
599 690 801 722 necessariis
816 698 944 720 necnon
962 689 995 718 in
1017 696 1134 718 securo
1153 696 1228 718 con-

223 747 322 777 ductu
339 745 513 785 providere
529 744 654 775 curetis
666 743 851 774 liberaliter
863 743 893 773 ct
906 742 1070 776 decenter,
1085 741 1129 770 ita
1139 741 1228 779 quod

222 800 322 834 idem,
341 808 439 838 quem
451 807 513 829 nos
530 799 562 828 et
582 797 660 827 dicti
678 797 809 831 fratres,
825 804 883 826 sue
901 794 1078 834 probitatis
1095 794 1228 832 exigen-

221 853 313 884 tibus
330 852 472 888 meritis,
497 859 611 882 carum
626 850 787 880 habemus
806 848 1044 888 multipliciter
1063 848 1094 877 et
1112 855 1227 885 accep-

220 908 303 943 tum,
324 905 431 944 possit
455 905 563 935 vestre
590 902 845 942 promptitudini
862 900 1097 932 testimonium
1115 899 1226 929 lauda-

220 959 287 990 bile
303 958 477 998 perhibere
493 966 602 987 aenos
620 955 740 986 exinde
756 955 894 985 reddere
911 954 944 984 in
963 953 1085 984 vestris
1104 953 1227 983 utilita-

220 1012 311 1043 tibus
340 1011 573 1051 promptiores.
606 1008 768 1047 Alioquin
786 1025 832 1038 -.
855 1007 929 1038 Non
948 1006 1161 1037 obstantibus
1175 1024 1224 1034 -.

220 1066 342 1096 Datum
370 1064 456 1102 apud
481 1063 767 1099 Urbemveterem,
794 1070 841 1091 xri
862 1060 1024 1091 kalendas
1049 1058 1223 1095 februarii,

219 1118 432 1157 pontificatus
450 1116 567 1153 nostri,
587 1124 673 1146 anno
696 1114 807 1145 tertio.
830 1124 845 1143 ι)

759 1264 882 1297 Ort-iero,
899 1263 1057 1299 31janvier
1074 1263 1152 1290 1201.

307 1269 403 1299 2076

251 1351 390 1378 Abbatem
413 1359 435 1377 s.
456 1349 607 1384 Augustini
627 1349 842 1376 Cantuariensis
863 1349 1013 1376 constituit
1038 1351 1223 1375 conservato-

215 1409 275 1428 rem
295 1401 433 1427 bonorum
456 1401 483 1425 et
500 1398 716 1433 privilegiorum
737 1397 905 1425 monasterii
923 1406 945 1424 s.
966 1397 1115 1424 Trinitatis
1134 1397 1224 1424 Carlo-

216 1449 335 1476 mensis.
353 1450 448 1483 (Auen.
468 1456 504 1474 nu
523 1449 681 1481 (hunnos,
700 1446 781 1473 fonds
797 1448 830 1473 de
848 1447 876 1473 la
893 1445 1027 1481 Trinite.)

256 1557 270 1576 (t
299 1546 437 1576 Urbanus
454 1546 616 1585 episcopus,
638 1554 739 1574 servus
759 1554 913 1573 servorum
937 1543 1004 1580 Dei,
1024 1542 1133 1572 dilecto
1155 1542 1222 1582 silio

216 1600 319 1631 abbati
341 1610 363 1629 s.
389 1599 555 1638 Auyztstini
578 1597 809 1629 Cancrum-{ensis
828 1597 952 1627 salntem
976 1602 1003 1626 et
1026 1595 1222 1635 apostolicam

216 1653 460 1683 benedictionem.
487 1652 555 1683 Sub
578 1651 752 1690 religionis
775 1650 891 1681 habitu
916 1668 965 1680 —.
988 1650 1111 1680 Datum
1135 1649 1223 1688 apud

216 1707 502 1740 Urbemvetercm,
520 1716 541 1735 11
556 1705 718 1735 kalendas
731 1704 904 1740 februarii,
920 1704 1135 1742 pontificatus
1148 1711 1223 1733 nos-

215 1760 258 1790 tri
283 1769 368 1790 anno
386 1760 496 1790 tertio.
521 1768 536 1788 ι)

776 1904 900 1937 Orvieto,
919 1903 935 1930 4
953 1903 1055 1930 ferrici·
1073 1902 1149 1929 1202.

307 1907 401 1937 2977

253 1989 341 2015 l‘riori
366 1996 388 2014 s.
406 1987 482 2014 Petri
498 1988 532 2014 dc
550 1987 632 2013 Calce
649 1986 859 2013 Suessionensis
877 1987 995 2013 mandat
1014 1989 1040 2013 ut
1057 1985 1085 2012 in
1102 1985 1222 2012 ccclesia

217 2046 239 2065 s.
264 2037 338 2063 l’etri
363 2037 389 2063 in
414 2036 541 2063 l'eriusio
566 2035 762 2062 Sucssionensi
782 2035 810 2061 in
833 2035 1002 2062 canonicum
1026 2035 1114 2068 recipi
1136 2033 1222 2061 saciat

216 2094 367 2121 personum
384 2085 527 2117 idoneam,
542 2085 576 2111 ab
589 2084 735 2111 abbatissa
750 2083 916 2111 monasterii
934 2092 956 2110 s.
974 2083 1077 2110 Mariae
1096 2083 1222 2109 Suessio-

216 2135 325 2168 nensis,
340 2133 448 2161 ordinis
466 2142 487 2161 s.
503 2132 657 2163 Benedicti,
675 2135 899 2167 praesentatam.
915 2133 1014 2167 (Anca.
1038 2132 1108 2158 er.
1128 2140 1141 2158 ι,
1157 2133 1221 2164 256,

217 2190 246 2210 11⁰
266 2185 323 2216 (33.)

255 2289 269 2309 ((
291 2279 428 2309 Πνὸαηιιε
440 2278 607 2318 episcopus,
623 2287 723 2307 servus
736 2286 889 2307 seruorum
906 2276 969 2312 Dei,
985 2275 1095 2306 dilecto
1109 2275 1175 2316 (flio
1191 2300 1196 2305 .
1213 2299 1219 2306 .

210 2333 311 2374 priori
328 2343 351 2364 ε.
371 2333 456 2363 Petri
472 2332 507 2362 de
526 2331 614 2363 Calcc
629 2330 864 2367 Suessionemis,
883 2329 1008 2360 salutem
1027 2335 1054 2359 el
1071 2330 1219 2369 aposloli-

213 2397 277 2417 cam
295 2385 538 2416 benedictionem.
559 2385 689 2416 Dilecta
703 2385 736 2414 in
755 2383 888 2415 Christo
907 2383 977 2413 filia
996 2408 1002 2413 .
1021 2408 1027 2413 .
1047 2383 1221 2414 abbatissa

212 2439 409 2471 monasterii
433 2448 459 2469 s.
483 2438 588 2469 Mario
611 2437 879 2471 Suessionensis,
907 2436 1036 2467 ordinis
1058 2445 1084 2466 s.
1113 2437 1220 2467 Bene-

212 2493 303 2530 dicti,
318 2493 415 2523 nobis
428 2492 603 2523 humiliter
615 2491 816 2530 supplicavit
828 2492 863 2521 ut
876 2490 1026 2529 aliquam
1040 2498 1219 2529 personam

212 2547 376 2586 ydoneam
403 2546 437 2576 in
466 2545 609 2576 ecclesia
635 2553 662 2575 s.
695 2544 787 2575 Petri
819 2544 854 2574 in
882 2543 1038 2574 Perinsio
1065 2543 1220 2574 Suessio-

211 2600 319 2635 nensi‚
339 2599 372 2630 in
393 2607 459 2638 qua
479 2598 725 2638 prebendarum
743 2597 877 2628 collatio
901 2596 941 2627 ad
964 2596 1074 2635 ipsam
1097 2596 1220 2626 dicitur

210 2653 389 2692 pertinere,
408 2652 513 2691 recipi
531 2652 566 2681 in
585 2650 784 2682 canonicum
807 2651 839 2681 et
856 2649 891 2680 in
915 2649 1053 2680 fratrem
1071 2658 1130 2688 per
1154 2649 1220 2680 dis-

211 2708 338 2737 cretum
359 2705 506 2745 aliquem
532 2704 780 2735 mandaremus.
801 2704 871 2734 Nos
890 2703 1015 2742 itaque,
1037 2702 1147 2742 ipsius
1165 2702 1217 2733 ab·

211 2759 337 2790 batisse
355 2757 660 2797 supplicationibus
681 2757 846 2793 inclinati,
866 2756 1063 2787 discretioni
1082 2757 1137 2786 tue
1160 2765 1219 2795 per

211 2813 395 2852 apostolica
415 2813 540 2850 scripta
564 2811 763 2841 mandamus
781 2810 941 2849 quatinus
962 2818 1141 2848 personam
1160 2809 1219 2840 hu-

207 2866 368 2906 jusmodi,
394 2866 434 2896 de
458 2864 629 2895 voluntate
651 2865 682 2894 et
704 2871 845 2894 assensu
868 2863 1019 2902 ejusdem
1034 2862 1217 2900 abbatisse,

211 2919 391 2950 dummodo
409 2918 532 2949 existat
549 2917 689 2956 ydonea,
712 2916 816 2947 facias
835 2916 939 2955 recipi
962 2916 997 2946 in
1019 2916 1216 2946 canonicum

211 2972 287 3003 etin
302 2972 438 3002 fratrem
450 2972 479 3002 et
495 2971 535 3002 de
544 2969 713 3010 prebenda
724 2969 902 3008 provideas
913 2969 955 3005 ei,
971 2969 999 2999 si
1013 2978 1077 3008 qna
1091 2968 1215 2999 ibidem

1284 369 1380 398 vacat
1397 367 1438 397 ad
1460 374 1601 406 presens
1624 365 1677 396 vel
1699 366 1950 404 quamprimum
1967 366 2008 396 ad
2026 366 2060 396 id
2079 365 2239 397 obtulerit
2257 374 2294 397 se

1285 420 1438 451 facultas.
1464 419 1539 450 Non
1565 419 1718 450 obstante
1743 436 1792 449 —.
1817 419 1941 449 Datum
1965 419 2053 458 apud
2078 418 2296 450 Urhemvete-

1284 482 1367 510 rem,
1379 483 1400 503 ιι
1412 481 1517 503 nonas
1529 472 1703 508 februarii,
1715 471 1931 511 pontificatus
1941 472 2049 502 nostri
2059 480 2147 502 anno
2156 472 2269 503 tertio.
2279 483 2294 501 n

1846 628 1970 660 Orvieto,
1986 627 2002 655 4
2017 628 2123 655 sevrier
2145 629 2221 656 1202.

1373 632 1470 662 2978

1318 713 1484 749 Magistrum
1510 716 1537 740 et
1558 713 1663 740 fratres
1685 712 1835 747 hospitalis
1853 721 1876 740 s.
1892 712 2018 744 Antonii,
2033 712 2206 740 Viennensis
2231 713 2296 740 dio-

1282 762 1366 793 cesis,
1379 771 1394 789 a
1410 762 1551 789 solutione
1565 764 1709 789 certarum
1723 761 1957 796 procurationum
1974 760 2086 789 eximit.
2105 762 2202 794 (Auen.
2220 763 2291 789 Nar.

1283 820 1298 838 ι,
1313 812 1376 844 256,
1394 817 1424 838 n⁰
1440 812 1496 844 02.)

1323 920 1337 939 ((
1354 909 1494 940 Urbanus
1508 910 1677 949 episcopus,
1688 918 1791 938 servus
1802 918 1957 938 servorum
1967 908 2033 944 Dei,
2048 907 2167 938 dilectis
2176 908 2252 948 filiis
2265 932 2271 938 .
2285 932 2292 938 .

1282 963 1427 1002 mqqistm
1442 967 1468 992 ct
1486 962 1640 1002 fratribus
1658 961 1817 1001 hospitalis
1829 972 1854 991 S.
1873 962 2015 998 Antonii,
2038 962 2215 991 Viennensis
2231 961 2294 992 dio-

1282 1016 1366 1052 cesis,
1385 1016 1513 1045 salutem
1538 1021 1564 1045 et
1585 1014 1784 1055 apostolicam
1803 1014 2050 1045 benedictionem.
2069 1014 2294 1054 Exigentibus

1282 1070 1391 1099 vestre
1407 1069 1598 1099 devotionis
1607 1087 1640 1091 —-
1651 1093 1657 1099 .
1669 1069 1802 1100 Vestris
1814 1069 1918 1108 igitur
1928 1067 2236 1107 supplicationibus
2247 1068 2295 1098 in-

1281 1122 1409 1158 clinati,
1428 1122 1629 1152 auctoritate
1643 1122 1852 1161 presentium
1869 1121 2063 1152 inhibemus
2083 1130 2123 1152 ne
2142 1121 2218 1160 quis
2233 1130 2294 1160 pro

1280 1184 1318 1206 eo
1337 1175 1427 1214 qnod
1444 1175 1477 1205 in
1496 1175 1654 1206 oratoriis
1668 1183 1728 1206 seu
1747 1175 1888 1214 capellis
1910 1183 1974 1214 qne
1995 1175 2029 1205 in
2049 1175 2200 1214 grangiis
2218 1183 2293 1205 ves-

1280 1228 1343 1259 tris
1361 1228 1505 1263 habetis,
1526 1228 1696 1259 interdum
1715 1228 1821 1267 aliqui
1837 1229 1988 1259 vestrum
2012 1227 2196 1264 celebrant,
2217 1236 2292 1267 pro-

1280 1282 1484 1316 curationes,
1510 1290 1574 1320 que
1596 1282 1725 1311 ratione
1744 1281 1952 1312 visitationis
1972 1280 2146 1317 debentur,
2163 1289 2182 1311 a
2197 1280 2295 1311 vobis

1280 1334 1415 1373 exigere
1432 1334 1486 1364 vel
1504 1336 1706 1373 extorquere
1730 1335 1917 1373 presumat,
1937 1334 1967 1364 si
1991 1334 2057 1364 alia
2075 1343 2176 1365 causa
2193 1334 2294 1364 ratio-

1279 1387 1404 1417 nabilis
1420 1387 1556 1426 petendi
1574 1389 1605 1418 et
1623 1387 1807 1426 recipiendi
1823 1388 2081 1426 procurationes
2098 1387 2293 1426 hujusmodi

1278 1449 1344 1471 non
1364 1440 1540 1471 subsistat.
1562 1440 1658 1471 Nulli
1675 1449 1754 1479 ergo
1770 1458 1820 1469 ——.
1839 1440 1876 1472 Si
1897 1440 1975 1479 quis
1992 1458 2043 1469 —.
2062 1440 2187 1471 Datum
2204 1440 2294 1479 apud

1280 1494 1569 1530 Urbemveterem,
1591 1503 1612 1524 11
1633 1502 1739 1524 nonas
1759 1493 1934 1528 februarii,
1953 1494 2168 1533 pontificatus
2185 1493 2294 1524 nostri

1280 1556 1366 1578 anno
1382 1547 1480 1577 tertio
1501 1548 1522 1576 ¹.
1541 1557 1555 1576 ι)

1371 1706 1468 1737 2979
1825 1703 1950 1735 omem,
1970 1704 2003 1731 13
2023 1704 2130 1731 sevrier
2145 1704 2223 1731 1204.

1314 1788 1452 1823 Episcopo
1477 1788 1595 1815 Reatino
1620 1788 1736 1814 mandat
1761 1787 1888 1815 inhibeat
1906 1788 2034 1815 Reatinis
2049 1788 2090 1823 [ne
2109 1787 2292 1823 capitaneum

1278 1837 1387 1872 eligant
1402 1837 1449 1872 qui
1471 1845 1571 1864 causas
1594 1836 1820 1872 appellationum
1843 1840 2009 1872 cognoscat.
2025 1837 2124 1872 (Anca.
2143 1838 2240 1864 Cim.
2258 1845 2294 1864 nr:

1280 1888 1370 1913 ltrnrr.
1389 1895 1406 1913 A
1424 1887 1450 1920 8,
1468 1886 1503 1913 rb
1519 1892 1551 1913 n⁰
1567 1887 1607 1920 8.)

1320 1995 1334 2015 (ι
1351 1985 1490 2015 Urbanus
1504 1985 1672 2024 episcopus,
1688 1994 1790 2014 servus
1802 1994 1955 2014 seruorum
1972 1984 2037 2021 Dei,
2050 1985 2217 2015 venerabili
2225 1986 2291 2024 sra-

1279 2039 1320 2068 tri
1339 2062 1365 2068 ..
1385 2039 1526 2078 episcopo
1546 2038 1684 2074 Reatino,
1699 2037 1824 2067 salutem
1848 2043 1874 2067 et
1896 2037 2094 2077 apostolicam
2112 2038 2292 2069 benedictio-

1278 2101 1353 2121 nem.
1364 2091 1602 2121 Intelleximus
1617 2093 1647 2121 et
1658 2091 1822 2121 miramur
1834 2091 1934 2130 quod,
1946 2099 2020 2121 cum
2033 2091 2066 2121 in
2082 2092 2291 2123 Patrimonio

1279 2145 1310 2174 et
1322 2145 1444 2175 ducatu
1462 2144 1606 2183 aliisque
1622 2144 1723 2174 terris
1737 2143 1878 2174 ecclesie
1895 2144 2046 2175 Romane
2062 2145 2291 2184 cognitionem

1278 2206 1455 2228 causarum
1469 2197 1733 2236 appellationum
1752 2197 1792 2227 ad
1809 2197 2029 2236 apostolicam
2047 2198 2161 2228 sedem
2179 2200 2209 2228 et
2226 2207 2292 2229 rec-

1278 2252 1380 2285 tores,
1401 2258 1485 2289 quos
1504 2249 1630 2280 ibidem
1645 2249 1788 2280 ecclesia
1807 2250 1923 2280 eadem
1938 2250 2069 2285 statuit,
2088 2259 2154 2281 non
2173 2252 2215 2281 sit
2233 2252 2292 2282 du-

1277 2303 1370 2333 bium
1402 2302 1596 2341 specialiter
1629 2303 1809 2341 pertinere,
1837 2303 2018 2333 consilinm
2048 2305 2081 2334 et
2112 2312 2290 2335 commune

1277 2356 1469 2391 Reatinum,
1488 2357 1603 2386 contra
1620 2355 1855 2386 inhibitionem
1874 2357 1904 2386 et
1924 2358 2118 2395 preceptum
2136 2359 2290 2388 nostrum

1276 2413 1403 2440 temere
1419 2409 1607 2446 venientes,
1624 2409 1837 2448 capitaneum
1852 2408 1918 2439 sibi
1937 2417 1996 2439 seu
2009 2409 2159 2448 judicem
2175 2410 2217 2440 ad
2232 2410 2290 2440 hu-

1272 2463 1419 2502 jusmodi
1441 2471 1561 2493 causas
1582 2470 1689 2501 nuper
1704 2462 1829 2501 eligere
1844 2464 2137 2501 presumpserunt,
2159 2463 2193 2493 in
2212 2472 2290 2494 con-

1275 2518 1442 2555 temptum
1468 2518 1622 2546 nostrum
1644 2517 1673 2546 et
1694 2515 1845 2555 ejusdcm
1864 2515 1956 2546 sedis
1975 2516 2201 2556 prejudicium
2221 2525 2290 2548 ma—

1276 2569 1448 2600 nifestum.
1463 2569 1609 2608 Ideoque
1624 2569 1828 2600 fraternitati
1844 2570 1900 2600 tue
1913 2569 1947 2599 in
1958 2569 2083 2600 virtute
2099 2569 2289 2601 obedientie

1276 2631 1334 2661 per
1360 2623 1544 2661 apostolica
1566 2622 1691 2662 scripta
1713 2622 1918 2653 mandamus
1941 2623 2109 2662 quatenus
2128 2622 2289 2662 potestati

1275 2675 1417 2706 Reatino
1445 2684 1483 2706 ac
1507 2675 1649 2706 consilio
1676 2677 1708 2706 et
1734 2675 1905 2706 communi
1932 2675 2096 2714 predictis
2124 2684 2166 2706 ex
2191 2677 2288 2715 parte

1275 2730 1391 2759 nostra
1407 2729 1597 2759 districtius
1617 2729 1786 2768 precipias
1802 2730 1839 2759 ut
1857 2728 2051 2768 hujusmodi
2074 2728 2288 2768 capitaneum

1275 2782 1489 2821 seujudicem
1505 2783 1654 2821 recipere
1667 2783 1723 2812 aut
1737 2782 1886 2821 aliquem
1901 2789 1961 2812 seu
1973 2781 2108 2820 aliquos
2119 2781 2159 2812 de
2176 2784 2287 2813 cetero

1275 2835 1316 2866 ad
1328 2835 1521 2875 hujusmodi
1535 2836 1683 2866 osticium
1697 2835 1821 2875 eligere
1835 2843 1894 2866 seu
1905 2842 2080 2865 assumere
2092 2843 2157 2866 non
2171 2843 2284 2874 presu—

1306 2933 1328 2956 1.
1351 2932 1433 2958 Bulle
1450 2934 1566 2957 retenue
1583 2940 1635 2964 par
1651 2933 1700 2957 des
1718 2932 1778 2957 lacs
1795 2932 1828 2957 dc
1844 2932 1903 2957 soie
1920 2937 2008 2963 rouge
2029 2932 2055 2956 et
2076 2927 2174 2963 jaune.
2191 2931 2245 2956 Sur
2260 2930 2286 2956 le

1273 2976 1313 3008 pli
1330 2982 1335 3002 ἰ
1351 2977 1407 3002 Jac.
1424 2977 1564 3002 Romanus.
