2519 3262
230 211 288 240 256

232 295 420 329 assecutus,
440 290 640 322 beneficium
662 285 931 318 ecclesiasticum
951 284 980 314 si
995 283 1083 322 quod
1102 281 1239 313 haberet

231 351 263 379 et
293 347 382 387 quod
398 355 438 376 ex
468 347 547 375 tunc
570 349 689 372 vacare
719 337 1103 374 dece1·ni1nuS‚omnino
1128 335 1239 366 dimit-

229 402 277 433 tat
291 417 339 429 —.
357 400 478 430 Datum
497 396 584 436 apud
601 394 892 426 Urbemveterem,
906 399 950 421 xv
962 389 1126 420 kalendas
1146 389 1237 424 maii²

233 463 319 485 anno
334 453 444 484 tertio.
463 460 480 480 »

813 619 937 650 Orvicto,
955 619 988 646 15
1002 618 1073 645 avril
1092 617 1167 644 1202.

324 628 420 659 167ss

266 711 431 746 Praeposito
448 712 473 736 et
487 708 612 743 capitulo
625 706 762 734 ecclesiae
776 704 969 735 Novi-Casiri,
981 702 1172 729 Lausanensis
1182 701 1241 728 dio-

230 761 313 788 cesis.
334 761 369 787 ad
387 767 486 786 corum
503 757 684 787 instantiam,
705 755 822 782 mandat
839 756 869 781 ut
884 753 1002 780 Petrum
1022 752 1171 784 clericum,
1193 760 1241 777 na-

229 811 289 835 tum
313 807 387 835 Petri
411 807 479 834 dieti
501 806 534 833 (le
557 803 786 838 Vaulma1·tys‚i11
807 810 906 829 corum
927 800 1154 828 concanonicum
1169 799 1241 826 reci-

230 858 320 892 piant.
342 857 420 892 (Res.
443 858 486 888 29,
508 854 556 881 fol.
574 855 635 887 167,
655 858 686 879 n⁰
701 852 774 887 720.)

270 975 286 995 «
301 963 462 1003 Preposito
476 967 504 992 el
521 960 658 1001 capitulo
675 958 793 989 ecclesie
807 957 888 987 Novi
908 957 1021 993 castri,
1039 955 1241 986 Lausanensis

230 1017 368 1048 diocesis.
386 1017 449 1046 Per
470 1016 601 1045 vestras
622 1013 719 1044 nobis
737 1029 784 1040 —.
804 1012 929 1042 Datum
951 1010 1039 1049 apud
1058 1009 1242 1040 Urbemve-

230 1072 349 1106 terem,
368 1079 437 1100 xvn
458 1068 620 1099 Kalendas
639 1066 731 1101 maii,
749 1074 835 1096 anno
852 1063 965 1095 tertio
985 1073 1000 1092 »

820 1246 944 1277 Orvicto,
962 1246 991 1272 11
1014 1245 1072 1272 mai
1089 1244 1167 1272 1204.

323 1254 418 1286 1877

268 1336 371 1363 Abbati
397 1344 418 1361 s.
447 1333 563 1361 Auberti
587 1331 803 1359 Cameracensis
822 1331 940 1358 mandat
958 1333 998 1361 ut,
1017 1330 1051 1356 ab
1069 1329 1190 1356 chrico
1209 1329 1243 1355 de

234 1386 297 1417 Los,
307 1384 444 1411 canonico
454 1381 615 1413 Lcodionsi,
625 1381 811 1408 canonicatus
823 1382 850 1406 et
859 1379 1037 1414 praebendae
1047 1378 1243 1412 resignatione

232 1436 357 1468 recepta,
375 1433 490 1460 eosdem
500 1431 702 1458 canonicatum
713 1432 740 1456 ct
755 1430 947 1463 praebendam
957 1428 1081 1455 Gerardo
1096 1428 1130 1453 de
1147 1426 1243 1458 Linea,

233 1483 380 1517 capellano
401 1480 570 1515 apostolico,
596 1479 734 1506 conferat.
762 1479 845 1512 (REG.
862 1479 906 1511 29,
929 1478 977 1503 sol.
1001 1477 1048 1504 107
1067 1482 1106 1510 νῦ,
1124 1480 1155 1502 n⁰
1171 1477 1244 1510 727.)

273 1604 288 1624 «
304 1592 414 1623 Abbati
432 1602 455 1622 s.
476 1590 607 1621 Auberli
623 1589 859 1620 Cameracensis.
880 1588 932 1618 Ad
948 1587 1154 1618 audientiam
1172 1595 1245 1616 nos-

233 1649 319 1678 tram
345 1664 394 1675 —.
420 1646 545 1675 Datum
574 1643 663 1683 apud
689 1643 976 1677 Urbemveterem,
1000 1650 1019 1669 v
1049 1640 1125 1670 idus
1151 1639 1245 1677 maii,

236 1708 322 1730 anno
340 1699 451 1730 tertio.
472 1708 486 1727 »

832 1867 957 1899 Orvieto,
976 1867 1008 1893 lo
1023 1866 1082 1892 mai
1098 1865 1173 1892 1204.

328 1873 424 1904 1678

271 1957 360 1983 l'riori
387 1957 419 1982 de
443 1956 632 1987 lionam-anto,
657 1952 827 1980 Arborensis
844 1951 979 1981 diocesis,
996 1951 1115 1977 mandat
1141 1953 1182 1981 ut,
1200 1949 1249 1975 ob-

237 2008 317 2033 tentu
333 2005 462 2031 Andreae
476 2004 509 2030 de
528 2002 661 2033 Lavania,
674 2002 786 2036 nepotis
803 2000 960 2027 innocentii
977 2008 1066 2034 papae
1081 1999 1139 2030 1111,
1154 1997 1247 2032 capel-

238 2054 294 2081 lani
307 2052 468 2088 apostolici,
486 2053 599 2081 liccem,
616 2050 758 2081 canonico
771 2050 909 2077 ccclesiae
926 2047 1105 2075 Arboreus-is,
1119 2047 1247 2082 ejusdem

237 2104 368 2130 Andreae
389 2102 505 2129 clerieo,
522 2102 555 2127 de
578 2101 673 2135 aliquo
692 2099 841 2132 beneficio,
857 2106 922 2125 cmn
941 2106 1009 2124 cura
1033 2097 1076 2123 vel
1092 2096 1152 2122 sine
1169 2103 1247 2125 cura,

237 2153 272 2179 ad
288 2152 492 2187 cujuscumque
506 2150 689 2177 collationem
711 2150 870 2183 spectante,
893 2154 981 2181 usque
1002 2147 1037 2172 ad
1056 2145 1182 2172 valorem
1199 2152 1248 2170 an-

238 2210 327 2228 nuum
355 2201 454 2227 decem
482 2200 623 2226 librarum
645 2196 845 2228 Jannensium,
868 2196 896 2223 in
918 2195 1034 2222 civitate
1061 2194 1104 2220 vel
1142 2193 1248 2220 diocesi

237 2249 422 2280 cisasclensi,
442 2247 599 2283 provideat.
616 2248 695 2282 (nen.
712 2247 756 2276 ⁴29,
774 2245 821 2272 sol.
839 2245 889 2272 167
906 2250 944 2277 ν’,
960 2250 989 2270 11⁰
1002 2243 1076 2278 728.)

278 2370 294 2390 «
312 2359 416 2389 Priori
440 2357 476 2388 de
494 2357 702 2391 Bonarcanto,
719 2354 901 2384 Arhorensis
920 2352 1058 2382 diocesis.
1083 2351 1249 2381 Inducunt

240 2421 301 2444 nos
319 2412 432 2443 dilecti
452 2428 499 2440 —.
521 2410 646 2441 Datum
673 2408 760 2448 apud
786 2407 1077 2440 Urbemveterem,
1104 2413 1173 2434 xvii
1193 2404 1250 2434 ka-

239 2466 355 2496 lendas
371 2464 471 2504 junii,
494 2471 580 2494 anno
598 2462 709 2493 tertio.
730 2471 745 2490 »

335 2645 429 2675 1679
813 2639 937 2671 Orvieto,
953 2639 987 2666 29
1005 2637 1077 2665 avril
1098 2637 1176 2664 1204.

277 2729 388 2754 Decano
401 2725 540 2753 ecclesiae
552 2724 733 2756 Xanctensis,
747 2723 925 2751 coloniensis
939 2721 1072 2753 diocesis,
1086 2721 1205 2748 mandat
1222 2723 1252 2747 ut

243 2775 459 2806 'l'heodoricum‚
477 2773 586 2801 dictum
603 2773 636 2800 de
650 2774 744 2806 Burse,
762 2772 790 2799 in
815 2771 939 2799 eeclesia
955 2769 1164 2800 Aldenselensi,
1183 2769 1250 2795 Tra-

239 2823 379 2859 jectensis
403 2823 535 2853 diocesis,
562 2823 589 2849 in
607 2821 778 2849 canonicum
803 2820 891 2855 recipi
909 2819 1005 2848 faciat.
1023 2819 1101 2853 (Rau.
1132 2819 1176 2849 29,
1199 2818 1250 2845 t'ol.

247 2873 293 2900 107
312 2876 352 2906 vo,
366 2876 397 2898 n0
411 2873 487 2906 729.)

982 195 1225 229 REGISTRES
1252 195 1465 226 D’URBAIN
1495 195 1554 225 IV.

1337 291 1352 310 «
1372 280 1491 310 Decano
1512 279 1633 310 ecclesie
1657 280 1848 312 Xanctensis,
1875 278 2069 309 Coloniensis
2098 279 2237 310 diocesis.
2256 281 2311 311 Di-

1297 334 1405 364 lectus
1439 334 1531 364 filius
1559 333 1803 369 Theodoricus,
1835 333 1946 363 dictus
1985 332 2022 363 de
2061 333 2170 370 Burse,
2201 335 2311 364 rector

1298 388 1439 418 ecclesie
1472 387 1511 417 de
1541 387 1767 426 Suagesdorp,
1794 386 2070 426 Osnaburgensis
2095 386 2254 421 diocesis,
2276 387 2312 417 in

1297 442 1411 471 nostra
1430 441 1605 479 proposuit
1625 440 1796 478 presentia
1812 439 2018 470 constitutus
2036 439 2126 478 quod
2141 439 2215 478 ipse
2235 447 2312 470 ean-

1297 494 1371 523 dem
1387 493 1577 527 ecclesiam,
1594 501 1652 531 pro
1671 501 1709 522 eo
1724 492 1812 531 quod
1822 492 2048 531 personaliter
2061 493 2094 522 in
2107 501 2145 522 ea
2162 492 2312 523 residere

1298 555 1363 576 non
1382 548 1491 585 potest
1507 548 1537 576 et
1555 546 1640 576 alias
1657 548 1705 576 est
1722 546 1766 575 ita
1782 545 1895 575 tenuis
1913 545 1946 575 in
1960 545 2150 576 redditibus
2168 545 2257 584 quod
2270 545 2311 575 de

1300 599 1385 638 ipsis
1410 599 1583 629 commode
1599 598 1784 628 sustentari
1807 606 1871 628 non
1898 599 2020 636 potest,
2039 597 2310 633 intenditlilmre

1298 653 1483 691 resignare.
1509 652 1620 687 Quare
1638 651 1810 690 predictus
1834 651 1893 681 Th.
1914 650 2012 681 nobis
2033 650 2209 681 humiliter
2233 659 2313 690 sup-

1298 706 1435 744 plicavit
1452 708 1499 741 ut,
1519 714 1593 735 cum
1610 705 1740 734 nullum
1762 705 1805 734 sit
1820 704 1912 734 aliud
1932 704 2200 734 ecclesiasticum
2214 703 2312 734 hene-

1298 759 1411 789 ficium
1435 761 1623 792 assecutus,
1651 758 1715 788 sibi
1745 758 1916 797 provideri
1934 757 1974 787 de
1991 757 2058 788 alio
2080 757 2311 787 ecclesiastico

1297 811 1460 843 beneficio
1489 812 1522 842 in
1550 812 1675 842 diocesi
1702 811 1922 849 Trajectensi‚
1944 810 1983 841 de
2003 819 2068 849 qua
2093 810 2191 840 duxit
2212 809 2312 849 origi-

1295 874 1386 908 nem,
1407 865 1674 895 misericorditer
1692 864 1943 894 mandaremus.
1966 864 2037 894 Nos
2056 863 2181 902 itaque,
2203 863 2313 902 ipsius

1299 918 1604 958 supplicationibus
1627 917 1794 953 inclinati,
1812 917 2009 947 discretioni
2026 919 2082 947 tue
2098 916 2312 952 mandamus,

1299 973 1470 1011 quatinus,
1486 973 1514 1002 si
1529 974 1579 1002 est
1596 972 1654 1006 ita,
1668 971 1855 1010 predictum
1873 970 1948 1007 Th„
1963 979 2062 1009 quem
2079 979 2138 1009 per
2154 969 2316 1000 dilectum

1299 1025 1407 1056 filium
1434 1025 1635 1064 magistrum
1660 1025 1711 1061 P„
1740 1024 2014 1054 archidiaconum
2037 1023 2250 1054 Broliensem
2281 1023 2316 1052 in

1299 1079 1443 1110 ecclesia
1469 1079 1674 1118 Agennensi,
1695 1079 1826 1108 socium
1849 1077 1963 1107 dilecti
1990 1077 2053 1107 filii
2077 1076 2232 1115 magistri
2253 1075 2316 1106 Mi-

1300 1132 1438 1169 chaelis,
1467 1135 1580 1162 sancte
1597 1132 1749 1163 Romane
1773 1131 1914 1161 ecclesie
1938 1129 2218 1165 vicecancellarii,
2240 1137 2314 1159 exa-

1300 1185 1424 1216 minari
1446 1185 1589 1215 fecimus
1607 1184 1628 1219 ¹,
1651 1185 1777 1223 quique
1795 1184 1918 1214 dicitur
1941 1183 1975 1214 in
1992 1183 2186 1213 litteratura
2204 1190 2316 1221 reper-

1300 1240 1356 1269 tus
1368 1239 1597 1277 competenter
1611 1238 1764 1277 ydoneus
1781 1238 1821 1267 ad
1833 1237 2103 1267 ecclesiasticum
2115 1235 2317 1266 beneficium

1301 1291 1533 1327 obtinendum,
1547 1291 1580 1321 in
1597 1291 1739 1321 ecclesia
1753 1290 2002 1324 Aldenselensi,
2021 1289 2171 1328 ejusdem
2186 1289 2320 1327 Trajec·

1302 1345 1409 1375 tensis
1439 1345 1596 1379 diocesis,
1623 1344 1806 1374 dummodo
1824 1344 1858 1373 in
1878 1352 1916 1373 ea
1945 1352 2004 1382 pro
2032 1342 2098 1372 alio
2123 1342 2318 1381 specialiter

1302 1407 1368 1429 non
1394 1398 1622 1428 direxerimus
1644 1397 1772 1436 scripta
1796 1398 1923 1433 nostra,
1940 1405 1999 1435 per
2015 1398 2047 1426 te
2068 1395 2122 1426 vel
2139 1404 2198 1434 per
2212 1395 2318 1425 alium

1302 1452 1407 1490 recipi
1434 1452 1561 1481 faciens
1580 1451 1614 1481 in
1633 1451 1832 1481 canonicum
1852 1451 1883 1480 et
1902 1450 1936 1479 in
1962 1449 2114 1484 fratrem,
2138 1449 2169 1479 ei
2186 1448 2227 1479 de
2243 1456 2316 1487 pre·

1302 1505 1423 1541 benda,
1441 1505 1469 1535 si
1496 1513 1562 1544 qua
1580 1504 1705 1534 ibidem
1724 1505 1820 1534 vacat
1843 1503 1884 1534 ad
1901 1511 2042 1542 presens
2059 1502 2113 1533 vel
2134 1510 2235 1541 quam
2252 1501 2317 1541 pri-

1303 1567 1395 1589 mum
1412 1558 1454 1588 ad
1473 1558 1507 1588 id
1526 1567 1561 1588 se
1582 1557 1725 1588 facultas
1747 1557 1920 1591 obtulerit,
1938 1557 2116 1595 providere
2142 1562 2316 1594 procures.

1302 1612 1378 1642 Non
1411 1610 1578 1641 obstante.
1609 1627 1658 1638 —.
1691 1609 1964 1640 Contradictores
1989 1611 2052 1639 etc.
2088 1616 2209 1647 usque,
2228 1616 2315 1638 com-

1303 1664 1482 1703 pescendo.
1501 1664 1670 1694 Volamus
1685 1665 1797 1693 autem
1809 1663 1898 1702 quod
1910 1662 2084 1701 predictus
2097 1661 2158 1692 Th.
2176 1660 2318 1691 eandem

1304 1718 1484 1749 ecclesiam
1519 1718 1553 1747 in
1587 1717 1811 1756 Suagesdorp,
1842 1724 1944 1755 quam
1975 1715 2105 1746 obtinet
2134 1722 2316 1754 quamque,

1306 1772 1486 1811 postquam
1505 1770 1711 1809 prebendam
1728 1770 1761 1799 in
1773 1769 1905 1808 prefata
1919 1768 2064 1799 ecclesia
2078 1767 2319 1798 Aldenselensi

1306 1825 1409 1855 fuerit
1452 1824 1640 1859 assecutus,
1672 1831 1792 1853 vacare
1823 1823 1982 1853 volumus
2015 1823 2150 1858 extunc,
2182 1820 2319 1852 omnino

1306 1878 1465 1908 dimittat,
1501 1878 1626 1908 Datum
1649 1877 1736 1915 apud
1768 1875 2056 1910 Urbemveterem,
2086 1884 2123 1904 ιιι
2152 1874 2317 1905 kalendas

1307 1931 1401 1967 maii,
1421 1939 1508 1960 anno
1523 1930 1633 1960 tertio,
1659 1941 1672 1957 »

1397 2125 1493 2156 ¹680
1866 2121 1991 2154 tux-icto,
2013 2123 2042 2149 12
2058 2121 2153 2156 juillet
2172 2121 2248 2148 1265.

1342 2207 1563 2242 Arrhirpiscopo
1581 2206 1716 2241 ispalensi
1733 2207 1851 2233 mandat
1865 2208 1895 2233 ut
1914 2206 2069 2232 Martinum
2084 2205 2236 2237 Dominici,
2255 2213 2323 2232 can-

1306 2259 1398 2283 torem
1427 2257 1630 2283 Gicnnensem.
1655 2256 1793 2282 clericum
1818 2255 1894 2290 regis
1914 2255 2070 2289 Castellae,
2096 2255 2124 2281 in
2150 2255 2321 2282 canonicum

1307 2305 1535 2332 mansionarium
1560 2304 1715 2340 ispalensis
1742 2304 1881 2331 ecclcsiae
1912 2304 1999 2338 recipi
2032 2304 2128 2331 faciat.
2161 2304 2244 2339 (Rso.
2276 2303 2321 2335 29,

1307 2355 1357 2381 sol.
1379 2355 1438 2385 16⁸,
1460 2360 1489 2380 11⁰
1505 2354 1582 2385 730.)

1347 2475 1362 2494 «
1393 2464 1634 2503 Areliiepiscopo
1658 2462 1818 2503 lspalensa'.
1853 2463 2021 2503 Exposuit
2051 2462 2150 2494 nobis
2177 2463 2323 2494 dilectus

1308 2518 1400 2549 filius
1423 2518 1591 2548 Martinus
1609 2517 1790 2549 Dominici.
1811 2518 1926 2547 cantor
1939 2516 2157 2552 Giennensis,
2175 2516 2320 2547 clericus

1308 2571 1483 2601 karissimi
1502 2571 1535 2601 in
1554 2570 1688 2601 Christo
1711 2570 1772 2600 filii
1795 2570 1903 2600 nostri
1923 2593 1928 2599 .
1946 2593 1953 2599 .
1974 2569 2121 2600 illustris
2135 2570 2226 2609 regis
2243 2569 2320 2600 Cas-

1308 2625 1387 2655 telle
1413 2626 1443 2655 et
1470 2624 1641 2664 Legionis,
1669 2623 1865 2663 capellanus
1885 2623 1999 2654 dilecti
2030 2623 2092 2653 filii
2121 2623 2248 2654 nostris
2276 2623 2322 2659 J.,

1308 2679 1422 2709 sancte
1440 2678 1544 2708 Marie
1562 2678 1594 2707 in
1610 2677 1786 2708 Cosmidin
1799 2677 1931 2707 diaconi
1951 2676 2147 2714 cardinaliS,
2168 2675 2268 2716 quod,
2283 2684 2322 2707 eo

1308 2731 1520 2770 supplicante
1539 2730 1636 2761 nobis
1654 2732 1688 2760 ut
1706 2730 1942 2761 canonicatum
1959 2731 1990 2761 et
2006 2729 2214 2769 prebendam
2237 2737 2322 2769 quos

1342 2851 1362 2873 t.
1377 2849 1418 2874 En
1443 2856 1556 2879 margo:
1574 2849 1641 2873 Bene
1657 2851 1758 2875 canica,
1775 2848 1834 2872 bene
1852 2847 1925 2879 1091'1.
1944 2847 2005 2871 bene
2020 2847 2142 2872 latinizat
2156 2848 2179 2871 e!
2195 2848 2324 2872 conseruit

1307 2895 1490 2926 competenter.
1507 2902 1520 2916 υ
