<?xml version="1.0" encoding="UTF-8"?>
<!DOCTYPE html PUBLIC "-//W3C//DTD XHTML 1.0 Transitional//EN"
    "http://www.w3.org/TR/xhtml1/DTD/xhtml1-transitional.dtd">
<html xmlns="http://www.w3.org/1999/xhtml" xml:lang="en" lang="en">
 <head>
  <title>
</title>
<meta http-equiv="Content-Type" content="text/html;charset=utf-8" />
  <meta name='ocr-system' content='tesseract 3.04.00' />
  <meta name='ocr-capabilities' content='ocr_page ocr_carea ocr_par ocr_line ocrx_word'/>
</head>
<body>
  <div class='ocr_page' id='page_1' title='image "./lesregistresdurb34cath/lesregistresdurb34cath_0182.png"; bbox 0 0 2519 3262; ppageno 0'>
   <div class='ocr_carea' id='block_1_1' title="bbox 183 218 241 246">
    <p class='ocr_par' dir='ltr' id='par_1_1' title="bbox 183 218 241 246">
     <span class='ocr_line' id='line_1_1' title="bbox 183 218 241 246; baseline -0.017 0"><span class='ocrx_word' id='word_1_1' title='bbox 183 218 241 246; x_wconf 79' lang='lat'>144</span> 
     </span>
    </p>
   </div>
   <div class='ocr_carea' id='block_1_2' title="bbox 179 287 1205 2818">
    <p class='ocr_par' dir='ltr' id='par_1_2' title="bbox 179 287 1205 2818">
     <span class='ocr_line' id='line_1_2' title="bbox 179 287 1190 330; baseline -0.013 -2"><span class='ocrx_word' id='word_1_2' title='bbox 179 297 362 328; x_wconf 86' lang='lat' dir='ltr'>cardinalis</span> <span class='ocrx_word' id='word_1_3' title='bbox 391 304 473 325; x_wconf 89' lang='lat' dir='ltr'>usus</span> <span class='ocrx_word' id='word_1_4' title='bbox 503 294 624 328; x_wconf 83' lang='lat' dir='ltr'>fuerat,</span> <span class='ocrx_word' id='word_1_5' title='bbox 658 292 745 322; x_wconf 88' lang='lat' dir='ltr'>dicto</span> <span class='ocrx_word' id='word_1_6' title='bbox 779 290 1017 330; x_wconf 81' lang='lat' dir='ltr'><strong>predecessore</strong></span> <span class='ocrx_word' id='word_1_7' title='bbox 1046 287 1190 317; x_wconf 82' lang='lat' dir='ltr'>vivente.</span> 
     </span>
     <span class='ocr_line' id='line_1_3' title="bbox 181 343 1193 387; baseline -0.012 -6"><span class='ocrx_word' id='word_1_8' title='bbox 181 351 300 385; x_wconf 87' lang='lat' dir='ltr'>Porro,</span> <span class='ocrx_word' id='word_1_9' title='bbox 328 349 520 387; x_wconf 81' lang='lat' dir='ltr'>receptione</span> <span class='ocrx_word' id='word_1_10' title='bbox 551 345 745 385; x_wconf 87' lang='lat' dir='ltr'>hujusmodi</span> <span class='ocrx_word' id='word_1_11' title='bbox 779 343 859 374; x_wconf 89' lang='lat' dir='ltr'>dicti</span> <span class='ocrx_word' id='word_1_12' title='bbox 890 343 931 373; x_wconf 86' lang='lat' dir='ltr'>N.</span> <span class='ocrx_word' id='word_1_13' title='bbox 960 343 1103 376; x_wconf 87' lang='lat' dir='ltr'>cassata,</span> <span class='ocrx_word' id='word_1_14' title='bbox 1134 348 1193 378; x_wconf 88' lang='lat' dir='ltr'>per</span> 
     </span>
     <span class='ocr_line' id='line_1_4' title="bbox 180 393 1193 440; baseline -0.013 -6"><span class='ocrx_word' id='word_1_15' title='bbox 180 402 460 434; x_wconf 58' lang='lat' dir='ltr'>constitutionem</span> <span class='ocrx_word' id='word_1_16' title='bbox 495 400 550 440; x_wconf 90' lang='lat' dir='ltr'>pie</span> <span class='ocrx_word' id='word_1_17' title='bbox 582 397 825 429; x_wconf 79' lang='lat' dir='ltr'>recordationis</span> <span class='ocrx_word' id='word_1_18' title='bbox 855 394 1053 429; x_wconf 74' lang='lat' dir='ltr'>Alexandri,</span> <span class='ocrx_word' id='word_1_19' title='bbox 1078 393 1193 431; x_wconf 89' lang='lat' dir='ltr'>prede-</span> 
     </span>
     <span class='ocr_line' id='line_1_5' title="bbox 182 447 1193 492; baseline -0.013 -5"><span class='ocrx_word' id='word_1_20' title='bbox 182 456 330 487; x_wconf 82' lang='lat' dir='ltr'>cessoris</span> <span class='ocrx_word' id='word_1_21' title='bbox 355 454 475 490; x_wconf 81' lang='lat' dir='ltr'><strong>nostri,</strong></span> <span class='ocrx_word' id='word_1_22' title='bbox 497 462 557 492; x_wconf 91' lang='lat' dir='ltr'>per</span> <span class='ocrx_word' id='word_1_23' title='bbox 583 461 683 491; x_wconf 88' lang='lat' dir='ltr'>quam</span> <span class='ocrx_word' id='word_1_24' title='bbox 714 449 923 489; x_wconf 85' lang='lat' dir='ltr'>receptiones</span> <span class='ocrx_word' id='word_1_25' title='bbox 955 447 1193 477; x_wconf 81' lang='lat' dir='ltr'>canonicorum</span> 
     </span>
     <span class='ocr_line' id='line_1_6' title="bbox 183 499 1193 549; baseline -0.013 -9"><span class='ocrx_word' id='word_1_26' title='bbox 183 509 372 549; x_wconf 87' lang='lat' dir='ltr'>prebendas</span> <span class='ocrx_word' id='word_1_27' title='bbox 389 506 641 545; x_wconf 80' lang='lat' dir='ltr'>expectantium</span> <span class='ocrx_word' id='word_1_28' title='bbox 665 505 841 534; x_wconf 87' lang='lat' dir='ltr'>vacaturas</span> <span class='ocrx_word' id='word_1_29' title='bbox 865 502 968 531; x_wconf 78' lang='lat' dir='ltr'>factas</span> <span class='ocrx_word' id='word_1_30' title='bbox 988 501 1022 529; x_wconf 89' lang='lat' dir='ltr'>in</span> <span class='ocrx_word' id='word_1_31' title='bbox 1040 499 1193 529; x_wconf 82' lang='lat' dir='ltr'>ecclesiis</span> 
     </span>
     <span class='ocr_line' id='line_1_7' title="bbox 183 552 1193 602; baseline -0.013 -9"><span class='ocrx_word' id='word_1_32' title='bbox 183 562 384 602; x_wconf 86' lang='lat' dir='ltr'>quibusdam</span> <span class='ocrx_word' id='word_1_33' title='bbox 409 559 572 597; x_wconf 80' lang='lat' dir='ltr'>exceptis,</span> <span class='ocrx_word' id='word_1_34' title='bbox 601 556 749 587; x_wconf 87' lang='lat' dir='ltr'>decrevit</span> <span class='ocrx_word' id='word_1_35' title='bbox 774 556 888 586; x_wconf 89' lang='lat' dir='ltr'>irritas</span> <span class='ocrx_word' id='word_1_36' title='bbox 908 556 939 584; x_wconf 87' lang='lat' dir='ltr'>et</span> <span class='ocrx_word' id='word_1_37' title='bbox 958 554 1087 583; x_wconf 76' lang='lat' dir='ltr'>inanes,</span> <span class='ocrx_word' id='word_1_38' title='bbox 1106 552 1193 581; x_wconf 89' lang='lat' dir='ltr'>idem</span> 
     </span>
     <span class='ocr_line' id='line_1_8' title="bbox 183 604 1194 655; baseline -0.013 -9"><span class='ocrx_word' id='word_1_39' title='bbox 183 616 402 655; x_wconf 76' lang='lat' dir='ltr'>predecessor</span> <span class='ocrx_word' id='word_1_40' title='bbox 424 611 616 643; x_wconf 77' lang='lat' dir='ltr'>Alexander</span> <span class='ocrx_word' id='word_1_41' title='bbox 642 610 793 648; x_wconf 88' lang='lat' dir='ltr'>predicto</span> <span class='ocrx_word' id='word_1_42' title='bbox 821 607 1072 645; x_wconf 74' lang='lat' dir='ltr'>archiepiscopo</span> <span class='ocrx_word' id='word_1_43' title='bbox 1100 604 1194 635; x_wconf 85' lang='lat' dir='ltr'>resti-</span> 
     </span>
     <span class='ocr_line' id='line_1_9' title="bbox 186 658 1195 704; baseline -0.013 -4"><span class='ocrx_word' id='word_1_44' title='bbox 186 669 312 703; x_wconf 84' lang='lat' dir='ltr'>tuendi,</span> <span class='ocrx_word' id='word_1_45' title='bbox 344 668 372 697; x_wconf 89' lang='lat' dir='ltr'>si</span> <span class='ocrx_word' id='word_1_46' title='bbox 399 667 429 696; x_wconf 84' lang='lat' dir='ltr'>ei</span> <span class='ocrx_word' id='word_1_47' title='bbox 454 665 611 704; x_wconf 77' lang='lat' dir='ltr'>placeret,</span> <span class='ocrx_word' id='word_1_48' title='bbox 639 663 726 692; x_wconf 89' lang='lat' dir='ltr'>dicto</span> <span class='ocrx_word' id='word_1_49' title='bbox 751 662 793 692; x_wconf 91' lang='lat' dir='ltr'>N.</span> <span class='ocrx_word' id='word_1_50' title='bbox 822 660 1056 691; x_wconf 86' lang='lat' dir='ltr'>canonicatum</span> <span class='ocrx_word' id='word_1_51' title='bbox 1084 660 1115 688; x_wconf 91' lang='lat' dir='ltr'>et</span> <span class='ocrx_word' id='word_1_52' title='bbox 1139 658 1195 696; x_wconf 88' lang='lat' dir='ltr'>jus</span> 
     </span>
     <span class='ocr_line' id='line_1_10' title="bbox 184 711 1195 760; baseline -0.012 -8"><span class='ocrx_word' id='word_1_53' title='bbox 184 722 274 760; x_wconf 86' lang='lat' dir='ltr'>quod</span> <span class='ocrx_word' id='word_1_54' title='bbox 299 730 339 750; x_wconf 78' lang='lat' dir='ltr'>ex</span> <span class='ocrx_word' id='word_1_55' title='bbox 364 719 513 758; x_wconf 83' lang='lat' dir='ltr'>predicta</span> <span class='ocrx_word' id='word_1_56' title='bbox 540 715 732 754; x_wconf 78' lang='lat' dir='ltr'>receptione</span> <span class='ocrx_word' id='word_1_57' title='bbox 751 723 813 744; x_wconf 91' lang='lat' dir='ltr'>sua</span> <span class='ocrx_word' id='word_1_58' title='bbox 834 714 868 743; x_wconf 87' lang='lat' dir='ltr'>in</span> <span class='ocrx_word' id='word_1_59' title='bbox 890 713 978 743; x_wconf 87' lang='lat' dir='ltr'>dicta</span> <span class='ocrx_word' id='word_1_60' title='bbox 1000 711 1143 742; x_wconf 86' lang='lat' dir='ltr'>ecclesia</span> <span class='ocrx_word' id='word_1_61' title='bbox 1165 711 1195 741; x_wconf 93' lang='lat' dir='ltr'>ei</span> 
     </span>
     <span class='ocr_line' id='line_1_11' title="bbox 186 764 1196 811; baseline -0.011 -7"><span class='ocrx_word' id='word_1_62' title='bbox 186 775 294 804; x_wconf 76' lang='lat' dir='ltr'>fuerat</span> <span class='ocrx_word' id='word_1_63' title='bbox 309 772 524 811; x_wconf 82' lang='lat' dir='ltr'>acquisitum,</span> <span class='ocrx_word' id='word_1_64' title='bbox 537 770 583 799; x_wconf 90' lang='lat' dir='ltr'>ita</span> <span class='ocrx_word' id='word_1_65' title='bbox 598 768 698 808; x_wconf 85' lang='lat' dir='ltr'>quod,</span> <span class='ocrx_word' id='word_1_66' title='bbox 713 766 954 797; x_wconf 86' lang='lat' dir='ltr'>constitutione</span> <span class='ocrx_word' id='word_1_67' title='bbox 966 774 1032 795; x_wconf 92' lang='lat' dir='ltr'>non</span> <span class='ocrx_word' id='word_1_68' title='bbox 1042 764 1196 794; x_wconf 87' lang='lat' dir='ltr'>obstante</span> 
     </span>
     <span class='ocr_line' id='line_1_12' title="bbox 186 817 1197 865; baseline -0.01 -9"><span class='ocrx_word' id='word_1_69' title='bbox 186 826 346 865; x_wconf 76' lang='lat' dir='ltr'>predicta,</span> <span class='ocrx_word' id='word_1_70' title='bbox 376 834 436 863; x_wconf 90' lang='lat' dir='ltr'>pro</span> <span class='ocrx_word' id='word_1_71' title='bbox 455 822 615 853; x_wconf 89' lang='lat' dir='ltr'>canonico</span> <span class='ocrx_word' id='word_1_72' title='bbox 634 820 785 860; x_wconf 85' lang='lat' dir='ltr'>ejusdem</span> <span class='ocrx_word' id='word_1_73' title='bbox 810 819 950 849; x_wconf 74' lang='lat' dir='ltr'>ecclesie</span> <span class='ocrx_word' id='word_1_74' title='bbox 968 817 1148 847; x_wconf 79' lang='lat' dir='ltr'>haberetur</span> <span class='ocrx_word' id='word_1_75' title='bbox 1166 818 1197 846; x_wconf 84' lang='lat' dir='ltr'>et</span> 
     </span>
     <span class='ocr_line' id='line_1_13' title="bbox 186 870 1195 918; baseline -0.011 -9"><span class='ocrx_word' id='word_1_76' title='bbox 186 878 389 918; x_wconf 88' lang='lat' dir='ltr'>prebendam</span> <span class='ocrx_word' id='word_1_77' title='bbox 405 885 469 915; x_wconf 83' lang='lat' dir='ltr'>que</span> <span class='ocrx_word' id='word_1_78' title='bbox 484 875 562 909; x_wconf 79' lang='lat' dir='ltr'>sibi,</span> <span class='ocrx_word' id='word_1_79' title='bbox 581 874 609 903; x_wconf 93' lang='lat' dir='ltr'>si</span> <span class='ocrx_word' id='word_1_80' title='bbox 626 882 686 903; x_wconf 85' lang='lat' dir='ltr'>sua</span> <span class='ocrx_word' id='word_1_81' title='bbox 702 882 761 911; x_wconf 89' lang='lat' dir='ltr'>per</span> <span class='ocrx_word' id='word_1_82' title='bbox 777 872 901 902; x_wconf 86' lang='lat' dir='ltr'>dictam</span> <span class='ocrx_word' id='word_1_83' title='bbox 920 870 1195 901; x_wconf 80' lang='lat' dir='ltr'>constitutionem</span> 
     </span>
     <span class='ocr_line' id='line_1_14' title="bbox 186 924 1198 965; baseline -0.011 -3"><span class='ocrx_word' id='word_1_84' title='bbox 186 941 252 962; x_wconf 90' lang='lat' dir='ltr'>non</span> <span class='ocrx_word' id='word_1_85' title='bbox 274 931 394 961; x_wconf 78' lang='lat' dir='ltr'>fuisset</span> <span class='ocrx_word' id='word_1_86' title='bbox 412 930 544 959; x_wconf 88' lang='lat' dir='ltr'>cassata</span> <span class='ocrx_word' id='word_1_87' title='bbox 567 926 725 965; x_wconf 83' lang='lat' dir='ltr'>receptio,</span> <span class='ocrx_word' id='word_1_88' title='bbox 750 925 939 958; x_wconf 82' lang='lat' dir='ltr'>deberetur,</span> <span class='ocrx_word' id='word_1_89' title='bbox 959 924 1198 961; x_wconf 77' lang='lat' dir='ltr'>assequeretur</span> 
     </span>
     <span class='ocr_line' id='line_1_15' title="bbox 188 976 1199 1017; baseline -0.01 -3"><span class='ocrx_word' id='word_1_90' title='bbox 188 984 293 1015; x_wconf 88' lang='lat' dir='ltr'>libere</span> <span class='ocrx_word' id='word_1_91' title='bbox 308 986 339 1014; x_wconf 88' lang='lat' dir='ltr'>et</span> <span class='ocrx_word' id='word_1_92' title='bbox 353 983 501 1017; x_wconf 79' lang='lat' dir='ltr'>haberet,</span> <span class='ocrx_word' id='word_1_93' title='bbox 521 989 647 1010; x_wconf 84' lang='lat' dir='ltr'>necnon</span> <span class='ocrx_word' id='word_1_94' title='bbox 672 978 935 1009; x_wconf 75' lang='lat' dir='ltr'>contradictores</span> <span class='ocrx_word' id='word_1_95' title='bbox 952 985 1053 1015; x_wconf 90' lang='lat' dir='ltr'>super</span> <span class='ocrx_word' id='word_1_96' title='bbox 1066 976 1126 1005; x_wconf 98' lang='grc'><strong>1106</strong></span> <span class='ocrx_word' id='word_1_97' title='bbox 1140 984 1199 1013; x_wconf 92' lang='lat' dir='ltr'>per</span> 
     </span>
     <span class='ocr_line' id='line_1_16' title="bbox 188 1029 1199 1071; baseline -0.01 -4"><span class='ocrx_word' id='word_1_98' title='bbox 188 1034 649 1068; x_wconf 83' lang='lat' dir='ltr'>censuramecclesiasticam,</span> <span class='ocrx_word' id='word_1_99' title='bbox 664 1031 889 1071; x_wconf 79' lang='lat' dir='ltr'>appellatione</span> <span class='ocrx_word' id='word_1_100' title='bbox 902 1029 1199 1068; x_wconf 84' lang='lat' dir='ltr'>postposita,co1n-</span> 
     </span>
     <span class='ocr_line' id='line_1_17' title="bbox 188 1082 1199 1130; baseline -0.009 -11"><span class='ocrx_word' id='word_1_101' title='bbox 188 1090 360 1130; x_wconf 76' lang='lat' dir='ltr'>pescendi‚</span> <span class='ocrx_word' id='word_1_102' title='bbox 375 1088 609 1126; x_wconf 89' lang='lat' dir='ltr'>concessitper</span> <span class='ocrx_word' id='word_1_103' title='bbox 622 1094 701 1116; x_wconf 91' lang='lat' dir='ltr'>suas</span> <span class='ocrx_word' id='word_1_104' title='bbox 716 1086 848 1115; x_wconf 88' lang='lat' dir='ltr'>litteras</span> <span class='ocrx_word' id='word_1_105' title='bbox 862 1084 996 1122; x_wconf 83' lang='lat' dir='ltr'>plenam</span> <span class='ocrx_word' id='word_1_106' title='bbox 1009 1083 1040 1112; x_wconf 90' lang='grc'>61</span> <span class='ocrx_word' id='word_1_107' title='bbox 1056 1082 1199 1112; x_wconf 82' lang='lat' dir='ltr'>liberam</span> 
     </span>
     <span class='ocr_line' id='line_1_18' title="bbox 190 1135 1200 1181; baseline -0.011 -7"><span class='ocrx_word' id='word_1_108' title='bbox 190 1143 396 1175; x_wconf 77' lang='lat' dir='ltr'>facultatem,</span> <span class='ocrx_word' id='word_1_109' title='bbox 415 1150 558 1181; x_wconf 86' lang='lat' dir='ltr'>quarum</span> <span class='ocrx_word' id='word_1_110' title='bbox 575 1139 774 1170; x_wconf 81' lang='lat' dir='ltr'>auctoritate</span> <span class='ocrx_word' id='word_1_111' title='bbox 796 1138 906 1167; x_wconf 88' lang='lat' dir='ltr'>dictus</span> <span class='ocrx_word' id='word_1_112' title='bbox 925 1135 1200 1174; x_wconf 82' lang='lat' dir='ltr'>archiepiscopus</span> 
     </span>
     <span class='ocr_line' id='line_1_19' title="bbox 190 1187 1201 1235; baseline -0.01 -9"><span class='ocrx_word' id='word_1_113' title='bbox 190 1197 359 1235; x_wconf 81' lang='lat' dir='ltr'>prefatum</span> <span class='ocrx_word' id='word_1_114' title='bbox 375 1196 417 1225; x_wconf 89' lang='lat' dir='ltr'>N.</span> <span class='ocrx_word' id='word_1_115' title='bbox 438 1193 587 1224; x_wconf 86' lang='lat' dir='ltr'>restituit</span> <span class='ocrx_word' id='word_1_116' title='bbox 606 1193 647 1222; x_wconf 89' lang='lat' dir='ltr'>ad</span> <span class='ocrx_word' id='word_1_117' title='bbox 668 1191 901 1223; x_wconf 78' lang='lat' dir='ltr'>canonicatum</span> <span class='ocrx_word' id='word_1_118' title='bbox 925 1191 957 1220; x_wconf 89' lang='lat' dir='ltr'>et</span> <span class='ocrx_word' id='word_1_119' title='bbox 978 1189 1019 1219; x_wconf 88' lang='lat' dir='ltr'>ad</span> <span class='ocrx_word' id='word_1_120' title='bbox 1036 1189 1093 1227; x_wconf 86' lang='lat' dir='ltr'>jus</span> <span class='ocrx_word' id='word_1_121' title='bbox 1111 1187 1201 1227; x_wconf 90' lang='lat' dir='ltr'>quod</span> 
     </span>
     <span class='ocr_line' id='line_1_20' title="bbox 192 1242 1201 1288; baseline -0.01 -8"><span class='ocrx_word' id='word_1_122' title='bbox 192 1259 233 1280; x_wconf 82' lang='lat' dir='ltr'>ex</span> <span class='ocrx_word' id='word_1_123' title='bbox 249 1248 398 1288; x_wconf 82' lang='lat' dir='ltr'>predicta</span> <span class='ocrx_word' id='word_1_124' title='bbox 419 1247 608 1285; x_wconf 83' lang='lat' dir='ltr'>receptione</span> <span class='ocrx_word' id='word_1_125' title='bbox 628 1246 661 1275; x_wconf 93' lang='lat' dir='ltr'>in</span> <span class='ocrx_word' id='word_1_126' title='bbox 678 1245 808 1284; x_wconf 83' lang='lat' dir='ltr'>prefata</span> <span class='ocrx_word' id='word_1_127' title='bbox 823 1243 963 1274; x_wconf 88' lang='lat' dir='ltr'>ecclesia</span> <span class='ocrx_word' id='word_1_128' title='bbox 977 1242 1008 1272; x_wconf 89' lang='lat' dir='ltr'>ei</span> <span class='ocrx_word' id='word_1_129' title='bbox 1024 1242 1133 1272; x_wconf 88' lang='lat' dir='ltr'>fuerat</span> <span class='ocrx_word' id='word_1_130' title='bbox 1151 1250 1201 1271; x_wconf 89' lang='lat' dir='ltr'>ac-</span> 
     </span>
     <span class='ocr_line' id='line_1_21' title="bbox 192 1296 1201 1341; baseline -0.007 -10"><span class='ocrx_word' id='word_1_131' title='bbox 192 1303 368 1341; x_wconf 84' lang='lat' dir='ltr'>quisitum.</span> <span class='ocrx_word' id='word_1_132' title='bbox 397 1300 617 1331; x_wconf 83' lang='lat' dir='ltr'>Postmodum</span> <span class='ocrx_word' id='word_1_133' title='bbox 642 1300 766 1334; x_wconf 86' lang='grc'><strong>31116111,</strong></span> <span class='ocrx_word' id='word_1_134' title='bbox 798 1299 935 1327; x_wconf 78' lang='lat' dir='ltr'>vacante</span> <span class='ocrx_word' id='word_1_135' title='bbox 960 1296 1105 1335; x_wconf 88' lang='lat' dir='ltr'>quadam</span> <span class='ocrx_word' id='word_1_136' title='bbox 1130 1303 1201 1332; x_wconf 89' lang='lat' dir='ltr'>pre-</span> 
     </span>
     <span class='ocr_line' id='line_1_22' title="bbox 192 1347 1201 1390; baseline -0.008 -5"><span class='ocrx_word' id='word_1_137' title='bbox 192 1356 299 1386; x_wconf 86' lang='lat' dir='ltr'>benda</span> <span class='ocrx_word' id='word_1_138' title='bbox 318 1355 350 1384; x_wconf 92' lang='lat' dir='ltr'>in</span> <span class='ocrx_word' id='word_1_139' title='bbox 366 1354 483 1384; x_wconf 86' lang='lat' dir='ltr'>eadem</span> <span class='ocrx_word' id='word_1_140' title='bbox 497 1353 639 1383; x_wconf 88' lang='lat' dir='ltr'>ecclesia</span> <span class='ocrx_word' id='word_1_141' title='bbox 654 1361 712 1390; x_wconf 90' lang='lat' dir='ltr'>per</span> <span class='ocrx_word' id='word_1_142' title='bbox 728 1353 870 1381; x_wconf 86' lang='lat' dir='ltr'>mortem</span> <span class='ocrx_word' id='word_1_143' title='bbox 887 1349 1042 1389; x_wconf 81' lang='lat' dir='ltr'>magistri</span> <span class='ocrx_word' id='word_1_144' title='bbox 1061 1347 1201 1379; x_wconf 85' lang='lat' dir='ltr'>Roberti</span> 
     </span>
     <span class='ocr_line' id='line_1_23' title="bbox 191 1402 1202 1444; baseline -0.008 -6"><span class='ocrx_word' id='word_1_145' title='bbox 191 1409 231 1438; x_wconf 91' lang='lat' dir='ltr'>de</span> <span class='ocrx_word' id='word_1_146' title='bbox 258 1410 372 1438; x_wconf 86' lang='lat' dir='ltr'>sancto</span> <span class='ocrx_word' id='word_1_147' title='bbox 393 1406 566 1442; x_wconf 76' lang='lat' dir='ltr'>Quintino,</span> <span class='ocrx_word' id='word_1_148' title='bbox 589 1405 698 1444; x_wconf 89' lang='lat' dir='ltr'>ipsius</span> <span class='ocrx_word' id='word_1_149' title='bbox 720 1404 861 1435; x_wconf 78' lang='lat' dir='ltr'>ecclesie</span> <span class='ocrx_word' id='word_1_150' title='bbox 881 1402 1044 1438; x_wconf 85' lang='lat' dir='ltr'>canonici,</span> <span class='ocrx_word' id='word_1_151' title='bbox 1067 1411 1104 1431; x_wconf 90' lang='lat' dir='ltr'>ac</span> <span class='ocrx_word' id='word_1_152' title='bbox 1129 1402 1202 1431; x_wconf 88' lang='lat' dir='ltr'>orta</span> 
     </span>
     <span class='ocr_line' id='line_1_24' title="bbox 190 1455 1200 1499; baseline -0.008 -8"><span class='ocrx_word' id='word_1_153' title='bbox 190 1461 278 1491; x_wconf 87' lang='lat' dir='ltr'>inter</span> <span class='ocrx_word' id='word_1_154' title='bbox 294 1461 481 1499; x_wconf 86' lang='lat' dir='ltr'>predictum</span> <span class='ocrx_word' id='word_1_155' title='bbox 499 1460 540 1489; x_wconf 86' lang='lat' dir='ltr'>N.</span> <span class='ocrx_word' id='word_1_156' title='bbox 560 1460 591 1488; x_wconf 87' lang='lat' dir='ltr'>et</span> <span class='ocrx_word' id='word_1_157' title='bbox 606 1458 805 1497; x_wconf 86' lang='lat' dir='ltr'>magistrum</span> <span class='ocrx_word' id='word_1_158' title='bbox 825 1457 1013 1487; x_wconf 79' lang='lat' dir='ltr'>Johannem</span> <span class='ocrx_word' id='word_1_159' title='bbox 1029 1455 1068 1485; x_wconf 90' lang='lat' dir='ltr'>de</span> <span class='ocrx_word' id='word_1_160' title='bbox 1086 1456 1200 1484; x_wconf 81' lang='lat' dir='ltr'>sancto</span> 
     </span>
     <span class='ocr_line' id='line_1_25' title="bbox 191 1507 1201 1550; baseline -0.007 -6"><span class='ocrx_word' id='word_1_161' title='bbox 191 1514 366 1547; x_wconf 87' lang='lat' dir='ltr'>Michaele,</span> <span class='ocrx_word' id='word_1_162' title='bbox 394 1512 534 1543; x_wconf 79' lang='lat' dir='ltr'>ecclesie</span> <span class='ocrx_word' id='word_1_163' title='bbox 561 1512 709 1550; x_wconf 83' lang='lat' dir='ltr'>predicte</span> <span class='ocrx_word' id='word_1_164' title='bbox 740 1510 950 1545; x_wconf 81' lang='lat' dir='ltr'>canonicum,</span> <span class='ocrx_word' id='word_1_165' title='bbox 981 1517 1082 1547; x_wconf 88' lang='lat' dir='ltr'>super</span> <span class='ocrx_word' id='word_1_166' title='bbox 1113 1507 1201 1537; x_wconf 89' lang='lat' dir='ltr'>dicta</span> 
     </span>
     <span class='ocr_line' id='line_1_26' title="bbox 191 1560 1201 1606; baseline -0.005 -11"><span class='ocrx_word' id='word_1_167' title='bbox 191 1566 361 1606; x_wconf 86' lang='lat' dir='ltr'>prebenda</span> <span class='ocrx_word' id='word_1_168' title='bbox 380 1565 521 1596; x_wconf 80' lang='lat' dir='ltr'>materia</span> <span class='ocrx_word' id='word_1_169' title='bbox 538 1564 739 1603; x_wconf 74' lang='lat' dir='ltr'>questionis,</span> <span class='ocrx_word' id='word_1_170' title='bbox 754 1563 815 1593; x_wconf 86' lang='lat' dir='ltr'>fuit</span> <span class='ocrx_word' id='word_1_171' title='bbox 837 1563 971 1593; x_wconf 87' lang='lat' dir='ltr'>tandem</span> <span class='ocrx_word' id='word_1_172' title='bbox 990 1569 1092 1600; x_wconf 88' lang='lat' dir='ltr'>super</span> <span class='ocrx_word' id='word_1_173' title='bbox 1106 1560 1167 1590; x_wconf 91' lang='grc'><strong>1106</strong></span> <span class='ocrx_word' id='word_1_174' title='bbox 1183 1570 1201 1590; x_wconf 86' lang='grc'><strong>3</strong></span> 
     </span>
     <span class='ocr_line' id='line_1_27' title="bbox 192 1614 1200 1658; baseline -0.006 -9"><span class='ocrx_word' id='word_1_175' title='bbox 192 1619 346 1658; x_wconf 85' lang='lat' dir='ltr'>partibus</span> <span class='ocrx_word' id='word_1_176' title='bbox 366 1619 399 1648; x_wconf 91' lang='lat' dir='ltr'>in</span> <span class='ocrx_word' id='word_1_177' title='bbox 419 1618 601 1657; x_wconf 76' lang='lat' dir='ltr'>magistros</span> <span class='ocrx_word' id='word_1_178' title='bbox 626 1618 809 1647; x_wconf 87' lang='lat' dir='ltr'>Renerium</span> <span class='ocrx_word' id='word_1_179' title='bbox 829 1616 868 1646; x_wconf 91' lang='lat' dir='ltr'>de</span> <span class='ocrx_word' id='word_1_180' title='bbox 890 1615 1077 1650; x_wconf 88' lang='lat' dir='ltr'>Paissiaco,</span> <span class='ocrx_word' id='word_1_181' title='bbox 1095 1614 1200 1652; x_wconf 87' lang='lat' dir='ltr'>capel-</span> 
     </span>
     <span class='ocr_line' id='line_1_28' title="bbox 192 1667 1201 1707; baseline -0.006 -5"><span class='ocrx_word' id='word_1_182' title='bbox 192 1673 307 1702; x_wconf 89' lang='lat' dir='ltr'>lanum</span> <span class='ocrx_word' id='word_1_183' title='bbox 337 1674 503 1707; x_wconf 87' lang='lat' dir='ltr'>nostrum,</span> <span class='ocrx_word' id='word_1_184' title='bbox 529 1670 727 1700; x_wconf 83' lang='lat' dir='ltr'>canonicum</span> <span class='ocrx_word' id='word_1_185' title='bbox 756 1671 971 1702; x_wconf 83' lang='lat' dir='ltr'>Remensem‚</span> <span class='ocrx_word' id='word_1_186' title='bbox 994 1670 1071 1698; x_wconf 77' lang='lat' dir='ltr'>tunc</span> <span class='ocrx_word' id='word_1_187' title='bbox 1092 1667 1201 1705; x_wconf 89' lang='lat' dir='ltr'>ipsius</span> 
     </span>
     <span class='ocr_line' id='line_1_29' title="bbox 193 1720 1201 1764; baseline -0.007 -8"><span class='ocrx_word' id='word_1_188' title='bbox 193 1725 449 1764; x_wconf 84' lang='lat' dir='ltr'>archiepiscopi,</span> <span class='ocrx_word' id='word_1_189' title='bbox 471 1726 503 1754; x_wconf 90' lang='lat' dir='ltr'>et</span> <span class='ocrx_word' id='word_1_190' title='bbox 525 1723 711 1754; x_wconf 79' lang='grc' dir='ltr'>ι1011311116111</span> <span class='ocrx_word' id='word_1_191' title='bbox 733 1722 772 1753; x_wconf 92' lang='lat' dir='ltr'>de</span> <span class='ocrx_word' id='word_1_192' title='bbox 794 1722 1019 1757; x_wconf 81' lang='lat' dir='ltr'>Villarisicco‚</span> <span class='ocrx_word' id='word_1_193' title='bbox 1038 1720 1201 1751; x_wconf 87' lang='lat' dir='ltr'>archidia-</span> 
     </span>
     <span class='ocr_line' id='line_1_30' title="bbox 194 1773 1201 1814; baseline -0.006 -6"><span class='ocrx_word' id='word_1_194' title='bbox 194 1787 314 1808; x_wconf 85' lang='lat' dir='ltr'>conum</span> <span class='ocrx_word' id='word_1_195' title='bbox 329 1776 909 1814; x_wconf 78' lang='lat' dir='ltr'>Remensem,ofticiales,tainquam</span> <span class='ocrx_word' id='word_1_196' title='bbox 924 1775 958 1804; x_wconf 92' lang='lat' dir='ltr'>in</span> <span class='ocrx_word' id='word_1_197' title='bbox 972 1773 1201 1807; x_wconf 87' lang='lat' dir='ltr'>arbitros‚sub</span> 
     </span>
     <span class='ocr_line' id='line_1_31' title="bbox 192 1826 1201 1869; baseline -0.005 -9"><span class='ocrx_word' id='word_1_198' title='bbox 192 1834 281 1862; x_wconf 84' lang='lat' dir='ltr'>certa</span> <span class='ocrx_word' id='word_1_199' title='bbox 297 1839 382 1869; x_wconf 85' lang='lat' dir='ltr'>pena</span> <span class='ocrx_word' id='word_1_200' title='bbox 395 1830 604 1860; x_wconf 88' lang='lat' dir='ltr'>concorditer</span> <span class='ocrx_word' id='word_1_201' title='bbox 618 1829 913 1867; x_wconf 81' lang='lat' dir='ltr'>compromissum,</span> <span class='ocrx_word' id='word_1_202' title='bbox 931 1828 987 1866; x_wconf 88' lang='lat' dir='ltr'>qui</span> <span class='ocrx_word' id='word_1_203' title='bbox 1006 1826 1201 1857; x_wconf 87' lang='lat' dir='ltr'>arbitrando</span> 
     </span>
     <span class='ocr_line' id='line_1_32' title="bbox 191 1880 1201 1922; baseline -0.005 -9"><span class='ocrx_word' id='word_1_204' title='bbox 191 1883 495 1922; x_wconf 78' lang='lat' dir='ltr'>pronuntiaverunt</span> <span class='ocrx_word' id='word_1_205' title='bbox 522 1883 710 1920; x_wconf 88' lang='lat' dir='ltr'>predictum</span> <span class='ocrx_word' id='word_1_206' title='bbox 740 1881 941 1919; x_wconf 82' lang='lat' dir='ltr'>magistrum</span> <span class='ocrx_word' id='word_1_207' title='bbox 967 1880 998 1909; x_wconf 82' lang='lat' dir='ltr'>J.</span> <span class='ocrx_word' id='word_1_208' title='bbox 1024 1880 1063 1909; x_wconf 91' lang='lat' dir='ltr'>de</span> <span class='ocrx_word' id='word_1_209' title='bbox 1086 1881 1201 1909; x_wconf 86' lang='lat' dir='ltr'>sancto</span> 
     </span>
     <span class='ocr_line' id='line_1_33' title="bbox 192 1932 1200 1972; baseline -0.006 -6"><span class='ocrx_word' id='word_1_210' title='bbox 192 1936 352 1966; x_wconf 86' lang='lat' dir='ltr'>Michaele</span> <span class='ocrx_word' id='word_1_211' title='bbox 375 1936 443 1965; x_wconf 88' lang='lat' dir='ltr'>fore</span> <span class='ocrx_word' id='word_1_212' title='bbox 464 1935 551 1965; x_wconf 88' lang='lat' dir='ltr'>dicto</span> <span class='ocrx_word' id='word_1_213' title='bbox 571 1935 610 1964; x_wconf 90' lang='lat' dir='ltr'>N.</span> <span class='ocrx_word' id='word_1_214' title='bbox 631 1933 867 1972; x_wconf 84' lang='lat' dir='ltr'>preferendum</span> <span class='ocrx_word' id='word_1_215' title='bbox 889 1933 923 1962; x_wconf 97' lang='grc'>111</span> <span class='ocrx_word' id='word_1_216' title='bbox 941 1932 1091 1970; x_wconf 85' lang='lat' dir='ltr'>ejusdem</span> <span class='ocrx_word' id='word_1_217' title='bbox 1110 1940 1200 1961; x_wconf 91' lang='lat' dir='ltr'>asse-</span> 
     </span>
     <span class='ocr_line' id='line_1_34' title="bbox 193 1983 1202 2026; baseline -0.005 -9"><span class='ocrx_word' id='word_1_218' title='bbox 193 1988 326 2018; x_wconf 70' lang='lat' dir='ltr'>cutione</span> <span class='ocrx_word' id='word_1_219' title='bbox 357 1987 536 2026; x_wconf 79' lang='lat' dir='ltr'>prebende.</span> <span class='ocrx_word' id='word_1_220' title='bbox 564 1986 674 2022; x_wconf 78' lang='lat' dir='ltr'>Quare</span> <span class='ocrx_word' id='word_1_221' title='bbox 704 1985 813 2015; x_wconf 82' lang='lat' dir='ltr'>dictus</span> <span class='ocrx_word' id='word_1_222' title='bbox 840 1985 880 2015; x_wconf 92' lang='lat' dir='ltr'>N.</span> <span class='ocrx_word' id='word_1_223' title='bbox 911 1983 1008 2013; x_wconf 90' lang='lat' dir='ltr'>nobis</span> <span class='ocrx_word' id='word_1_224' title='bbox 1029 1983 1202 2013; x_wconf 89' lang='lat' dir='ltr'>humiliter</span> 
     </span>
     <span class='ocr_line' id='line_1_35' title="bbox 193 2036 1202 2079; baseline -0.005 -9"><span class='ocrx_word' id='word_1_225' title='bbox 193 2041 398 2079; x_wconf 79' lang='lat' dir='ltr'>supplicavit</span> <span class='ocrx_word' id='word_1_226' title='bbox 416 2042 463 2074; x_wconf 88' lang='lat' dir='ltr'>ut,</span> <span class='ocrx_word' id='word_1_227' title='bbox 482 2048 556 2069; x_wconf 91' lang='grc'><strong>611111</strong></span> <span class='ocrx_word' id='word_1_228' title='bbox 572 2039 644 2077; x_wconf 90' lang='lat' dir='ltr'>ipse</span> <span class='ocrx_word' id='word_1_229' title='bbox 659 2039 834 2068; x_wconf 77' lang='lat' dir='ltr'>occasione</span> <span class='ocrx_word' id='word_1_230' title='bbox 847 2036 1041 2075; x_wconf 86' lang='lat' dir='ltr'>hujusmodi</span> <span class='ocrx_word' id='word_1_231' title='bbox 1054 2044 1113 2074; x_wconf 91' lang='lat' dir='ltr'>per</span> <span class='ocrx_word' id='word_1_232' title='bbox 1130 2037 1202 2066; x_wconf 89' lang='lat' dir='ltr'>octo</span> 
     </span>
     <span class='ocr_line' id='line_1_36' title="bbox 194 2089 1204 2131; baseline -0.006 -8"><span class='ocrx_word' id='word_1_233' title='bbox 194 2102 300 2123; x_wconf 89' lang='lat' dir='ltr'>annos</span> <span class='ocrx_word' id='word_1_234' title='bbox 326 2094 357 2123; x_wconf 88' lang='lat' dir='ltr'>et</span> <span class='ocrx_word' id='word_1_235' title='bbox 380 2093 528 2131; x_wconf 88' lang='lat' dir='ltr'>amplius</span> <span class='ocrx_word' id='word_1_236' title='bbox 553 2091 714 2121; x_wconf 87' lang='lat' dir='ltr'>laborarit</span> <span class='ocrx_word' id='word_1_237' title='bbox 739 2092 770 2121; x_wconf 89' lang='lat' dir='ltr'>et</span> <span class='ocrx_word' id='word_1_238' title='bbox 798 2099 916 2129; x_wconf 80' lang='lat' dir='ltr'>magna</span> <span class='ocrx_word' id='word_1_239' title='bbox 940 2089 1083 2119; x_wconf 89' lang='lat' dir='ltr'>subierit</span> <span class='ocrx_word' id='word_1_240' title='bbox 1103 2097 1204 2118; x_wconf 89' lang='lat' dir='ltr'>onera</span> 
     </span>
     <span class='ocr_line' id='line_1_37' title="bbox 192 2142 1203 2185; baseline -0.006 -8"><span class='ocrx_word' id='word_1_241' title='bbox 192 2155 431 2185; x_wconf 79' lang='lat' dir='ltr'>expensarum,</span> <span class='ocrx_word' id='word_1_242' title='bbox 449 2145 625 2185; x_wconf 84' lang='lat' dir='ltr'>providere</span> <span class='ocrx_word' id='word_1_243' title='bbox 644 2144 708 2174; x_wconf 83' lang='lat' dir='ltr'>sibi</span> <span class='ocrx_word' id='word_1_244' title='bbox 729 2153 830 2182; x_wconf 86' lang='lat' dir='ltr'>super</span> <span class='ocrx_word' id='word_1_245' title='bbox 845 2143 905 2173; x_wconf 88' lang='grc'><strong>1106</strong></span> <span class='ocrx_word' id='word_1_246' title='bbox 922 2145 1060 2181; x_wconf 88' lang='lat' dir='ltr'>paterna</span> <span class='ocrx_word' id='word_1_247' title='bbox 1077 2142 1203 2171; x_wconf 87' lang='lat' dir='ltr'>sollici·</span> 
     </span>
     <span class='ocr_line' id='line_1_38' title="bbox 193 2194 1204 2236; baseline -0.005 -7"><span class='ocrx_word' id='word_1_248' title='bbox 193 2200 306 2229; x_wconf 86' lang='lat' dir='ltr'>tudine</span> <span class='ocrx_word' id='word_1_249' title='bbox 325 2208 532 2229; x_wconf 84' lang='lat' dir='ltr'>curaremus.</span> <span class='ocrx_word' id='word_1_250' title='bbox 549 2198 618 2228; x_wconf 88' lang='lat' dir='ltr'>Nos</span> <span class='ocrx_word' id='word_1_251' title='bbox 632 2199 756 2236; x_wconf 75' lang='lat' dir='ltr'>itaque,</span> <span class='ocrx_word' id='word_1_252' title='bbox 772 2197 881 2235; x_wconf 85' lang='lat' dir='ltr'>ipsius</span> <span class='ocrx_word' id='word_1_253' title='bbox 898 2194 1204 2234; x_wconf 85' lang='lat' dir='ltr'>supplicationibus</span> 
     </span>
     <span class='ocr_line' id='line_1_39' title="bbox 191 2249 1204 2291; baseline -0.005 -9"><span class='ocrx_word' id='word_1_254' title='bbox 191 2252 355 2288; x_wconf 70' lang='lat' dir='ltr'>inclinati,</span> <span class='ocrx_word' id='word_1_255' title='bbox 371 2252 459 2291; x_wconf 86' lang='lat' dir='ltr'>quod</span> <span class='ocrx_word' id='word_1_256' title='bbox 476 2260 577 2290; x_wconf 86' lang='lat' dir='ltr'>super</span> <span class='ocrx_word' id='word_1_257' title='bbox 595 2250 775 2289; x_wconf 86' lang='lat' dir='ltr'>premissis</span> <span class='ocrx_word' id='word_1_258' title='bbox 790 2249 928 2288; x_wconf 84' lang='lat' dir='ltr'>provide</span> <span class='ocrx_word' id='word_1_259' title='bbox 947 2249 1035 2278; x_wconf 88' lang='lat' dir='ltr'>circa</span> <span class='ocrx_word' id='word_1_260' title='bbox 1054 2256 1130 2278; x_wconf 89' lang='lat' dir='ltr'>eum</span> <span class='ocrx_word' id='word_1_261' title='bbox 1145 2256 1204 2286; x_wconf 85' lang='lat' dir='ltr'>per</span> 
     </span>
     <span class='ocr_line' id='line_1_40' title="bbox 191 2301 1203 2343; baseline -0.004 -9"><span class='ocrx_word' id='word_1_262' title='bbox 191 2306 319 2336; x_wconf 89' lang='lat' dir='ltr'>dictum</span> <span class='ocrx_word' id='word_1_263' title='bbox 338 2305 628 2343; x_wconf 82' lang='lat' dir='ltr'>archiepiscopum</span> <span class='ocrx_word' id='word_1_264' title='bbox 654 2304 777 2333; x_wconf 89' lang='lat' dir='ltr'>sactum</span> <span class='ocrx_word' id='word_1_265' title='bbox 800 2304 862 2339; x_wconf 86' lang='lat' dir='ltr'>est,</span> <span class='ocrx_word' id='word_1_266' title='bbox 887 2304 997 2332; x_wconf 89' lang='lat' dir='ltr'>ratum</span> <span class='ocrx_word' id='word_1_267' title='bbox 1020 2303 1051 2332; x_wconf 87' lang='lat' dir='ltr'>et</span> <span class='ocrx_word' id='word_1_268' title='bbox 1069 2301 1203 2330; x_wconf 84' lang='lat' dir='ltr'>firmum</span> 
     </span>
     <span class='ocr_line' id='line_1_41' title="bbox 191 2354 1205 2395; baseline -0.005 -7"><span class='ocrx_word' id='word_1_269' title='bbox 191 2358 365 2395; x_wconf 85' lang='lat' dir='ltr'>habentes,</span> <span class='ocrx_word' id='word_1_270' title='bbox 394 2357 589 2388; x_wconf 89' lang='lat' dir='ltr'>discretioni</span> <span class='ocrx_word' id='word_1_271' title='bbox 619 2359 729 2387; x_wconf 80' lang='lat' dir='ltr'>vestre</span> <span class='ocrx_word' id='word_1_272' title='bbox 756 2356 957 2386; x_wconf 83' lang='lat' dir='ltr'>mandamus</span> <span class='ocrx_word' id='word_1_273' title='bbox 976 2355 1135 2393; x_wconf 85' lang='lat' dir='ltr'>quatinus</span> <span class='ocrx_word' id='word_1_274' title='bbox 1160 2354 1205 2384; x_wconf 88' lang='lat' dir='ltr'>ei-</span> 
     </span>
     <span class='ocr_line' id='line_1_42' title="bbox 193 2407 1204 2450; baseline -0.005 -9"><span class='ocrx_word' id='word_1_275' title='bbox 193 2412 267 2442; x_wconf 85' lang='lat' dir='ltr'>dem</span> <span class='ocrx_word' id='word_1_276' title='bbox 292 2412 331 2442; x_wconf 89' lang='lat' dir='ltr'>N.</span> <span class='ocrx_word' id='word_1_277' title='bbox 359 2412 398 2441; x_wconf 87' lang='lat' dir='ltr'>de</span> <span class='ocrx_word' id='word_1_278' title='bbox 420 2411 590 2450; x_wconf 85' lang='lat' dir='ltr'>prebenda</span> <span class='ocrx_word' id='word_1_279' title='bbox 609 2410 694 2439; x_wconf 90' lang='lat' dir='ltr'>nulli</span> <span class='ocrx_word' id='word_1_280' title='bbox 713 2409 771 2439; x_wconf 90' lang='lat' dir='ltr'>alii</span> <span class='ocrx_word' id='word_1_281' title='bbox 791 2409 830 2439; x_wconf 85' lang='lat' dir='ltr'>de</span> <span class='ocrx_word' id='word_1_282' title='bbox 849 2409 925 2448; x_wconf 87' lang='lat' dir='ltr'>jure</span> <span class='ocrx_word' id='word_1_283' title='bbox 947 2407 1070 2443; x_wconf 85' lang='lat' dir='ltr'>debita,</span> <span class='ocrx_word' id='word_1_284' title='bbox 1091 2408 1119 2437; x_wconf 89' lang='lat' dir='ltr'>si</span> <span class='ocrx_word' id='word_1_285' title='bbox 1140 2416 1204 2446; x_wconf 89' lang='lat' dir='ltr'>qua</span> 
     </span>
     <span class='ocr_line' id='line_1_43' title="bbox 193 2461 1204 2502; baseline -0.003 -9"><span class='ocrx_word' id='word_1_286' title='bbox 193 2465 226 2493; x_wconf 93' lang='lat' dir='ltr'>in</span> <span class='ocrx_word' id='word_1_287' title='bbox 244 2464 394 2502; x_wconf 87' lang='lat' dir='ltr'>predicta</span> <span class='ocrx_word' id='word_1_288' title='bbox 417 2463 558 2493; x_wconf 74' lang='grc'><strong>66616513</strong></span> <span class='ocrx_word' id='word_1_289' title='bbox 581 2463 688 2492; x_wconf 84' lang='grc'><strong>5311611</strong></span> <span class='ocrx_word' id='word_1_290' title='bbox 708 2461 936 2500; x_wconf 79' lang='lat' dir='ltr'>Simphoriani</span> <span class='ocrx_word' id='word_1_291' title='bbox 960 2462 1055 2490; x_wconf 81' lang='lat' dir='ltr'>vacat</span> <span class='ocrx_word' id='word_1_292' title='bbox 1074 2461 1114 2490; x_wconf 89' lang='lat' dir='ltr'>ad</span> <span class='ocrx_word' id='word_1_293' title='bbox 1132 2469 1204 2499; x_wconf 90' lang='lat' dir='ltr'>pre-</span> 
     </span>
     <span class='ocr_line' id='line_1_44' title="bbox 193 2513 1205 2554; baseline -0.003 -9"><span class='ocrx_word' id='word_1_294' title='bbox 193 2525 283 2552; x_wconf 80' lang='lat' dir='ltr'>sens,</span> <span class='ocrx_word' id='word_1_295' title='bbox 300 2517 350 2546; x_wconf 77' lang='lat' dir='ltr'>vel</span> <span class='ocrx_word' id='word_1_296' title='bbox 368 2515 619 2554; x_wconf 81' lang='lat' dir='ltr'>quamprimum</span> <span class='ocrx_word' id='word_1_297' title='bbox 639 2515 679 2545; x_wconf 87' lang='lat' dir='ltr'>ad</span> <span class='ocrx_word' id='word_1_298' title='bbox 697 2515 729 2544; x_wconf 90' lang='lat' dir='ltr'>id</span> <span class='ocrx_word' id='word_1_299' title='bbox 744 2514 904 2545; x_wconf 85' lang='lat' dir='ltr'>obtulerit</span> <span class='ocrx_word' id='word_1_300' title='bbox 922 2522 957 2544; x_wconf 86' lang='lat' dir='ltr'>se</span> <span class='ocrx_word' id='word_1_301' title='bbox 973 2513 1126 2549; x_wconf 80' lang='lat' dir='ltr'>facultas,</span> <span class='ocrx_word' id='word_1_302' title='bbox 1147 2521 1205 2551; x_wconf 87' lang='lat' dir='ltr'>per</span> 
     </span>
     <span class='ocr_line' id='line_1_45' title="bbox 194 2565 1202 2607; baseline -0.003 -9"><span class='ocrx_word' id='word_1_303' title='bbox 194 2578 253 2599; x_wconf 83' lang='lat' dir='ltr'>vos</span> <span class='ocrx_word' id='word_1_304' title='bbox 271 2569 322 2599; x_wconf 81' lang='lat' dir='ltr'>vel</span> <span class='ocrx_word' id='word_1_305' title='bbox 336 2577 394 2607; x_wconf 90' lang='lat' dir='ltr'>per</span> <span class='ocrx_word' id='word_1_306' title='bbox 410 2569 513 2598; x_wconf 88' lang='lat' dir='ltr'>alium</span> <span class='ocrx_word' id='word_1_307' title='bbox 528 2568 704 2606; x_wconf 80' lang='lat' dir='ltr'>providere</span> <span class='ocrx_word' id='word_1_308' title='bbox 719 2567 856 2603; x_wconf 86' lang='lat' dir='ltr'>curetis,</span> <span class='ocrx_word' id='word_1_309' title='bbox 869 2576 934 2597; x_wconf 93' lang='lat' dir='ltr'>non</span> <span class='ocrx_word' id='word_1_310' title='bbox 948 2565 1113 2600; x_wconf 73' lang='lat' dir='ltr'>obstante,</span> <span class='ocrx_word' id='word_1_311' title='bbox 1127 2567 1202 2602; x_wconf 89' lang='lat' dir='ltr'>etc.,</span> 
     </span>
     <span class='ocr_line' id='line_1_46' title="bbox 194 2619 1203 2660; baseline -0.004 -8"><span class='ocrx_word' id='word_1_312' title='bbox 194 2630 314 2660; x_wconf 88' lang='lat' dir='ltr'>usque,</span> <span class='ocrx_word' id='word_1_313' title='bbox 327 2621 583 2659; x_wconf 84' lang='lat' dir='ltr'>compescendo.</span> <span class='ocrx_word' id='word_1_314' title='bbox 603 2620 699 2656; x_wconf 85' lang='lat' dir='ltr'>Quod</span> <span class='ocrx_word' id='word_1_315' title='bbox 715 2621 744 2650; x_wconf 90' lang='lat' dir='ltr'>si</span> <span class='ocrx_word' id='word_1_316' title='bbox 759 2629 826 2651; x_wconf 93' lang='lat' dir='ltr'>non</span> <span class='ocrx_word' id='word_1_317' title='bbox 842 2620 940 2651; x_wconf 90' lang='lat' dir='ltr'>ambo</span> <span class='ocrx_word' id='word_1_318' title='bbox 955 2619 1022 2649; x_wconf 90' lang='lat' dir='ltr'>hiis</span> <span class='ocrx_word' id='word_1_319' title='bbox 1040 2627 1203 2658; x_wconf 83' lang='lat' dir='ltr'>exequen-</span> 
     </span>
     <span class='ocr_line' id='line_1_47' title="bbox 196 2672 1205 2713; baseline -0.002 -9"><span class='ocrx_word' id='word_1_320' title='bbox 196 2674 248 2704; x_wconf 86' lang='lat' dir='ltr'>dis</span> <span class='ocrx_word' id='word_1_321' title='bbox 262 2674 441 2713; x_wconf 89' lang='lat' dir='ltr'>potueritis</span> <span class='ocrx_word' id='word_1_322' title='bbox 458 2674 636 2709; x_wconf 87' lang='lat' dir='ltr'>interesse,</span> <span class='ocrx_word' id='word_1_323' title='bbox 653 2674 736 2704; x_wconf 86' lang='lat' dir='ltr'>alter</span> <span class='ocrx_word' id='word_1_324' title='bbox 748 2675 898 2704; x_wconf 84' lang='lat' dir='ltr'>vestrum</span> <span class='ocrx_word' id='word_1_325' title='bbox 913 2681 951 2703; x_wconf 87' lang='lat' dir='ltr'>ea</span> <span class='ocrx_word' id='word_1_326' title='bbox 965 2672 1205 2702; x_wconf 83' lang='lat' dir='ltr'>nichilominus</span> 
     </span>
     <span class='ocr_line' id='line_1_48' title="bbox 197 2726 1205 2766; baseline -0.002 -9"><span class='ocrx_word' id='word_1_327' title='bbox 197 2728 394 2766; x_wconf 84' lang='lat' dir='ltr'>exequatur.</span> <span class='ocrx_word' id='word_1_328' title='bbox 427 2727 551 2757; x_wconf 86' lang='lat' dir='ltr'>Datum</span> <span class='ocrx_word' id='word_1_329' title='bbox 584 2727 672 2765; x_wconf 88' lang='lat' dir='ltr'>apud</span> <span class='ocrx_word' id='word_1_330' title='bbox 706 2726 996 2762; x_wconf 85' lang='lat' dir='ltr'>Urbemveterem,</span> <span class='ocrx_word' id='word_1_331' title='bbox 1032 2734 1066 2755; x_wconf 87' lang='lat'>111</span> <span class='ocrx_word' id='word_1_332' title='bbox 1100 2733 1205 2756; x_wconf 86' lang='lat' dir='ltr'>nonas</span> 
     </span>
     <span class='ocr_line' id='line_1_49' title="bbox 194 2779 623 2818; baseline -0.005 -8"><span class='ocrx_word' id='word_1_333' title='bbox 194 2780 356 2818; x_wconf 86' lang='lat' dir='ltr'>januarii,</span> <span class='ocrx_word' id='word_1_334' title='bbox 376 2788 461 2810; x_wconf 88' lang='lat' dir='ltr'>anno</span> <span class='ocrx_word' id='word_1_335' title='bbox 479 2779 589 2810; x_wconf 87' lang='lat' dir='ltr'>tertio.</span> <span class='ocrx_word' id='word_1_336' title='bbox 609 2790 623 2808; x_wconf 86' lang='lat'>»</span> 
     </span>
    </p>
   </div>
   <div class='ocr_carea' id='block_1_3' title="bbox 938 200 1512 237">
    <p class='ocr_par' dir='ltr' id='par_1_3' title="bbox 938 200 1512 237">
     <span class='ocr_line' id='line_1_50' title="bbox 938 200 1512 237; baseline -0.012 0"><span class='ocrx_word' id='word_1_337' title='bbox 938 203 1183 237; x_wconf 66' lang='lat' dir='ltr'>REGISTRES</span> <span class='ocrx_word' id='word_1_338' title='bbox 1210 200 1424 233; x_wconf 84' lang='lat' dir='ltr'>D&#39;URBAIN</span> <span class='ocrx_word' id='word_1_339' title='bbox 1455 201 1512 231; x_wconf 80' lang='lat' dir='ltr'>lv.</span> 
     </span>
    </p>
   </div>
   <div class='ocr_carea' id='block_1_4' title="bbox 1347 286 1444 317">
    <p class='ocr_par' dir='ltr' id='par_1_4' title="bbox 1347 286 1444 317">
     <span class='ocr_line' id='line_1_51' title="bbox 1347 286 1444 317; baseline -0.01 0"><span class='ocrx_word' id='word_1_340' title='bbox 1347 286 1444 317; x_wconf 77' lang='lat'>1208</span> 
     </span>
    </p>
   </div>
   <div class='ocr_carea' id='block_1_5' title="bbox 1788 282 2195 317">
    <p class='ocr_par' dir='ltr' id='par_1_5' title="bbox 1788 282 2195 317">
     <span class='ocr_line' id='line_1_52' title="bbox 1788 282 2195 317; baseline 0.002 -9"><span class='ocrx_word' id='word_1_341' title='bbox 1788 282 1915 314; x_wconf 81' lang='lat' dir='ltr'>Orvicto,</span> <span class='ocrx_word' id='word_1_342' title='bbox 1937 284 1971 310; x_wconf 77' lang='lat'>23</span> <span class='ocrx_word' id='word_1_343' title='bbox 1984 282 2097 317; x_wconf 72' lang='lat' dir='ltr'>janvier</span> <span class='ocrx_word' id='word_1_344' title='bbox 2117 282 2195 309; x_wconf 68' lang='lat'>1264.</span> 
     </span>
    </p>
   </div>
   <div class='ocr_carea' id='block_1_6' title="bbox 1252 365 2269 449">
    <p class='ocr_par' dir='ltr' id='par_1_6' title="bbox 1252 365 2269 449">
     <span class='ocr_line' id='line_1_53' title="bbox 1290 365 2269 400; baseline -0.003 -5"><span class='ocrx_word' id='word_1_345' title='bbox 1290 368 1532 395; x_wconf 83' lang='lat' dir='ltr'>Constitutioncin</span> <span class='ocrx_word' id='word_1_346' title='bbox 1561 368 1595 394; x_wconf 86' lang='lat' dir='ltr'>dc</span> <span class='ocrx_word' id='word_1_347' title='bbox 1617 367 1762 394; x_wconf 84' lang='lat' dir='ltr'>canonicis</span> <span class='ocrx_word' id='word_1_348' title='bbox 1792 366 1988 393; x_wconf 82' lang='lat' dir='ltr'>sacerdotibus</span> <span class='ocrx_word' id='word_1_349' title='bbox 2009 375 2026 393; x_wconf 85' lang='lat' dir='ltr'>a</span> <span class='ocrx_word' id='word_1_350' title='bbox 2055 365 2181 400; x_wconf 82' lang='lat' dir='ltr'>capitulo</span> <span class='ocrx_word' id='word_1_351' title='bbox 2204 367 2269 393; x_wconf 88' lang='lat' dir='ltr'>Tul-</span> 
     </span>
     <span class='ocr_line' id='line_1_54' title="bbox 1252 415 2053 449; baseline -0.004 -5"><span class='ocrx_word' id='word_1_352' title='bbox 1252 418 1325 444; x_wconf 89' lang='lat' dir='ltr'>lensi</span> <span class='ocrx_word' id='word_1_353' title='bbox 1340 417 1449 444; x_wconf 83' lang='lat' dir='ltr'>editam</span> <span class='ocrx_word' id='word_1_354' title='bbox 1464 416 1626 443; x_wconf 83' lang='lat' dir='ltr'>confirmat.</span> <span class='ocrx_word' id='word_1_355' title='bbox 1648 416 1727 449; x_wconf 66' lang='grc'><strong>(1166.</strong></span> <span class='ocrx_word' id='word_1_356' title='bbox 1743 416 1787 446; x_wconf 72' lang='lat'>29,</span> <span class='ocrx_word' id='word_1_357' title='bbox 1806 415 1854 442; x_wconf 86' lang='lat' dir='ltr'>sol.</span> <span class='ocrx_word' id='word_1_358' title='bbox 1871 415 1918 448; x_wconf 79' lang='lat'>93,</span> <span class='ocrx_word' id='word_1_359' title='bbox 1932 420 1961 441; x_wconf 51' lang='grc' dir='ltr'>11(ι</span> <span class='ocrx_word' id='word_1_360' title='bbox 1978 416 2053 449; x_wconf 75' lang='grc'><strong>256.)</strong></span> 
     </span>
    </p>
   </div>
   <div class='ocr_carea' id='block_1_7' title="bbox 1253 511 2276 1876">
    <p class='ocr_par' dir='ltr' id='par_1_7' title="bbox 1253 511 2276 1876">
     <span class='ocr_line' id='line_1_55' title="bbox 1294 511 2269 555; baseline -0.005 -10"><span class='ocrx_word' id='word_1_361' title='bbox 1294 526 1308 546; x_wconf 88' lang='grc'>1(</span> <span class='ocrx_word' id='word_1_362' title='bbox 1337 515 1469 555; x_wconf 71' lang='grc' dir='ltr'>Πῃαίιιο,</span> <span class='ocrx_word' id='word_1_363' title='bbox 1490 514 1650 544; x_wconf 82' lang='lat' dir='ltr'>Guillelmo</span> <span class='ocrx_word' id='word_1_364' title='bbox 1671 520 1697 544; x_wconf 77' lang='lat' dir='ltr'>ec</span> <span class='ocrx_word' id='word_1_365' title='bbox 1723 513 1793 543; x_wconf 79' lang='lat' dir='ltr'>aliis</span> <span class='ocrx_word' id='word_1_366' title='bbox 1812 513 1964 543; x_wconf 78' lang='lat' dir='ltr'>canonicis</span> <span class='ocrx_word' id='word_1_367' title='bbox 1981 512 2101 542; x_wconf 74' lang='lat' dir='ltr'>ecclesie</span> <span class='ocrx_word' id='word_1_368' title='bbox 2119 511 2269 541; x_wconf 75' lang='lat' dir='ltr'>Tullensis</span> 
     </span>
     <span class='ocr_line' id='line_1_56' title="bbox 1253 565 2265 605; baseline -0.003 -7"><span class='ocrx_word' id='word_1_369' title='bbox 1253 570 1285 598; x_wconf 76' lang='lat' dir='ltr'>in</span> <span class='ocrx_word' id='word_1_370' title='bbox 1308 569 1478 599; x_wconf 72' lang='lat' dir='ltr'>sacerdotio</span> <span class='ocrx_word' id='word_1_371' title='bbox 1506 569 1692 598; x_wconf 76' lang='lat' dir='ltr'>constitutis.</span> <span class='ocrx_word' id='word_1_372' title='bbox 1719 567 1830 597; x_wconf 84' lang='grc'><strong>,1115115</strong></span> <span class='ocrx_word' id='word_1_373' title='bbox 1855 566 2043 605; x_wconf 88' lang='lat' dir='ltr'>petentium</span> <span class='ocrx_word' id='word_1_374' title='bbox 2072 565 2265 601; x_wconf 83' lang='lat' dir='ltr'>desideriis,</span> 
     </span>
     <span class='ocr_line' id='line_1_57' title="bbox 1254 618 2266 661; baseline -0.005 -9"><span class='ocrx_word' id='word_1_375' title='bbox 1254 625 1330 659; x_wconf 86' lang='lat' dir='ltr'>etc.,</span> <span class='ocrx_word' id='word_1_376' title='bbox 1361 631 1466 661; x_wconf 89' lang='lat' dir='ltr'>usque</span> <span class='ocrx_word' id='word_1_377' title='bbox 1489 621 1670 660; x_wconf 86' lang='lat' dir='ltr'>complere.</span> <span class='ocrx_word' id='word_1_378' title='bbox 1700 621 1786 651; x_wconf 83' lang='lat' dir='ltr'>Sane</span> <span class='ocrx_word' id='word_1_379' title='bbox 1814 620 1899 650; x_wconf 90' lang='lat' dir='ltr'>lecta</span> <span class='ocrx_word' id='word_1_380' title='bbox 1922 627 2034 649; x_wconf 88' lang='lat' dir='ltr'>coram</span> <span class='ocrx_word' id='word_1_381' title='bbox 2064 618 2163 648; x_wconf 87' lang='lat' dir='ltr'>nobis</span> <span class='ocrx_word' id='word_1_382' title='bbox 2182 618 2266 656; x_wconf 85' lang='lat' dir='ltr'>peti-</span> 
     </span>
     <span class='ocr_line' id='line_1_58' title="bbox 1254 671 2266 712; baseline -0.006 -6"><span class='ocrx_word' id='word_1_383' title='bbox 1254 676 1359 706; x_wconf 87' lang='lat' dir='ltr'>tionis</span> <span class='ocrx_word' id='word_1_384' title='bbox 1388 678 1498 706; x_wconf 70' lang='lat' dir='ltr'>vestre</span> <span class='ocrx_word' id='word_1_385' title='bbox 1517 675 1623 705; x_wconf 90' lang='lat' dir='ltr'>series</span> <span class='ocrx_word' id='word_1_386' title='bbox 1641 673 1833 704; x_wconf 88' lang='lat' dir='ltr'>continebat</span> <span class='ocrx_word' id='word_1_387' title='bbox 1852 673 1941 712; x_wconf 90' lang='lat' dir='ltr'>quod</span> <span class='ocrx_word' id='word_1_388' title='bbox 1959 672 2072 702; x_wconf 89' lang='lat' dir='ltr'>dilecti</span> <span class='ocrx_word' id='word_1_389' title='bbox 2096 671 2157 701; x_wconf 83' lang='lat' dir='ltr'>tilii</span> <span class='ocrx_word' id='word_1_390' title='bbox 2179 671 2266 710; x_wconf 85' lang='lat' dir='ltr'>capi-</span> 
     </span>
     <span class='ocr_line' id='line_1_59' title="bbox 1254 724 2268 765; baseline -0.006 -6"><span class='ocrx_word' id='word_1_391' title='bbox 1254 729 1364 759; x_wconf 87' lang='lat' dir='ltr'>tulum</span> <span class='ocrx_word' id='word_1_392' title='bbox 1393 729 1533 759; x_wconf 85' lang='lat' dir='ltr'>ecclesie</span> <span class='ocrx_word' id='word_1_393' title='bbox 1560 727 1745 764; x_wconf 87' lang='lat' dir='ltr'>Tullensis,</span> <span class='ocrx_word' id='word_1_394' title='bbox 1768 735 1829 765; x_wconf 91' lang='lat' dir='ltr'>pro</span> <span class='ocrx_word' id='word_1_395' title='bbox 1856 725 2130 765; x_wconf 82' lang='lat' dir='ltr'>augmentatione</span> <span class='ocrx_word' id='word_1_396' title='bbox 2161 724 2268 754; x_wconf 80' lang='lat' dir='ltr'>divini</span> 
     </span>
     <span class='ocr_line' id='line_1_60' title="bbox 1255 778 2270 820; baseline -0.005 -8"><span class='ocrx_word' id='word_1_397' title='bbox 1255 783 1379 816; x_wconf 74' lang='lat' dir='ltr'>cultus,</span> <span class='ocrx_word' id='word_1_398' title='bbox 1400 782 1439 812; x_wconf 86' lang='lat' dir='ltr'>ad</span> <span class='ocrx_word' id='word_1_399' title='bbox 1457 781 1712 820; x_wconf 86' lang='lat' dir='ltr'>suscipiendum</span> <span class='ocrx_word' id='word_1_400' title='bbox 1738 779 1983 810; x_wconf 87' lang='lat' dir='ltr'>sacerdotalem</span> <span class='ocrx_word' id='word_1_401' title='bbox 2008 778 2159 808; x_wconf 88' lang='lat' dir='ltr'>ordinem</span> <span class='ocrx_word' id='word_1_402' title='bbox 2189 785 2270 807; x_wconf 88' lang='lat' dir='ltr'>suos</span> 
     </span>
     <span class='ocr_line' id='line_1_61' title="bbox 1256 830 2272 870; baseline -0.005 -5"><span class='ocrx_word' id='word_1_403' title='bbox 1256 836 1393 866; x_wconf 83' lang='lat' dir='ltr'>invitari</span> <span class='ocrx_word' id='word_1_404' title='bbox 1422 835 1601 865; x_wconf 87' lang='lat' dir='ltr'>canonicos</span> <span class='ocrx_word' id='word_1_405' title='bbox 1629 834 1836 869; x_wconf 79' lang='lat' dir='ltr'>affectantes⁷</span> <span class='ocrx_word' id='word_1_406' title='bbox 1857 832 2101 862; x_wconf 85' lang='lat' dir='ltr'>deliberatione</span> <span class='ocrx_word' id='word_1_407' title='bbox 2129 830 2272 870; x_wconf 81' lang='lat' dir='ltr'>provida</span> 
     </span>
     <span class='ocr_line' id='line_1_62' title="bbox 1257 884 2272 926; baseline -0.006 -7"><span class='ocrx_word' id='word_1_408' title='bbox 1257 890 1449 919; x_wconf 84' lang='lat' dir='ltr'>statuerunt</span> <span class='ocrx_word' id='word_1_409' title='bbox 1470 890 1505 918; x_wconf 91' lang='lat' dir='ltr'>ut</span> <span class='ocrx_word' id='word_1_410' title='bbox 1532 889 1717 926; x_wconf 84' lang='lat' dir='ltr'>proventus</span> <span class='ocrx_word' id='word_1_411' title='bbox 1740 887 1979 917; x_wconf 84' lang='lat' dir='ltr'>canonicorum</span> <span class='ocrx_word' id='word_1_412' title='bbox 2001 884 2154 923; x_wconf 77' lang='lat' dir='ltr'>ejusdem</span> <span class='ocrx_word' id='word_1_413' title='bbox 2177 884 2272 914; x_wconf 91' lang='lat' dir='ltr'>dece-</span> 
     </span>
     <span class='ocr_line' id='line_1_63' title="bbox 1257 938 2270 980; baseline -0.005 -8"><span class='ocrx_word' id='word_1_414' title='bbox 1257 942 1408 972; x_wconf 88' lang='lat' dir='ltr'>dentium</span> <span class='ocrx_word' id='word_1_415' title='bbox 1425 950 1484 980; x_wconf 91' lang='lat' dir='ltr'>per</span> <span class='ocrx_word' id='word_1_416' title='bbox 1501 950 1604 971; x_wconf 89' lang='lat' dir='ltr'>unum</span> <span class='ocrx_word' id='word_1_417' title='bbox 1622 949 1746 970; x_wconf 89' lang='lat' dir='ltr'>annum</span> <span class='ocrx_word' id='word_1_418' title='bbox 1765 940 1882 970; x_wconf 85' lang='lat' dir='ltr'>cedant</span> <span class='ocrx_word' id='word_1_419' title='bbox 1896 938 2017 969; x_wconf 86' lang='lat' dir='ltr'>usibus</span> <span class='ocrx_word' id='word_1_420' title='bbox 2030 938 2270 968; x_wconf 87' lang='lat' dir='ltr'>canonicorum</span> 
     </span>
     <span class='ocr_line' id='line_1_64' title="bbox 1258 990 2272 1030; baseline -0.004 -6"><span class='ocrx_word' id='word_1_421' title='bbox 1258 995 1471 1025; x_wconf 90' lang='lat' dir='ltr'>sacerdotum</span> <span class='ocrx_word' id='word_1_422' title='bbox 1490 994 1713 1024; x_wconf 87' lang='lat' dir='ltr'>residentium</span> <span class='ocrx_word' id='word_1_423' title='bbox 1728 994 1762 1023; x_wconf 91' lang='lat' dir='ltr'>in</span> <span class='ocrx_word' id='word_1_424' title='bbox 1776 993 1918 1023; x_wconf 85' lang='grc'><strong>66616513</strong></span> <span class='ocrx_word' id='word_1_425' title='bbox 1933 991 2142 1030; x_wconf 63' lang='grc' dir='ltr'><strong>5111113111613ς</strong></span> <span class='ocrx_word' id='word_1_426' title='bbox 2160 990 2272 1021; x_wconf 87' lang='lat' dir='ltr'>felicis</span> 
     </span>
     <span class='ocr_line' id='line_1_65' title="bbox 1258 1045 2271 1087; baseline -0.005 -9"><span class='ocrx_word' id='word_1_427' title='bbox 1258 1057 1392 1087; x_wconf 89' lang='lat' dir='ltr'>quoque</span> <span class='ocrx_word' id='word_1_428' title='bbox 1420 1047 1666 1078; x_wconf 88' lang='lat' dir='ltr'>recordationis</span> <span class='ocrx_word' id='word_1_429' title='bbox 1698 1046 1892 1077; x_wconf 78' lang='lat' dir='ltr'>Alexander</span> <span class='ocrx_word' id='word_1_430' title='bbox 1924 1054 2021 1084; x_wconf 87' lang='lat' dir='ltr'>papa,</span> <span class='ocrx_word' id='word_1_431' title='bbox 2051 1045 2271 1083; x_wconf 86' lang='lat' dir='ltr'>predecessor</span> 
     </span>
     <span class='ocr_line' id='line_1_66' title="bbox 1258 1098 2271 1138; baseline -0.005 -7"><span class='ocrx_word' id='word_1_432' title='bbox 1258 1102 1384 1137; x_wconf 84' lang='lat' dir='ltr'>noster,</span> <span class='ocrx_word' id='word_1_433' title='bbox 1406 1102 1570 1131; x_wconf 86' lang='lat' dir='ltr'>statutum</span> <span class='ocrx_word' id='word_1_434' title='bbox 1587 1100 1791 1138; x_wconf 85' lang='lat' dir='ltr'>hujusmodi,</span> <span class='ocrx_word' id='word_1_435' title='bbox 1810 1099 1897 1129; x_wconf 87' lang='lat' dir='ltr'>sicut</span> <span class='ocrx_word' id='word_1_436' title='bbox 1913 1099 2052 1138; x_wconf 75' lang='lat' dir='ltr'>provide</span> <span class='ocrx_word' id='word_1_437' title='bbox 2069 1098 2194 1128; x_wconf 82' lang='lat' dir='ltr'>factum</span> <span class='ocrx_word' id='word_1_438' title='bbox 2207 1098 2271 1133; x_wconf 87' lang='lat' dir='ltr'>est,</span> 
     </span>
     <span class='ocr_line' id='line_1_67' title="bbox 1258 1150 2273 1192; baseline -0.004 -8"><span class='ocrx_word' id='word_1_439' title='bbox 1258 1156 1370 1185; x_wconf 87' lang='lat' dir='ltr'>ratum</span> <span class='ocrx_word' id='word_1_440' title='bbox 1400 1156 1433 1184; x_wconf 89' lang='lat' dir='ltr'>et</span> <span class='ocrx_word' id='word_1_441' title='bbox 1462 1155 1597 1192; x_wconf 87' lang='lat' dir='ltr'>gratum</span> <span class='ocrx_word' id='word_1_442' title='bbox 1622 1152 1761 1188; x_wconf 85' lang='lat' dir='ltr'>habens,</span> <span class='ocrx_word' id='word_1_443' title='bbox 1795 1152 1829 1181; x_wconf 91' lang='lat' dir='ltr'>id</span> <span class='ocrx_word' id='word_1_444' title='bbox 1859 1152 2058 1182; x_wconf 87' lang='lat' dir='ltr'>auctoritate</span> <span class='ocrx_word' id='word_1_445' title='bbox 2087 1150 2273 1189; x_wconf 84' lang='lat' dir='ltr'>apostolica</span> 
     </span>
     <span class='ocr_line' id='line_1_68' title="bbox 1260 1204 2273 1244; baseline -0.004 -8"><span class='ocrx_word' id='word_1_446' title='bbox 1260 1206 1482 1243; x_wconf 82' lang='lat' dir='ltr'>confirmavit,</span> <span class='ocrx_word' id='word_1_447' title='bbox 1511 1207 1580 1235; x_wconf 89' lang='lat' dir='ltr'>tarn</span> <span class='ocrx_word' id='word_1_448' title='bbox 1604 1205 1798 1244; x_wconf 85' lang='lat' dir='ltr'>hujusmodi</span> <span class='ocrx_word' id='word_1_449' title='bbox 1821 1204 2061 1235; x_wconf 85' lang='lat' dir='ltr'>constitutione</span> <span class='ocrx_word' id='word_1_450' title='bbox 2088 1212 2189 1242; x_wconf 85' lang='lat' dir='ltr'>quam</span> <span class='ocrx_word' id='word_1_451' title='bbox 2211 1211 2273 1233; x_wconf 88' lang='lat' dir='ltr'>sua</span> 
     </span>
     <span class='ocr_line' id='line_1_69' title="bbox 1260 1257 2274 1297; baseline -0.004 -7"><span class='ocrx_word' id='word_1_452' title='bbox 1260 1259 1514 1290; x_wconf 86' lang='lat' dir='ltr'>confirmatione</span> <span class='ocrx_word' id='word_1_453' title='bbox 1530 1260 1606 1297; x_wconf 93' lang='lat' dir='ltr'>post</span> <span class='ocrx_word' id='word_1_454' title='bbox 1625 1257 1839 1297; x_wconf 87' lang='lat' dir='ltr'>septennium</span> <span class='ocrx_word' id='word_1_455' title='bbox 1856 1258 1996 1287; x_wconf 83' lang='lat' dir='ltr'>mininie</span> <span class='ocrx_word' id='word_1_456' title='bbox 2013 1257 2180 1287; x_wconf 73' lang='lat' dir='ltr'>valituris.</span> <span class='ocrx_word' id='word_1_457' title='bbox 2201 1257 2274 1287; x_wconf 81' lang='lat' dir='ltr'>Nos</span> 
     </span>
     <span class='ocr_line' id='line_1_70' title="bbox 1260 1310 2273 1352; baseline -0.004 -9"><span class='ocrx_word' id='word_1_458' title='bbox 1260 1314 1376 1352; x_wconf 84' lang='lat' dir='ltr'>igitur,</span> <span class='ocrx_word' id='word_1_459' title='bbox 1395 1312 1603 1342; x_wconf 85' lang='lat' dir='ltr'>venerabilis</span> <span class='ocrx_word' id='word_1_460' title='bbox 1619 1311 1736 1341; x_wconf 87' lang='lat' dir='ltr'>fratris</span> <span class='ocrx_word' id='word_1_461' title='bbox 1760 1311 1867 1341; x_wconf 85' lang='lat' dir='ltr'>nostri</span> <span class='ocrx_word' id='word_1_462' title='bbox 1888 1336 1893 1342; x_wconf 91' lang='lat'>.</span> <span class='ocrx_word' id='word_1_463' title='bbox 1910 1335 1915 1340; x_wconf 94' lang='lat'>.</span> <span class='ocrx_word' id='word_1_464' title='bbox 1939 1311 2089 1349; x_wconf 88' lang='lat' dir='ltr'>episcopi</span> <span class='ocrx_word' id='word_1_465' title='bbox 2107 1312 2138 1340; x_wconf 86' lang='lat' dir='ltr'>et</span> <span class='ocrx_word' id='word_1_466' title='bbox 2157 1310 2273 1340; x_wconf 87' lang='lat' dir='ltr'>dilecti</span> 
     </span>
     <span class='ocr_line' id='line_1_71' title="bbox 1260 1363 2272 1405; baseline -0.003 -9"><span class='ocrx_word' id='word_1_467' title='bbox 1260 1367 1322 1396; x_wconf 88' lang='lat' dir='ltr'>filii</span> <span class='ocrx_word' id='word_1_468' title='bbox 1343 1366 1514 1405; x_wconf 86' lang='lat' dir='ltr'>Stephani,</span> <span class='ocrx_word' id='word_1_469' title='bbox 1545 1365 1727 1395; x_wconf 84' lang='lat' dir='ltr'>familiaris</span> <span class='ocrx_word' id='word_1_470' title='bbox 1753 1364 1872 1400; x_wconf 88' lang='lat' dir='ltr'>nostri,</span> <span class='ocrx_word' id='word_1_471' title='bbox 1905 1364 2023 1394; x_wconf 89' lang='lat' dir='ltr'>decani</span> <span class='ocrx_word' id='word_1_472' title='bbox 2043 1363 2272 1399; x_wconf 89' lang='lat' dir='ltr'>Tullensium,</span> 
     </span>
     <span class='ocr_line' id='line_1_72' title="bbox 1259 1417 2275 1459; baseline -0.004 -9"><span class='ocrx_word' id='word_1_473' title='bbox 1259 1429 1318 1459; x_wconf 90' lang='lat' dir='ltr'>pro</span> <span class='ocrx_word' id='word_1_474' title='bbox 1336 1419 1432 1450; x_wconf 80' lang='lat' dir='ltr'>vobis</span> <span class='ocrx_word' id='word_1_475' title='bbox 1451 1419 1733 1450; x_wconf 86' lang='lat' dir='ltr'>intercedentium</span> <span class='ocrx_word' id='word_1_476' title='bbox 1751 1418 1785 1447; x_wconf 90' lang='lat' dir='ltr'>in</span> <span class='ocrx_word' id='word_1_477' title='bbox 1801 1418 1860 1448; x_wconf 89' lang='lat' dir='ltr'>hac</span> <span class='ocrx_word' id='word_1_478' title='bbox 1878 1419 1984 1456; x_wconf 87' lang='lat' dir='ltr'>parte,</span> <span class='ocrx_word' id='word_1_479' title='bbox 2003 1426 2038 1447; x_wconf 88' lang='lat' dir='ltr'>ac</span> <span class='ocrx_word' id='word_1_480' title='bbox 2053 1417 2178 1447; x_wconf 81' lang='lat' dir='ltr'>vestris</span> <span class='ocrx_word' id='word_1_481' title='bbox 2196 1425 2275 1455; x_wconf 89' lang='lat' dir='ltr'>sup-</span> 
     </span>
     <span class='ocr_line' id='line_1_73' title="bbox 1260 1469 2275 1511; baseline -0.003 -9"><span class='ocrx_word' id='word_1_482' title='bbox 1260 1472 1502 1511; x_wconf 81' lang='lat' dir='ltr'>plicationibus</span> <span class='ocrx_word' id='word_1_483' title='bbox 1519 1471 1685 1508; x_wconf 81' lang='lat' dir='ltr'>inclinati,</span> <span class='ocrx_word' id='word_1_484' title='bbox 1700 1472 1852 1502; x_wconf 77' lang='lat' dir='ltr'>volentes</span> <span class='ocrx_word' id='word_1_485' title='bbox 1865 1479 1924 1501; x_wconf 79' lang='lat' dir='ltr'>vos</span> <span class='ocrx_word' id='word_1_486' title='bbox 1940 1470 2100 1509; x_wconf 81' lang='lat' dir='ltr'>prosequi</span> <span class='ocrx_word' id='word_1_487' title='bbox 2115 1469 2275 1508; x_wconf 87' lang='lat' dir='ltr'>ampliori</span> 
     </span>
     <span class='ocr_line' id='line_1_74' title="bbox 1260 1522 2276 1565; baseline -0.004 -9"><span class='ocrx_word' id='word_1_488' title='bbox 1260 1526 1367 1565; x_wconf 81' lang='lat' dir='ltr'>gratia</span> <span class='ocrx_word' id='word_1_489' title='bbox 1391 1528 1424 1556; x_wconf 88' lang='lat' dir='ltr'>et</span> <span class='ocrx_word' id='word_1_490' title='bbox 1449 1525 1563 1556; x_wconf 84' lang='lat' dir='ltr'>favore</span> <span class='ocrx_word' id='word_1_491' title='bbox 1586 1534 1622 1555; x_wconf 89' lang='lat' dir='ltr'>ac</span> <span class='ocrx_word' id='word_1_492' title='bbox 1646 1526 1810 1563; x_wconf 87' lang='lat' dir='ltr'>perpetuo</span> <span class='ocrx_word' id='word_1_493' title='bbox 1830 1524 2038 1554; x_wconf 85' lang='lat' dir='ltr'>nominatam</span> <span class='ocrx_word' id='word_1_494' title='bbox 2062 1522 2276 1553; x_wconf 79' lang='lat' dir='ltr'>constitutio-</span> 
     </span>
     <span class='ocr_line' id='line_1_75' title="bbox 1260 1576 2276 1620; baseline -0.003 -11"><span class='ocrx_word' id='word_1_495' title='bbox 1260 1588 1336 1620; x_wconf 41' lang='lat' dir='ltr'>n-em</span> <span class='ocrx_word' id='word_1_496' title='bbox 1360 1579 1484 1615; x_wconf 76' lang='lat' dir='ltr'>valere,</span> <span class='ocrx_word' id='word_1_497' title='bbox 1513 1579 1602 1617; x_wconf 89' lang='lat' dir='ltr'>quod</span> <span class='ocrx_word' id='word_1_498' title='bbox 1623 1578 1663 1608; x_wconf 89' lang='lat' dir='ltr'>ab</span> <span class='ocrx_word' id='word_1_499' title='bbox 1690 1578 1807 1608; x_wconf 90' lang='lat' dir='ltr'>eodem</span> <span class='ocrx_word' id='word_1_500' title='bbox 1830 1577 1978 1616; x_wconf 87' lang='lat' dir='ltr'>capitulo</span> <span class='ocrx_word' id='word_1_501' title='bbox 1997 1585 2098 1615; x_wconf 83' lang='lat' dir='ltr'>super</span> <span class='ocrx_word' id='word_1_502' title='bbox 2120 1576 2181 1606; x_wconf 92' lang='lat' dir='ltr'>hoc</span> <span class='ocrx_word' id='word_1_503' title='bbox 2198 1584 2276 1614; x_wconf 91' lang='lat' dir='ltr'>pro-</span> 
     </span>
     <span class='ocr_line' id='line_1_76' title="bbox 1260 1630 2275 1670; baseline -0.002 -8"><span class='ocrx_word' id='word_1_504' title='bbox 1260 1633 1336 1662; x_wconf 89' lang='lat' dir='ltr'>vide</span> <span class='ocrx_word' id='word_1_505' title='bbox 1354 1633 1479 1662; x_wconf 86' lang='lat' dir='ltr'>factum</span> <span class='ocrx_word' id='word_1_506' title='bbox 1499 1634 1560 1665; x_wconf 81' lang='lat' dir='ltr'>est,</span> <span class='ocrx_word' id='word_1_507' title='bbox 1586 1634 1698 1662; x_wconf 85' lang='lat' dir='ltr'>ratum</span> <span class='ocrx_word' id='word_1_508' title='bbox 1715 1632 1876 1662; x_wconf 87' lang='lat' dir='ltr'>habentes</span> <span class='ocrx_word' id='word_1_509' title='bbox 1895 1633 1926 1661; x_wconf 88' lang='lat' dir='ltr'>et</span> <span class='ocrx_word' id='word_1_510' title='bbox 1947 1633 2092 1670; x_wconf 81' lang='lat' dir='ltr'>gratum,</span> <span class='ocrx_word' id='word_1_511' title='bbox 2112 1630 2146 1660; x_wconf 90' lang='lat' dir='ltr'>id</span> <span class='ocrx_word' id='word_1_512' title='bbox 2162 1632 2275 1660; x_wconf 90' lang='lat' dir='ltr'>aucto-</span> 
     </span>
     <span class='ocr_line' id='line_1_77' title="bbox 1260 1684 2276 1724; baseline -0.003 -8"><span class='ocrx_word' id='word_1_513' title='bbox 1260 1687 1359 1716; x_wconf 86' lang='lat' dir='ltr'>ritate</span> <span class='ocrx_word' id='word_1_514' title='bbox 1384 1686 1570 1724; x_wconf 88' lang='lat' dir='ltr'>apostolica</span> <span class='ocrx_word' id='word_1_515' title='bbox 1591 1686 1844 1720; x_wconf 85' lang='lat' dir='ltr'>confirmamus,</span> <span class='ocrx_word' id='word_1_516' title='bbox 1861 1688 1936 1720; x_wconf 81' lang='lat' dir='ltr'>etc.,</span> <span class='ocrx_word' id='word_1_517' title='bbox 1959 1692 2067 1723; x_wconf 87' lang='lat' dir='ltr'>usque</span> <span class='ocrx_word' id='word_1_518' title='bbox 2087 1684 2276 1714; x_wconf 87' lang='lat' dir='ltr'>communi·</span> 
     </span>
     <span class='ocr_line' id='line_1_78' title="bbox 1260 1737 2275 1778; baseline -0.002 -9"><span class='ocrx_word' id='word_1_519' title='bbox 1260 1748 1348 1769; x_wconf 87' lang='lat' dir='ltr'>mus.</span> <span class='ocrx_word' id='word_1_520' title='bbox 1375 1739 1469 1770; x_wconf 90' lang='lat' dir='ltr'>Nulli</span> <span class='ocrx_word' id='word_1_521' title='bbox 1498 1748 1575 1778; x_wconf 83' lang='lat' dir='ltr'>ergo</span> <span class='ocrx_word' id='word_1_522' title='bbox 1608 1741 1722 1769; x_wconf 74' lang='lat' dir='ltr'>nostre</span> <span class='ocrx_word' id='word_1_523' title='bbox 1752 1737 2031 1773; x_wconf 83' lang='lat' dir='ltr'>confirmationis,</span> <span class='ocrx_word' id='word_1_524' title='bbox 2061 1739 2123 1767; x_wconf 88' lang='grc'><strong>616.</strong></span> <span class='ocrx_word' id='word_1_525' title='bbox 2149 1737 2275 1767; x_wconf 85' lang='lat' dir='ltr'>Datum</span> 
     </span>
     <span class='ocr_line' id='line_1_79' title="bbox 1260 1790 2274 1831; baseline -0.003 -9"><span class='ocrx_word' id='word_1_526' title='bbox 1260 1793 1349 1831; x_wconf 90' lang='lat' dir='ltr'>apud</span> <span class='ocrx_word' id='word_1_527' title='bbox 1385 1792 1675 1827; x_wconf 82' lang='lat' dir='ltr'>Urbemveterem,</span> <span class='ocrx_word' id='word_1_528' title='bbox 1715 1801 1737 1821; x_wconf 79' lang='lat' dir='ltr'>x</span> <span class='ocrx_word' id='word_1_529' title='bbox 1774 1791 1936 1821; x_wconf 82' lang='lat' dir='ltr'>kalendas</span> <span class='ocrx_word' id='word_1_530' title='bbox 1980 1790 2154 1825; x_wconf 82' lang='lat' dir='ltr'>februarii,</span> <span class='ocrx_word' id='word_1_531' title='bbox 2187 1798 2274 1820; x_wconf 87' lang='lat' dir='ltr'>anno</span> 
     </span>
     <span class='ocr_line' id='line_1_80' title="bbox 1260 1846 1410 1876; baseline -0.013 0"><span class='ocrx_word' id='word_1_532' title='bbox 1260 1846 1372 1876; x_wconf 75' lang='lat' dir='ltr'>tertio.</span> <span class='ocrx_word' id='word_1_533' title='bbox 1396 1856 1410 1875; x_wconf 84' lang='lat'>›)</span> 
     </span>
    </p>
   </div>
   <div class='ocr_carea' id='block_1_8' title="bbox 1355 2020 1448 2050">
    <p class='ocr_par' dir='ltr' id='par_1_8' title="bbox 1355 2020 1448 2050">
     <span class='ocr_line' id='line_1_81' title="bbox 1355 2020 1448 2050; baseline -0.011 -1"><span class='ocrx_word' id='word_1_534' title='bbox 1355 2020 1448 2050; x_wconf 69' lang='lat'>1209</span> 
     </span>
    </p>
   </div>
   <div class='ocr_carea' id='block_1_9' title="bbox 1801 2016 2202 2051">
    <p class='ocr_par' dir='ltr' id='par_1_9' title="bbox 1801 2016 2202 2051">
     <span class='ocr_line' id='line_1_82' title="bbox 1801 2016 2202 2051; baseline 0 -8"><span class='ocrx_word' id='word_1_535' title='bbox 1801 2017 1925 2044; x_wconf 80' lang='lat' dir='ltr'>Orvieto.</span> <span class='ocrx_word' id='word_1_536' title='bbox 1945 2017 1979 2043; x_wconf 62' lang='lat'>24</span> <span class='ocrx_word' id='word_1_537' title='bbox 1992 2017 2104 2051; x_wconf 62' lang='lat' dir='ltr'>janvier</span> <span class='ocrx_word' id='word_1_538' title='bbox 2124 2016 2202 2043; x_wconf 62' lang='lat' dir='ltr'>lact.</span> 
     </span>
    </p>
   </div>
   <div class='ocr_carea' id='block_1_10' title="bbox 1262 2101 2273 2283">
    <p class='ocr_par' dir='ltr' id='par_1_10' title="bbox 1262 2101 2273 2283">
     <span class='ocr_line' id='line_1_83' title="bbox 1296 2101 2273 2136; baseline 0 -7"><span class='ocrx_word' id='word_1_539' title='bbox 1296 2102 1416 2129; x_wconf 78' lang='lat' dir='ltr'>Ot&#39;ticiali</span> <span class='ocrx_word' id='word_1_540' title='bbox 1438 2105 1465 2129; x_wconf 89' lang='lat' dir='ltr'>ct</span> <span class='ocrx_word' id='word_1_541' title='bbox 1480 2102 1620 2136; x_wconf 78' lang='lat' dir='ltr'>magistro</span> <span class='ocrx_word' id='word_1_542' title='bbox 1635 2102 1752 2132; x_wconf 65' lang='lat' dir='ltr'>Garsi-m,</span> <span class='ocrx_word' id='word_1_543' title='bbox 1772 2101 1909 2129; x_wconf 80' lang='lat' dir='ltr'>canonico</span> <span class='ocrx_word' id='word_1_544' title='bbox 1931 2102 2130 2129; x_wconf 56' lang='lat' dir='ltr'>trecensibus.</span> <span class='ocrx_word' id='word_1_545' title='bbox 2153 2102 2273 2129; x_wconf 77' lang='lat' dir='ltr'>mandat</span> 
     </span>
     <span class='ocr_line' id='line_1_84' title="bbox 1262 2150 2273 2186; baseline 0 -8"><span class='ocrx_word' id='word_1_546' title='bbox 1262 2155 1288 2178; x_wconf 90' lang='grc'>111</span> <span class='ocrx_word' id='word_1_547' title='bbox 1308 2152 1481 2186; x_wconf 77' lang='lat' dir='ltr'>magistrum</span> <span class='ocrx_word' id='word_1_548' title='bbox 1503 2151 1642 2178; x_wconf 81' lang='lat' dir='ltr'>Erardum</span> <span class='ocrx_word' id='word_1_549' title='bbox 1658 2152 1692 2177; x_wconf 80' lang='grc'>(16</span> <span class='ocrx_word' id='word_1_550' title='bbox 1708 2150 1854 2185; x_wconf 74' lang='lat' dir='ltr'>Lisiguiis,</span> <span class='ocrx_word' id='word_1_551' title='bbox 1872 2151 2052 2185; x_wconf 76' lang='lat' dir='ltr'>capellanum</span> <span class='ocrx_word' id='word_1_552' title='bbox 2070 2151 2273 2185; x_wconf 81' lang='lat' dir='ltr'>apostolicum,</span> 
     </span>
     <span class='ocr_line' id='line_1_85' title="bbox 1262 2199 2273 2235; baseline 0 -8"><span class='ocrx_word' id='word_1_553' title='bbox 1262 2200 1290 2227; x_wconf 89' lang='lat' dir='ltr'>in</span> <span class='ocrx_word' id='word_1_554' title='bbox 1304 2200 1427 2227; x_wconf 75' lang='lat' dir='ltr'>ccclesia</span> <span class='ocrx_word' id='word_1_555' title='bbox 1442 2200 1664 2227; x_wconf 80' lang='lat' dir='ltr'>Cathalauucusi</span> <span class='ocrx_word' id='word_1_556' title='bbox 1677 2200 1705 2226; x_wconf 92' lang='lat' dir='ltr'>in</span> <span class='ocrx_word' id='word_1_557' title='bbox 1718 2200 1889 2226; x_wconf 75' lang='lat' dir='ltr'>canonicum</span> <span class='ocrx_word' id='word_1_558' title='bbox 1902 2199 1989 2234; x_wconf 83' lang='lat' dir='ltr'>recipi</span> <span class='ocrx_word' id='word_1_559' title='bbox 2006 2200 2121 2226; x_wconf 76' lang='lat' dir='ltr'>saciant.</span> <span class='ocrx_word' id='word_1_560' title='bbox 2136 2200 2217 2235; x_wconf 63' lang='grc'><strong>111136,</strong></span> <span class='ocrx_word' id='word_1_561' title='bbox 2228 2201 2273 2234; x_wconf 74' lang='grc'>29,</span> 
     </span>
     <span class='ocr_line' id='line_1_86' title="bbox 1264 2249 1519 2283; baseline -0.004 -8"><span class='ocrx_word' id='word_1_562' title='bbox 1264 2249 1312 2276; x_wconf 84' lang='lat' dir='ltr'>sol.</span> <span class='ocrx_word' id='word_1_563' title='bbox 1333 2250 1376 2281; x_wconf 76' lang='lat'>03,</span> <span class='ocrx_word' id='word_1_564' title='bbox 1399 2255 1430 2276; x_wconf 89' lang='lat' dir='ltr'>n0</span> <span class='ocrx_word' id='word_1_565' title='bbox 1444 2250 1519 2283; x_wconf 70' lang='lat'>257.)</span> 
     </span>
    </p>
   </div>
   <div class='ocr_carea' id='block_1_11' title="bbox 1262 2351 2280 2924">
    <p class='ocr_par' dir='ltr' id='par_1_11' title="bbox 1262 2351 2280 2924">
     <span class='ocr_line' id='line_1_87' title="bbox 1302 2351 2273 2392; baseline 0 -9"><span class='ocrx_word' id='word_1_566' title='bbox 1302 2364 1318 2384; x_wconf 83' lang='grc'>1(</span> <span class='ocrx_word' id='word_1_567' title='bbox 1339 2376 1368 2382; x_wconf 94' lang='grc'>..</span> <span class='ocrx_word' id='word_1_568' title='bbox 1392 2352 1535 2392; x_wconf 74' lang='lat' dir='ltr'>officiali,</span> <span class='ocrx_word' id='word_1_569' title='bbox 1559 2357 1585 2381; x_wconf 80' lang='grc'>61</span> <span class='ocrx_word' id='word_1_570' title='bbox 1609 2352 1754 2391; x_wconf 71' lang='lat' dir='ltr'>mayislro</span> <span class='ocrx_word' id='word_1_571' title='bbox 1775 2351 1880 2382; x_wconf 77' lang='lat' dir='ltr'>Garsic</span> <span class='ocrx_word' id='word_1_572' title='bbox 1901 2352 2044 2381; x_wconf 76' lang='lat' dir='ltr'>canonico</span> <span class='ocrx_word' id='word_1_573' title='bbox 2069 2351 2273 2383; x_wconf 78' lang='lat' dir='ltr'>Trecensibus.</span> 
     </span>
     <span class='ocr_line' id='line_1_88' title="bbox 1262 2405 2276 2445; baseline -0.002 -8"><span class='ocrx_word' id='word_1_574' title='bbox 1262 2407 1425 2437; x_wconf 74' lang='lat' dir='ltr'>Volentes</span> <span class='ocrx_word' id='word_1_575' title='bbox 1455 2406 1615 2436; x_wconf 86' lang='lat' dir='ltr'>dilectum</span> <span class='ocrx_word' id='word_1_576' title='bbox 1654 2405 1762 2435; x_wconf 86' lang='lat' dir='ltr'>tilium</span> <span class='ocrx_word' id='word_1_577' title='bbox 1794 2405 1995 2445; x_wconf 87' lang='lat' dir='ltr'>magistrum</span> <span class='ocrx_word' id='word_1_578' title='bbox 2032 2405 2199 2436; x_wconf 85' lang='lat' dir='ltr'>Erardum</span> <span class='ocrx_word' id='word_1_579' title='bbox 2234 2405 2276 2436; x_wconf 86' lang='lat' dir='ltr'>de</span> 
     </span>
     <span class='ocr_line' id='line_1_89' title="bbox 1264 2457 2277 2498; baseline -0.001 -8"><span class='ocrx_word' id='word_1_580' title='bbox 1264 2459 1439 2498; x_wconf 86' lang='lat' dir='ltr'>Lisigniis,</span> <span class='ocrx_word' id='word_1_581' title='bbox 1457 2458 1670 2497; x_wconf 84' lang='lat' dir='ltr'>capellanum</span> <span class='ocrx_word' id='word_1_582' title='bbox 1690 2459 1856 2495; x_wconf 89' lang='lat' dir='ltr'>nostrum,</span> <span class='ocrx_word' id='word_1_583' title='bbox 1874 2467 1934 2489; x_wconf 91' lang='lat' dir='ltr'>sue</span> <span class='ocrx_word' id='word_1_584' title='bbox 1950 2457 2138 2489; x_wconf 85' lang='lat' dir='ltr'>nobilitatis</span> <span class='ocrx_word' id='word_1_585' title='bbox 2154 2460 2185 2489; x_wconf 88' lang='lat' dir='ltr'>et</span> <span class='ocrx_word' id='word_1_586' title='bbox 2202 2467 2277 2497; x_wconf 90' lang='lat' dir='ltr'>pro-</span> 
     </span>
     <span class='ocr_line' id='line_1_90' title="bbox 1263 2511 2275 2551; baseline 0.002 -10"><span class='ocrx_word' id='word_1_587' title='bbox 1263 2512 1380 2543; x_wconf 86' lang='lat' dir='ltr'>bitatis</span> <span class='ocrx_word' id='word_1_588' title='bbox 1404 2511 1555 2549; x_wconf 88' lang='lat' dir='ltr'>obtentu,</span> <span class='ocrx_word' id='word_1_589' title='bbox 1584 2511 1617 2541; x_wconf 93' lang='lat' dir='ltr'>in</span> <span class='ocrx_word' id='word_1_590' title='bbox 1636 2511 1897 2542; x_wconf 84' lang='lat' dir='ltr'>Cathalaunensi</span> <span class='ocrx_word' id='word_1_591' title='bbox 1923 2511 2065 2542; x_wconf 81' lang='grc'><strong>66616513</strong></span> <span class='ocrx_word' id='word_1_592' title='bbox 2089 2512 2142 2542; x_wconf 87' lang='grc'><strong>6111</strong></span> <span class='ocrx_word' id='word_1_593' title='bbox 2159 2520 2219 2551; x_wconf 90' lang='lat' dir='ltr'>per</span> <span class='ocrx_word' id='word_1_594' title='bbox 2239 2520 2275 2543; x_wconf 88' lang='lat' dir='ltr'>se</span> 
     </span>
     <span class='ocr_line' id='line_1_91' title="bbox 1264 2564 2275 2604; baseline 0.001 -9"><span class='ocrx_word' id='word_1_595' title='bbox 1264 2567 1295 2596; x_wconf 88' lang='lat' dir='ltr'>et</span> <span class='ocrx_word' id='word_1_596' title='bbox 1320 2574 1401 2595; x_wconf 89' lang='lat' dir='ltr'>suos</span> <span class='ocrx_word' id='word_1_597' title='bbox 1430 2564 1667 2603; x_wconf 87' lang='lat' dir='ltr'>multipliciter</span> <span class='ocrx_word' id='word_1_598' title='bbox 1700 2564 1796 2594; x_wconf 86' lang='lat' dir='ltr'>utilis</span> <span class='ocrx_word' id='word_1_599' title='bbox 1828 2573 1903 2595; x_wconf 88' lang='lat' dir='ltr'>esse</span> <span class='ocrx_word' id='word_1_600' title='bbox 1933 2565 2068 2604; x_wconf 84' lang='lat' dir='ltr'>poterit,</span> <span class='ocrx_word' id='word_1_601' title='bbox 2099 2565 2275 2602; x_wconf 87' lang='lat' dir='ltr'>collocare,</span> 
     </span>
     <span class='ocr_line' id='line_1_92' title="bbox 1263 2618 2278 2657; baseline 0 -8"><span class='ocrx_word' id='word_1_602' title='bbox 1263 2619 1459 2649; x_wconf 86' lang='lat' dir='ltr'>discretioni</span> <span class='ocrx_word' id='word_1_603' title='bbox 1483 2621 1594 2648; x_wconf 79' lang='lat' dir='ltr'>vestre</span> <span class='ocrx_word' id='word_1_604' title='bbox 1622 2618 1822 2648; x_wconf 78' lang='lat' dir='ltr'>mandamus</span> <span class='ocrx_word' id='word_1_605' title='bbox 1850 2619 2010 2657; x_wconf 83' lang='lat' dir='ltr'>quatinus</span> <span class='ocrx_word' id='word_1_606' title='bbox 2032 2627 2092 2648; x_wconf 79' lang='lat' dir='ltr'>vos</span> <span class='ocrx_word' id='word_1_607' title='bbox 2118 2619 2171 2648; x_wconf 73' lang='lat' dir='ltr'>vel</span> <span class='ocrx_word' id='word_1_608' title='bbox 2191 2618 2278 2649; x_wconf 86' lang='lat' dir='ltr'>alter</span> 
     </span>
     <span class='ocr_line' id='line_1_93' title="bbox 1264 2670 2276 2710; baseline 0 -8"><span class='ocrx_word' id='word_1_609' title='bbox 1264 2674 1415 2702; x_wconf 81' lang='lat' dir='ltr'>vestrum</span> <span class='ocrx_word' id='word_1_610' title='bbox 1432 2671 1576 2701; x_wconf 83' lang='lat' dir='ltr'>eundem</span> <span class='ocrx_word' id='word_1_611' title='bbox 1591 2670 1803 2710; x_wconf 86' lang='lat' dir='ltr'>capellanum</span> <span class='ocrx_word' id='word_1_612' title='bbox 1822 2671 1875 2701; x_wconf 80' lang='lat' dir='ltr'>vel</span> <span class='ocrx_word' id='word_1_613' title='bbox 1894 2674 2146 2710; x_wconf 82' lang='lat' dir='ltr'>procuratorem</span> <span class='ocrx_word' id='word_1_614' title='bbox 2164 2679 2276 2707; x_wconf 86' lang='lat' dir='ltr'>suum,</span> 
     </span>
     <span class='ocr_line' id='line_1_94' title="bbox 1264 2724 2280 2764; baseline 0 -9"><span class='ocrx_word' id='word_1_615' title='bbox 1264 2725 1337 2764; x_wconf 78' lang='lat' dir='ltr'>ejus</span> <span class='ocrx_word' id='word_1_616' title='bbox 1359 2725 1507 2761; x_wconf 88' lang='lat' dir='ltr'>nomine,</span> <span class='ocrx_word' id='word_1_617' title='bbox 1532 2732 1591 2763; x_wconf 88' lang='lat' dir='ltr'>per</span> <span class='ocrx_word' id='word_1_618' title='bbox 1612 2733 1672 2754; x_wconf 78' lang='lat' dir='ltr'>vos</span> <span class='ocrx_word' id='word_1_619' title='bbox 1690 2724 1743 2755; x_wconf 82' lang='lat' dir='ltr'>vel</span> <span class='ocrx_word' id='word_1_620' title='bbox 1764 2732 1822 2762; x_wconf 90' lang='lat' dir='ltr'>per</span> <span class='ocrx_word' id='word_1_621' title='bbox 1844 2724 1949 2754; x_wconf 89' lang='lat' dir='ltr'>alium</span> <span class='ocrx_word' id='word_1_622' title='bbox 1966 2733 2026 2755; x_wconf 86' lang='lat' dir='ltr'>seu</span> <span class='ocrx_word' id='word_1_623' title='bbox 2049 2724 2135 2755; x_wconf 87' lang='lat' dir='ltr'>alios</span> <span class='ocrx_word' id='word_1_624' title='bbox 2151 2724 2186 2755; x_wconf 91' lang='lat' dir='ltr'>in</span> <span class='ocrx_word' id='word_1_625' title='bbox 2203 2733 2280 2763; x_wconf 86' lang='lat' dir='ltr'>pre-</span> 
     </span>
     <span class='ocr_line' id='line_1_95' title="bbox 1264 2777 2278 2818; baseline 0.001 -10"><span class='ocrx_word' id='word_1_626' title='bbox 1264 2778 1332 2809; x_wconf 86' lang='lat' dir='ltr'>fata</span> <span class='ocrx_word' id='word_1_627' title='bbox 1350 2777 1615 2809; x_wconf 70' lang='lat' dir='ltr'>cathalaunensi</span> <span class='ocrx_word' id='word_1_628' title='bbox 1638 2777 1793 2813; x_wconf 83' lang='grc'><strong>66616513,</strong></span> <span class='ocrx_word' id='word_1_629' title='bbox 1815 2777 2014 2808; x_wconf 84' lang='lat' dir='ltr'>auctoritate</span> <span class='ocrx_word' id='word_1_630' title='bbox 2039 2780 2155 2808; x_wconf 87' lang='lat' dir='ltr'>nostra</span> <span class='ocrx_word' id='word_1_631' title='bbox 2172 2778 2278 2818; x_wconf 87' lang='lat' dir='ltr'>recipi</span> 
     </span>
     <span class='ocr_line' id='line_1_96' title="bbox 1265 2830 2275 2870; baseline 0.002 -9"><span class='ocrx_word' id='word_1_632' title='bbox 1265 2831 1398 2862; x_wconf 83' lang='lat' dir='ltr'>faciatis</span> <span class='ocrx_word' id='word_1_633' title='bbox 1414 2831 1447 2861; x_wconf 95' lang='lat' dir='ltr'>in</span> <span class='ocrx_word' id='word_1_634' title='bbox 1466 2830 1663 2861; x_wconf 86' lang='lat' dir='ltr'>canonicum</span> <span class='ocrx_word' id='word_1_635' title='bbox 1679 2832 1709 2861; x_wconf 88' lang='lat' dir='ltr'>et</span> <span class='ocrx_word' id='word_1_636' title='bbox 1723 2830 1757 2860; x_wconf 91' lang='lat' dir='ltr'>in</span> <span class='ocrx_word' id='word_1_637' title='bbox 1771 2830 1909 2861; x_wconf 83' lang='lat' dir='ltr'>fratrem</span> <span class='ocrx_word' id='word_1_638' title='bbox 1927 2831 2024 2870; x_wconf 83' lang='lat' dir='ltr'>eique</span> <span class='ocrx_word' id='word_1_639' title='bbox 2038 2831 2078 2862; x_wconf 86' lang='lat' dir='ltr'>de</span> <span class='ocrx_word' id='word_1_640' title='bbox 2091 2831 2275 2870; x_wconf 78' lang='lat' dir='ltr'>prebenda.</span> 
     </span>
     <span class='ocr_line' id='line_1_97' title="bbox 1265 2883 2276 2924; baseline 0.002 -10"><span class='ocrx_word' id='word_1_641' title='bbox 1265 2885 1293 2914; x_wconf 89' lang='grc'>51</span> <span class='ocrx_word' id='word_1_642' title='bbox 1313 2893 1378 2924; x_wconf 88' lang='lat' dir='ltr'>qua</span> <span class='ocrx_word' id='word_1_643' title='bbox 1395 2883 1521 2914; x_wconf 87' lang='lat' dir='ltr'>ibidem</span> <span class='ocrx_word' id='word_1_644' title='bbox 1537 2887 1631 2914; x_wconf 79' lang='lat' dir='ltr'>vacat</span> <span class='ocrx_word' id='word_1_645' title='bbox 1651 2883 1692 2914; x_wconf 87' lang='lat' dir='ltr'>ad</span> <span class='ocrx_word' id='word_1_646' title='bbox 1710 2892 1850 2923; x_wconf 84' lang='lat' dir='ltr'>presens</span> <span class='ocrx_word' id='word_1_647' title='bbox 1873 2883 1926 2915; x_wconf 81' lang='lat' dir='ltr'>vel</span> <span class='ocrx_word' id='word_1_648' title='bbox 1945 2884 2113 2923; x_wconf 85' lang='lat' dir='ltr'>quamcito</span> <span class='ocrx_word' id='word_1_649' title='bbox 2133 2884 2175 2915; x_wconf 86' lang='lat' dir='ltr'>ad</span> <span class='ocrx_word' id='word_1_650' title='bbox 2189 2885 2224 2915; x_wconf 88' lang='lat' dir='ltr'>id</span> <span class='ocrx_word' id='word_1_651' title='bbox 2239 2893 2276 2916; x_wconf 86' lang='lat' dir='ltr'>se</span> 
     </span>
    </p>
   </div>
  </div>
 </body>
</html>
