2659 3242
173 281 232 309 252

197 497 208 523 1
215 495 274 523 262

202 843 279 871 1262

181 892 269 927 janv.
310 892 341 919 3.

203 1296 281 1324 1262
399 1309 440 1316 —-

182 1345 270 1379 janv.
296 1344 343 1371 13.

206 1651 285 1679 1262
403 1666 442 1672 ,-

185 1701 274 1736 janv.
298 1700 345 1727 18.

208 1899 286 1928 1262
404 1905 444 1919 -’-

187 1949 274 1983 janv.
298 1947 348 1975 20.

210 2294 288 2321 1262
407 2307 446 2313 --

188 2343 276 2377 janv.
299 2342 346 2368 21.

210 2491 289 2519 1262
424 2505 463 2511 -

190 2539 269 2566 fevia
311 2541 341 2566 6.

213 2834 291 2861 1262
427 2851 465 2854 —

192 2882 271 2910 fevr.
314 2883 341 2910 7.

366 841 498 872 Viterbe.

975 272 1148 303 TABLES
1165 271 1226 303 DU
1245 269 1465 302 REGISTRE
1483 269 1693 300 D’URBAIN
1713 269 1758 300 1v

1104 368 1191 395 Pnges.
1210 366 1346 388 Numeros.

1142 433 1206 452 tome
1227 429 1256 451 Ν

579 493 742 529 Episcopo
791 489 961 520 sabinensi
1006 487 1141 514 faculta-
1176 482 1351 517 17913010

540 543 604 568 tem
645 542 793 569 concedit
838 537 982 575 personis
1025 534 1146 562 idonrris

540 590 724 618 conferendi
757 588 915 617 beneficia
957 587 989 613 in
1029 584 1145 612 diocesi

540 639 704 666 Anieiensi
746 637 912 670 vacantia,
957 635 1056 662 donec
1098 633 1139 660 ei-

542 687 613 714 dem
643 687 794 714 ecclesiae
823 686 861 713 de
889 685 1017 720 pastore
1044 682 1147 717 provi—

540 732 664 759 deatur.

1144 785 1208 804 tome
1230 781 1259 803 Ν

588 842 692 870 Priori
723 849 747 869 s.
777 840 941 869 Amatoris
962 837 1143 866 Autisiodo—
1179 834 1355 868 13312880

548 891 648 918 rensis
690 891 824 918 mandat
862 887 1016 923 assignari
1052 886 1147 913 faciat

547 939 787 974 archiepiscopo
837 936 1030 965 Bituricensi
1078 941 1147 970 pro-

546 994 664 1015 ventus
698 994 752 1023 per
786 994 883 1014 unum
919 992 1036 1013 annum
1084 991 1148 1011 om-

546 1037 635 1064 nium
679 1035 965 1064 ecclesiasticorum
1008 1032 1149 1066 ejusdem

548 1085 684 1112 diocesis
712 1084 952 1116 beneficiorum,
982 1082 1022 1109 ad
1051 1081 1151 1109 suble-

554 1134 692 1170 vanda¹
729 1133 941 1160 Bituricensis
1010 1130 1156 1157 ecclesiae

547 1189 641 1209 onera
666 1182 856 1209 debitorum.

820 1235 824 1238 “
1149 1237 1212 1256 tome
1234 1234 1263 1256 Ν

588 1293 708 1320 Abbati
735 1292 922 1320 monasterii
949 1298 973 1318 s.
1003 1290 1171 1325 Dionysii}
1202 1288 1238 1315 33
1257 1287 1261 1320 Ι
1278 1288 1353 1315 2881

551 1343 583 1369 in
616 1342 751 1368 Francia
783 1341 930 1368 concedit
964 1339 1150 1367 facultatem

548 1390 736 1418 absolvendi
760 1390 890 1417 clericos
913 1389 979 1425 qui,
1004 1395 1060 1423 pro
1083 1387 1150 1414 vio-

546 1440 634 1467 lenta
660 1439 831 1474 injectione
856 1445 1008 1466 manuum
1034 1438 1066 1464 in
1091 1436 1150 1463 cle-

546 1489 639 1520 ricos,
670 1487 861 1515 sententiam
897 1487 1150 1514 excommunica-

550 1537 652 1565 tionis
682 1536 892 1564 incurrerunt.

1150 1594 1214 1614 tome
1235 1591 1265 1613 Ν

591 1647 787 1675 Monasterio
810 1647 849 1674 de
870 1647 1064 1681 Favarcbiis,
1085 1644 1170 1679 Cis—1
1204 1646 1240 1672 33
1259 1645 1263 1677 1
1281 1645 1361 1672 2882

552 1697 716 1725 terciensis
758 1696 887 1730 ordinis,
930 1696 1153 1724 Noviomensis

548 1747 694 1780 diocesis,
726 1753 781 1773 sua
811 1746 893 1780 jura,
925 1745 1091 1781 privilegia
1120 1747 1152 1772 et

551 1795 776 1823 immunitates
813 1795 994 1822 confirmat.

1151 1853 1215 1873 tome
1237 1851 1266 1873 Ν

595 1897 715 1924 Abbati
736 1898 768 1924 et
790 1897 961 1924 conventui
983 1904 1007 1924 s.
1031 1896 1168 1931 Diony-1
1218 1907 1228 1919 »
1260 1896 1264 1928 1
1282 1896 1358 1924 2883

555 1946 593 1973 sii
614 1946 647 1973 in
667 1946 803 1973 Francia
824 1945 969 1980 indulget
991 1946 1026 1972 ut
1048 1945 1087 1971 ad
1108 1951 1154 1972 re—

551 1995 732 2029 ceptionem
766 1995 819 2021 vel
853 1994 1064 2028 provisionem
1099 1994 1154 2020 ali-

553 2043 647 2076 cujus
676 2043 707 2069 in
738 2042 944 2077 pensionibus
974 2044 1029 2069 aut
1059 2043 1154 2069 eecle-

553 2092 689 2118 siasticis
726 2091 898 2124 beneficiis,
936 2091 975 2117 ad
1012 2091 1153 2119 collatio-

550 2145 622 2167 nem
656 2146 763 2167 eorum
811 2140 1040 2175 spectantibus,
1076 2141 1144 2174 cogi

553 2190 755 2224 aliquatenus
783 2196 845 2216 non
875 2189 1006 2223 possint.

1154 2248 1217 2267 tome
1240 2246 1268 2267 Ν

591 2291 704 2319 Ordini
739 2289 940 2318 Cisterciensi
977 2290 1172 2324 libertates,1
1220 2302 1229 2314 υ
1260 2291 1358 2324 12884

552 2340 718 2375 privilegia
742 2342 773 2366 et
797 2340 1018 2367 immunitates
1039 2339 1153 2366 confir-

550 2390 628 2416 mat.

1153 2447 1217 2466 tome
1238 2445 1267 2466 Ν

594 2490 730 2517 Militiae
759 2490 883 2524 Templi
912 2490 1172 2524 Jerosolymita-1
1219 2501 1229 2513 »
1261 2490 1360 2523 12885

557 2539 589 2565 ni
622 2539 766 2572 indulget
800 2540 834 2565 ut
868 2538 908 2564 ad
940 2538 1152 2565 exhibendum

553 2589 585 2614 et
621 2587 848 2622 praestandum
886 2587 1037 2621 pecuniae
1071 2594 1153 2614 sum—

554 2642 624 2663 mas
644 2637 699 2662 aut
721 2636 903 2662 exactiones
925 2642 1152 2670 quascumque,

556 2691 756 2719 quacumque
812 2691 906 2711 causa
963 2685 1139 2719 impositas,

554 2733 685 2759 minime
712 2735 890 2760 teneantur.

1153 2792 1217 2811 tome
1239 2789 1267 2811 Ν

599 2835 758 2869 Episcopo
800 2834 982 2861 Mimatensi
1025 2835 1175 2866 mandat}
1215 2845 1223 2856 ι
1261 2835 1361 2866 12886

558 2883 699 2917 inquirat
735 2883 774 2909 de
808 2883 989 2910 excessibus
1022 2884 1154 2910 enormi-

555 2932 614 2959 bus
656 2930 872 2959 Ruthenensis
914 2932 1062 2966 episcopi.

1429 471 1506 498 1262

1409 520 1488 547 fevr.
1513 520 1559 547 13.

1594 469 1712 499 Viterbe

1432 711 1510 738 1262
1630 726 1669 730 ——

1410 759 1489 786 fevr.
1515 760 1561 786 15.

1433 869 1511 896 1262
1637 883 1675 886 —

1412 918 1491 945 fevr.
1513 918 1562 945 20.

1436 1264 1446 1289 l
1454 1263 1514 1290 262
1635 1280 1669 1283 -

1450 1658 1526 1684 1262
1647 1673 1686 1677 ———

1416 1707 1495 1735 fevr.
1517 1707 1568 1734 27.

1439 1952 1517 1978 1262
1647 1967 1685 1972 ffl-

1419 2000 1498 2027 few.
1522 2002 1571 2027 28.

1440 2345 1517 2372 1262
1637 2360 1677 2365 -

1418 2401 1502 2421 mars
1525 2395 1572 2421 ll.

1439 2738 1517 2765 1262
1643 2755 1680 2758 -

1418 2793 1502 2814 mars
1526 2786 1572 2813 12.

2335 364 2422 391 Paga.
2441 363 2578 386 Numeros.

2372 428 2436 447 tome
2457 426 2486 447 Ν

1801 470 1962 497 Nonnulla
1991 472 2085 505 pacta
2112 471 2220 498 irritat
2247 473 2280 498 et
2308 472 2390 502 ces-1
2425 470 2582 503 3512887

1774 521 1824 546 sat
1857 519 1974 554 quibus
2005 520 2093 546 certa
2127 519 2210 546 bona
2242 520 2372 547 Ambia-

1774 568 1879 594 nensis
1909 568 2059 595 ecclesiae
2088 562 2207 602 injuste
2236 568 2374 595 alienata

1777 623 1830 643 seu
1853 616 1893 643 ad
1915 623 2044 644 censum
2068 616 2144 643 data
2167 618 2271 643 erant.

2374 666 2439 686 tome
2459 663 2489 686 Ν

1816 709 1978 736 Nonnulla
2030 709 2198 744 privilegia
2249 709 2372 737 confert
2388 711 2392 742 1
2429 710 2466 736 77
2481 709 2486 742 1
2502 708 2584 737 3000

1778 758 1949 785 abbatibus
1988 755 2206 785 Cisterciensis
2247 758 2376 785 ordinis.

2185 808 2189 809 ⁷
2376 824 2441 845 tone
2461 822 2491 844 iv

1815 869 1936 895 Abbati
1967 870 2000 895 et
2030 868 2186 896 fratribus
2215 869 2392 899 monaste-l
2430 867 2581 900 7813001

1777 917 1816 944 rii
1841 917 2091 950 Grandissilvae,
2119 917 2239 944 ordinis
2262 907 2379 944 Cister-

1776 966 1899 999 ciensis,
1931 966 2107 994 Tolosanae
2139 966 2284 998 diocesis,
2304 972 2377 993 con-

1778 1015 1840 1042 fert
1865 1015 2054 1042 facultatem
2080 1015 2163 1042 bona
2190 1021 2245 1049 per
2269 1015 2377 1042 haere-

1776 1064 1912 1090 ditatem
1956 1064 2001 1090 eis
2042 1063 2159 1090 collata
2194 1063 2378 1098 recipiendi,

1775 1113 1900 1147 juribus
1929 1112 2108 1139 feodalibus
2137 1112 2297 1140 duntaxat
2327 1118 2380 1139 ex-

1777 1162 1888 1196 ceptis.

2380 1219 2444 1239 tone
2465 1216 2496 1239 Ν

1823 1263 1992 1298 Magistros
2033 1265 2062 1290 et
2107 1263 2221 1290 fratres
2261 1262 2398 1294 ordinis}
2432 1262 2590 1295 3512888

1781 1319 1805 1339 s.
1842 1312 2010 1340 Trinitatis
2045 1313 2079 1339 et
2113 1310 2324 1347 Captivorum
2363 1319 2380 1338 a

1778 1361 2030 1395 quibuscumque
2063 1360 2214 1395 pedagiis,
2250 1360 2388 1395 vinagiis

1776 1409 1951 1444 ceterisque
1985 1409 2204 1436 exactionibus
2244 1409 2284 1436 de
2316 1409 2381 1436 ani-

1777 1458 1924 1491 malibus,
1944 1457 2051 1491 blado,
2068 1458 2156 1491 vino,
2175 1458 2240 1485 sale
2258 1459 2290 1486 et
2309 1458 2382 1485 aliis

1777 1506 1860 1541 exigi
1886 1507 1998 1540 solitis,
2026 1506 2153 1541 penitus
2177 1507 2293 1535 liberos
2318 1514 2384 1535 esse

1779 1555 1931 1583 decernit.

2381 1614 2446 1634 tome
2467 1612 2498 1635 Ν

1839 1657 1939 1684 Priori
1969 1665 1993 1684 s.
2025 1657 2170 1691 Mag-lorii
2200 1657 2407 1692 Parisiensisl
2453 1668 2463 1682 n
2488 1657 2591 1692 12889

1777 1706 1911 1734 mandat
1931 1708 1966 1734 ut
1986 1706 2027 1734 ad
2045 1707 2276 1742 proprietatem
2297 1707 2379 1742 prio-

1779 1757 1869 1782 ratus
1889 1762 1913 1782 s.
1933 1755 2066 1783 Martini
2085 1755 2124 1782 de
2141 1753 2274 1790 Campis
2293 1755 2381 1782 Pari-

1780 1799 1889 1827 siensis
1912 1802 2040 1828 revocet
2065 1800 2148 1827 bona
2172 1800 2286 1828 illicite
2309 1800 2382 1827 alie-

1783 1851 1870 1878 nata.

2382 1907 2447 1927 tome
2468 1904 2498 1927 Ν

1818 1951 1910 1986 Quod
1953 1951 2120 1985 episcopus
2169 1950 2395 1981 Bituricensisj
2434 1950 2492 1981 691
2511 1949 2594 1978 2982

1783 2001 1884 2035 possit
1910 2000 2092 2034 dispensare
2116 2006 2187 2025 cum
2214 2005 2269 2026 sex
2293 1999 2382 2026 cleri-

1780 2049 1834 2082 cis,
1862 2049 1894 2075 in
1920 2056 1976 2075 suo
2001 2048 2133 2075 servitio
2159 2047 2381 2080 existentibus,

1781 2097 1865 2132 quod
1894 2097 2073 2131 percipiant
2100 2097 2225 2123 fructus
2251 2098 2283 2124 et
2311 2103 2381 2131 pro-

1780 2148 1897 2173 ventus
1919 2146 2170 2180 praebendarum
2194 2151 2273 2180 quas
2301 2145 2383 2172 obti-

1781 2196 1857 2221 nent
1878 2194 1909 2220 in
1927 2194 2063 2221 civitate
2080 2196 2113 2221 et
2132 2194 2248 2221 diocesi
2265 2193 2384 2221 Bituri-

1782 2243 1877 2269 censi.

2381 2299 2447 2321 tone
2467 2297 2498 2320 Ν

1825 2344 2019 2371 Monasterio
2038 2351 2062 2371 s.
2081 2344 2231 2371 Germani
2249 2343 2288 2370 de
2305 2343 2379 2370 Pra-
2395 2347 2398 2377 1
2435 2343 2474 2370 35
2490 2346 2494 2375 1
2512 2342 2592 2370 2890

1782 2393 1823 2420 tis
1858 2392 2043 2420 Parisiensis
2078 2392 2254 2427 privilegia,
2290 2392 2383 2419 liber-

1780 2443 1865 2469 tates
1876 2443 1907 2468 et
1924 2442 2145 2469 immunitates
2158 2441 2339 2469 confirmat.
2383 2452 2447 2470 «ome
2466 2448 2495 2470 iv

1820 2490 1934 2518 Ordini
1988 2490 2296 2517 Praemonstratensi
2333 2496 2397 2523 re·;
2436 2499 2448 2513 ι
2489 2489 2586 2521 12891

1780 2539 1905 2573 gulares
1921 2538 2151 2571 institutiones,
2169 2538 2208 2565 de
2223 2539 2382 2566 communi

1782 2588 1923 2614 omnium
1963 2594 2116 2614 consensu
2155 2587 2272 2619 editas,
2310 2593 2382 2613 con—

1782 2636 1902 2663 firmat.

2380 2692 2446 2714 tone
2466 2690 2498 2725 {V

1821 2737 1940 2765 Abbati
1973 2744 1996 2764 s.
2020 2737 2201 2765 Genovefae
2223 2737 2376 2764 Parisien—
2396 2738 2400 2769 1
2432 2736 2472 2763 39
2492 2735 2588 2768 12893

1784 2787 1826 2813 sis
1848 2786 1981 2813 mandat
2004 2792 2044 2813 ne
2067 2786 2234 2821 permittat
2257 2791 2382 2812 monas·

1781 2835 1896 2864 terium
1928 2842 1951 2862 s.
1982 2835 2131 2862 Germani
2160 2834 2200 2861 de
2228 2834 2334 2861 Pratis
2363 2840 2380 2860 a

1782 2883 1942 2910 nonnullis
1974 2883 2135 2918 praelatis,
2168 2882 2318 2917 capitulis
2349 2883 2379 2910 et

1782 2931 1976 2959 officialibus
2009 2931 2190 2966 inquietari.

2652 1924 2659 1951 1
