<?xml version="1.0" encoding="UTF-8"?>
<!DOCTYPE html PUBLIC "-//W3C//DTD XHTML 1.0 Transitional//EN"
    "http://www.w3.org/TR/xhtml1/DTD/xhtml1-transitional.dtd">
<html xmlns="http://www.w3.org/1999/xhtml" xml:lang="en" lang="en">
 <head>
  <title>
</title>
<meta http-equiv="Content-Type" content="text/html;charset=utf-8" />
  <meta name='ocr-system' content='tesseract 3.04.00' />
  <meta name='ocr-capabilities' content='ocr_page ocr_carea ocr_par ocr_line ocrx_word'/>
</head>
<body>
  <div class='ocr_page' id='page_1' title='image "./lesregistresdurb34cath/lesregistresdurb34cath_0219.png"; bbox 0 0 2519 3262; ppageno 0'>
   <div class='ocr_carea' id='block_1_1' title="bbox 1092 186 2345 230">
    <p class='ocr_par' dir='ltr' id='par_1_1' title="bbox 1092 186 2345 230">
     <span class='ocr_line' id='line_1_1' title="bbox 1092 186 2345 230; baseline 0.003 -4"><span class='ocrx_word' id='word_1_1' title='bbox 1092 187 1335 226; x_wconf 68' lang='lat' dir='ltr'>TROISIEME</span> <span class='ocrx_word' id='word_1_2' title='bbox 1364 186 1531 224; x_wconf 77' lang='lat' dir='ltr'>ANNEE.</span> <span class='ocrx_word' id='word_1_3' title='bbox 2296 203 2345 230; x_wconf 79' lang='lat'>181</span> 
     </span>
    </p>
   </div>
   <div class='ocr_carea' id='block_1_2' title="bbox 820 278 1216 307">
    <p class='ocr_par' dir='ltr' id='par_1_2' title="bbox 820 278 1216 307">
     <span class='ocr_line' id='line_1_2' title="bbox 820 278 1216 307; baseline -0.005 -1"><span class='ocrx_word' id='word_1_4' title='bbox 820 280 942 307; x_wconf 60' lang='grc'><strong>111-11610.</strong></span> <span class='ocrx_word' id='word_1_5' title='bbox 964 280 994 306; x_wconf 81' lang='grc'>16</span> <span class='ocrx_word' id='word_1_6' title='bbox 1009 279 1112 305; x_wconf 80' lang='grc' dir='ltr'><strong>1”6ν1·161·</strong></span> <span class='ocrx_word' id='word_1_7' title='bbox 1137 278 1216 305; x_wconf 68' lang='grc'><strong>1264.</strong></span> 
     </span>
    </p>
   </div>
   <div class='ocr_carea' id='block_1_3' title="bbox 366 283 462 313">
    <p class='ocr_par' dir='ltr' id='par_1_3' title="bbox 366 283 462 313">
     <span class='ocr_line' id='line_1_3' title="bbox 366 283 462 313; baseline 0 0"><span class='ocrx_word' id='word_1_8' title='bbox 366 283 462 313; x_wconf 82' lang='lat'>1332</span> 
     </span>
    </p>
   </div>
   <div class='ocr_carea' id='block_1_4' title="bbox 271 363 1287 493">
    <p class='ocr_par' dir='ltr' id='par_1_4' title="bbox 271 363 1287 493">
     <span class='ocr_line' id='line_1_4' title="bbox 307 363 1287 396; baseline -0.005 -4"><span class='ocrx_word' id='word_1_9' title='bbox 307 365 429 392; x_wconf 66' lang='lat' dir='ltr'>iohanni</span> <span class='ocrx_word' id='word_1_10' title='bbox 452 365 595 392; x_wconf 73' lang='lat' dir='ltr'>Ottaviani</span> <span class='ocrx_word' id='word_1_11' title='bbox 620 366 653 392; x_wconf 88' lang='lat' dir='ltr'>de</span> <span class='ocrx_word' id='word_1_12' title='bbox 681 365 842 392; x_wconf 69' lang='grc' dir='ltr'><strong>Δηὼ-106115</strong></span> <span class='ocrx_word' id='word_1_13' title='bbox 865 364 1066 391; x_wconf 81' lang='lat' dir='ltr'>canonicatum</span> <span class='ocrx_word' id='word_1_14' title='bbox 1090 365 1115 389; x_wconf 86' lang='lat' dir='ltr'>et</span> <span class='ocrx_word' id='word_1_15' title='bbox 1143 363 1287 396; x_wconf 70' lang='lat' dir='ltr'>praeben-</span> 
     </span>
     <span class='ocr_line' id='line_1_5' title="bbox 271 411 1286 441; baseline -0.005 0"><span class='ocrx_word' id='word_1_16' title='bbox 271 415 338 441; x_wconf 75' lang='lat' dir='ltr'>dam</span> <span class='ocrx_word' id='word_1_17' title='bbox 355 414 493 441; x_wconf 78' lang='lat' dir='ltr'>secularis</span> <span class='ocrx_word' id='word_1_18' title='bbox 517 414 654 441; x_wconf 85' lang='lat' dir='ltr'>ecclesiae</span> <span class='ocrx_word' id='word_1_19' title='bbox 668 423 691 440; x_wconf 89' lang='lat' dir='ltr'>s.</span> <span class='ocrx_word' id='word_1_20' title='bbox 716 413 820 440; x_wconf 81' lang='lat' dir='ltr'>Mariae</span> <span class='ocrx_word' id='word_1_21' title='bbox 844 412 1053 439; x_wconf 81' lang='lat' dir='ltr'>Transtiberim</span> <span class='ocrx_word' id='word_1_22' title='bbox 1075 412 1109 437; x_wconf 87' lang='lat' dir='ltr'>de</span> <span class='ocrx_word' id='word_1_23' title='bbox 1133 411 1218 441; x_wconf 74' lang='lat' dir='ltr'>Urbe,</span> <span class='ocrx_word' id='word_1_24' title='bbox 1238 411 1286 440; x_wconf 56' lang='lat' dir='ltr'>M„</span> 
     </span>
     <span class='ocr_line' id='line_1_6' title="bbox 271 459 1283 493; baseline -0.005 -3"><span class='ocrx_word' id='word_1_25' title='bbox 271 472 293 490; x_wconf 91' lang='lat' dir='ltr'>s.</span> <span class='ocrx_word' id='word_1_26' title='bbox 314 463 419 490; x_wconf 79' lang='lat' dir='ltr'>Mariae</span> <span class='ocrx_word' id='word_1_27' title='bbox 438 463 465 489; x_wconf 92' lang='grc'>111</span> <span class='ocrx_word' id='word_1_28' title='bbox 493 463 606 489; x_wconf 88' lang='lat' dir='ltr'>Porticu</span> <span class='ocrx_word' id='word_1_29' title='bbox 632 463 752 489; x_wconf 77' lang='lat' dir='ltr'>diacono</span> <span class='ocrx_word' id='word_1_30' title='bbox 775 461 925 489; x_wconf 82' lang='lat' dir='ltr'>cardinali.</span> <span class='ocrx_word' id='word_1_31' title='bbox 954 460 1139 493; x_wconf 72' lang='lat' dir='ltr'>commissae,</span> <span class='ocrx_word' id='word_1_32' title='bbox 1157 459 1283 486; x_wconf 79' lang='lat' dir='ltr'>confert.</span> 
     </span>
    </p>
   </div>
   <div class='ocr_carea' id='block_1_5' title="bbox 270 512 702 546">
    <p class='ocr_par' dir='ltr' id='par_1_5' title="bbox 270 512 702 546">
     <span class='ocr_line' id='line_1_7' title="bbox 270 512 702 546; baseline 0.005 -9"><span class='ocrx_word' id='word_1_33' title='bbox 270 512 348 546; x_wconf 72' lang='lat' dir='ltr'>(Risu.</span> <span class='ocrx_word' id='word_1_34' title='bbox 367 513 411 542; x_wconf 67' lang='lat'>29,</span> <span class='ocrx_word' id='word_1_35' title='bbox 434 512 480 538; x_wconf 84' lang='lat' dir='ltr'>t&#39;ol.</span> <span class='ocrx_word' id='word_1_36' title='bbox 502 513 560 541; x_wconf 82' lang='grc'><strong>116,</strong></span> <span class='ocrx_word' id='word_1_37' title='bbox 581 515 612 537; x_wconf 85' lang='lat' dir='ltr'>n⁰</span> <span class='ocrx_word' id='word_1_38' title='bbox 627 512 702 545; x_wconf 74' lang='lat'>382.)</span> 
     </span>
    </p>
   </div>
   <div class='ocr_carea' id='block_1_6' title="bbox 268 618 1281 811">
    <p class='ocr_par' dir='ltr' id='par_1_6' title="bbox 268 618 1281 811">
     <span class='ocr_line' id='line_1_8' title="bbox 309 618 1281 654; baseline -0.004 -3"><span class='ocrx_word' id='word_1_39' title='bbox 309 633 323 651; x_wconf 86' lang='grc'>11</span> <span class='ocrx_word' id='word_1_40' title='bbox 341 622 477 652; x_wconf 77' lang='lat' dir='ltr'>Jolmnni</span> <span class='ocrx_word' id='word_1_41' title='bbox 500 621 656 651; x_wconf 71' lang='lat' dir='ltr'>Octaviani</span> <span class='ocrx_word' id='word_1_42' title='bbox 683 620 718 649; x_wconf 82' lang='lat' dir='ltr'>de</span> <span class='ocrx_word' id='word_1_43' title='bbox 742 619 932 654; x_wconf 78' lang='lat' dir='ltr'>Andrioclis,</span> <span class='ocrx_word' id='word_1_44' title='bbox 950 620 1095 648; x_wconf 70' lang='lat' dir='ltr'>canonico</span> <span class='ocrx_word' id='word_1_45' title='bbox 1119 618 1242 648; x_wconf 84' lang='lat' dir='ltr'><em>ecclesie</em></span> <span class='ocrx_word' id='word_1_46' title='bbox 1258 628 1281 648; x_wconf 83' lang='lat' dir='ltr'>s.</span> 
     </span>
     <span class='ocr_line' id='line_1_9' title="bbox 269 672 1281 711; baseline -0.002 -7"><span class='ocrx_word' id='word_1_47' title='bbox 269 675 364 704; x_wconf 75' lang='grc' dir='ltr'><em>Μανὶε</em></span> <span class='ocrx_word' id='word_1_48' title='bbox 391 674 610 704; x_wconf 78' lang='lat' dir='ltr'>Transtiberim</span> <span class='ocrx_word' id='word_1_49' title='bbox 628 673 662 702; x_wconf 83' lang='lat' dir='ltr'>de</span> <span class='ocrx_word' id='word_1_50' title='bbox 692 672 781 703; x_wconf 79' lang='lat' dir='ltr'>Urbe.</span> <span class='ocrx_word' id='word_1_51' title='bbox 807 673 858 702; x_wconf 78' lang='lat' dir='ltr'>Ad</span> <span class='ocrx_word' id='word_1_52' title='bbox 884 672 1159 711; x_wconf 86' lang='lat' dir='ltr'>prosequendum</span> <span class='ocrx_word' id='word_1_53' title='bbox 1183 674 1214 702; x_wconf 89' lang='lat' dir='ltr'>te</span> <span class='ocrx_word' id='word_1_54' title='bbox 1233 689 1281 700; x_wconf 90' lang='lat'><strong>——-.</strong></span> 
     </span>
     <span class='ocr_line' id='line_1_10' title="bbox 268 725 1278 766; baseline -0.004 -8"><span class='ocrx_word' id='word_1_55' title='bbox 268 729 392 759; x_wconf 87' lang='lat' dir='ltr'>Datum</span> <span class='ocrx_word' id='word_1_56' title='bbox 421 727 509 766; x_wconf 86' lang='lat' dir='ltr'>apud</span> <span class='ocrx_word' id='word_1_57' title='bbox 549 726 839 761; x_wconf 87' lang='lat' dir='ltr'>Urbemveterem,</span> <span class='ocrx_word' id='word_1_58' title='bbox 879 735 921 755; x_wconf 78' lang='lat' dir='ltr'>xv</span> <span class='ocrx_word' id='word_1_59' title='bbox 959 726 1122 755; x_wconf 82' lang='lat' dir='ltr'>kalendas</span> <span class='ocrx_word' id='word_1_60' title='bbox 1152 725 1278 761; x_wconf 84' lang='lat' dir='ltr'>martii,</span> 
     </span>
     <span class='ocr_line' id='line_1_11' title="bbox 269 781 519 811; baseline -0.008 -1"><span class='ocrx_word' id='word_1_61' title='bbox 269 790 355 811; x_wconf 87' lang='lat' dir='ltr'>anno</span> <span class='ocrx_word' id='word_1_62' title='bbox 369 781 480 811; x_wconf 89' lang='lat' dir='ltr'>tertio.</span> <span class='ocrx_word' id='word_1_63' title='bbox 505 790 519 809; x_wconf 72' lang='grc'>1)</span> 
     </span>
    </p>
   </div>
   <div class='ocr_carea' id='block_1_7' title="bbox 806 968 1206 1001">
    <p class='ocr_par' dir='ltr' id='par_1_7' title="bbox 806 968 1206 1001">
     <span class='ocr_line' id='line_1_12' title="bbox 806 968 1206 1001; baseline 0.003 -6"><span class='ocrx_word' id='word_1_64' title='bbox 806 968 930 1001; x_wconf 81' lang='lat' dir='ltr'>Orvieto,</span> <span class='ocrx_word' id='word_1_65' title='bbox 950 969 980 996; x_wconf 81' lang='lat' dir='ltr'>to</span> <span class='ocrx_word' id='word_1_66' title='bbox 1002 968 1106 995; x_wconf 74' lang='lat' dir='ltr'>sevrier</span> <span class='ocrx_word' id='word_1_67' title='bbox 1129 969 1206 996; x_wconf 71' lang='lat'>1264.</span> 
     </span>
    </p>
   </div>
   <div class='ocr_carea' id='block_1_8' title="bbox 359 972 454 1003">
    <p class='ocr_par' dir='ltr' id='par_1_8' title="bbox 359 972 454 1003">
     <span class='ocr_line' id='line_1_13' title="bbox 359 972 454 1003; baseline 0 0"><span class='ocrx_word' id='word_1_68' title='bbox 359 972 454 1003; x_wconf 84' lang='lat'>1333</span> 
     </span>
    </p>
   </div>
   <div class='ocr_carea' id='block_1_9' title="bbox 264 1053 1277 1139">
    <p class='ocr_par' dir='ltr' id='par_1_9' title="bbox 264 1053 1277 1139">
     <span class='ocr_line' id='line_1_14' title="bbox 300 1053 1277 1089; baseline -0.001 -8"><span class='ocrx_word' id='word_1_69' title='bbox 300 1054 485 1089; x_wconf 77' lang='lat' dir='ltr'>Infrascripto</span> <span class='ocrx_word' id='word_1_70' title='bbox 513 1055 674 1089; x_wconf 71' lang='lat' dir='ltr'>praedictae</span> <span class='ocrx_word' id='word_1_71' title='bbox 702 1054 863 1081; x_wconf 82' lang='lat' dir='ltr'>collationis</span> <span class='ocrx_word' id='word_1_72' title='bbox 888 1053 1047 1081; x_wconf 86' lang='lat' dir='ltr'>committit</span> <span class='ocrx_word' id='word_1_73' title='bbox 1064 1055 1277 1081; x_wconf 77' lang='lat' dir='ltr'><strong>executionem.</strong></span> 
     </span>
     <span class='ocr_line' id='line_1_15' title="bbox 264 1103 693 1139; baseline -0.002 -9"><span class='ocrx_word' id='word_1_74' title='bbox 264 1104 343 1139; x_wconf 72' lang='lat' dir='ltr'>(Res.</span> <span class='ocrx_word' id='word_1_75' title='bbox 363 1104 407 1136; x_wconf 67' lang='lat'>29,</span> <span class='ocrx_word' id='word_1_76' title='bbox 427 1103 474 1131; x_wconf 84' lang='lat' dir='ltr'>fol.</span> <span class='ocrx_word' id='word_1_77' title='bbox 496 1104 554 1135; x_wconf 78' lang='lat' dir='ltr'>llo,</span> <span class='ocrx_word' id='word_1_78' title='bbox 571 1108 601 1130; x_wconf 80' lang='lat' dir='ltr'>n⁰</span> <span class='ocrx_word' id='word_1_79' title='bbox 617 1104 693 1138; x_wconf 83' lang='lat'>383.)</span> 
     </span>
    </p>
   </div>
   <div class='ocr_carea' id='block_1_10' title="bbox 262 1218 1278 1366">
    <p class='ocr_par' dir='ltr' id='par_1_10' title="bbox 262 1218 1278 1366">
     <span class='ocr_line' id='line_1_16' title="bbox 304 1218 1278 1260; baseline -0.003 -9"><span class='ocrx_word' id='word_1_80' title='bbox 304 1231 321 1252; x_wconf 88' lang='lat'>«</span> <span class='ocrx_word' id='word_1_81' title='bbox 340 1221 460 1251; x_wconf 73' lang='lat' dir='ltr'>Matheo</span> <span class='ocrx_word' id='word_1_82' title='bbox 480 1219 591 1260; x_wconf 70' lang='lat' dir='ltr'>Anqeli</span> <span class='ocrx_word' id='word_1_83' title='bbox 619 1219 947 1256; x_wconf 72' lang='lat' dir='ltr'>Tkeohaldi‚canonico</span> <span class='ocrx_word' id='word_1_84' title='bbox 971 1219 1095 1249; x_wconf 76' lang='lat' dir='ltr'>basilice</span> <span class='ocrx_word' id='word_1_85' title='bbox 1118 1218 1278 1258; x_wconf 79' lang='lat' dir='ltr'>Principis</span> 
     </span>
     <span class='ocr_line' id='line_1_17' title="bbox 262 1273 1274 1314; baseline -0.002 -10"><span class='ocrx_word' id='word_1_86' title='bbox 262 1274 478 1314; x_wconf 75' lang='lat' dir='ltr'><em>Apostolorum</em></span> <span class='ocrx_word' id='word_1_87' title='bbox 496 1274 530 1304; x_wconf 80' lang='lat' dir='ltr'>(le</span> <span class='ocrx_word' id='word_1_88' title='bbox 547 1273 635 1304; x_wconf 54' lang='lat' dir='ltr'>(Ji-be.</span> <span class='ocrx_word' id='word_1_89' title='bbox 649 1274 700 1304; x_wconf 71' lang='lat' dir='ltr'>Ad</span> <span class='ocrx_word' id='word_1_90' title='bbox 715 1274 987 1312; x_wconf 87' lang='lat' dir='ltr'>prosequendum</span> <span class='ocrx_word' id='word_1_91' title='bbox 1002 1274 1064 1303; x_wconf 81' lang='lat' dir='ltr'>etc.</span> <span class='ocrx_word' id='word_1_92' title='bbox 1082 1290 1129 1303; x_wconf 91' lang='lat'>—.</span> <span class='ocrx_word' id='word_1_93' title='bbox 1149 1273 1274 1303; x_wconf 87' lang='lat' dir='ltr'>Datum</span> 
     </span>
     <span class='ocr_line' id='line_1_18' title="bbox 263 1327 1277 1366; baseline -0.001 -9"><span class='ocrx_word' id='word_1_94' title='bbox 263 1328 351 1366; x_wconf 86' lang='lat' dir='ltr'>apud</span> <span class='ocrx_word' id='word_1_95' title='bbox 380 1327 668 1363; x_wconf 73' lang='lat' dir='ltr'>Urbemveterem,</span> <span class='ocrx_word' id='word_1_96' title='bbox 686 1336 730 1357; x_wconf 78' lang='lat' dir='ltr'>xv</span> <span class='ocrx_word' id='word_1_97' title='bbox 757 1327 921 1357; x_wconf 77' lang='lat' dir='ltr'>kalendas</span> <span class='ocrx_word' id='word_1_98' title='bbox 941 1327 1066 1363; x_wconf 87' lang='lat' dir='ltr'>martii,</span> <span class='ocrx_word' id='word_1_99' title='bbox 1095 1335 1182 1357; x_wconf 89' lang='lat' dir='ltr'>anno</span> <span class='ocrx_word' id='word_1_100' title='bbox 1212 1328 1277 1356; x_wconf 89' lang='lat' dir='ltr'>ter-</span> 
     </span>
    </p>
   </div>
   <div class='ocr_carea' id='block_1_11' title="bbox 264 1381 362 1411">
    <p class='ocr_par' dir='ltr' id='par_1_11' title="bbox 264 1381 362 1411">
     <span class='ocr_line' id='line_1_19' title="bbox 264 1381 362 1411; baseline -0.01 0"><span class='ocrx_word' id='word_1_101' title='bbox 264 1381 323 1411; x_wconf 86' lang='lat' dir='ltr'>tio.</span> <span class='ocrx_word' id='word_1_102' title='bbox 346 1390 362 1410; x_wconf 89' lang='lat'>&gt;›</span> 
     </span>
    </p>
   </div>
   <div class='ocr_carea' id='block_1_12' title="bbox 818 1571 1202 1602">
    <p class='ocr_par' dir='ltr' id='par_1_12' title="bbox 818 1571 1202 1602">
     <span class='ocr_line' id='line_1_20' title="bbox 818 1571 1202 1602; baseline 0 -5"><span class='ocrx_word' id='word_1_103' title='bbox 818 1571 941 1602; x_wconf 74' lang='lat' dir='ltr'>Orvieto,</span> <span class='ocrx_word' id='word_1_104' title='bbox 961 1572 991 1599; x_wconf 75' lang='lat'>19</span> <span class='ocrx_word' id='word_1_105' title='bbox 1006 1572 1108 1597; x_wconf 77' lang='lat' dir='ltr'>t&#39;evricr</span> <span class='ocrx_word' id='word_1_106' title='bbox 1126 1571 1202 1598; x_wconf 70' lang='lat'>1202.</span> 
     </span>
    </p>
   </div>
   <div class='ocr_carea' id='block_1_13' title="bbox 354 1573 451 1605">
    <p class='ocr_par' dir='ltr' id='par_1_13' title="bbox 354 1573 451 1605">
     <span class='ocr_line' id='line_1_21' title="bbox 354 1573 451 1605; baseline 0 -1"><span class='ocrx_word' id='word_1_107' title='bbox 354 1573 451 1605; x_wconf 70' lang='lat'>1334</span> 
     </span>
    </p>
   </div>
   <div class='ocr_carea' id='block_1_14' title="bbox 255 1655 1277 1936">
    <p class='ocr_par' dir='ltr' id='par_1_14' title="bbox 255 1655 1277 1936">
     <span class='ocr_line' id='line_1_22' title="bbox 296 1655 1275 1691; baseline -0.001 -8"><span class='ocrx_word' id='word_1_108' title='bbox 296 1657 434 1691; x_wconf 79' lang='lat' dir='ltr'>Episcopo</span> <span class='ocrx_word' id='word_1_109' title='bbox 462 1655 675 1684; x_wconf 83' lang='lat' dir='ltr'>Constantiensi</span> <span class='ocrx_word' id='word_1_110' title='bbox 711 1655 839 1690; x_wconf 75' lang='lat' dir='ltr'>indulget</span> <span class='ocrx_word' id='word_1_111' title='bbox 868 1658 892 1681; x_wconf 87' lang='lat' dir='ltr'>ut</span> <span class='ocrx_word' id='word_1_112' title='bbox 925 1656 1072 1690; x_wconf 74' lang='lat' dir='ltr'>ltodogero</span> <span class='ocrx_word' id='word_1_113' title='bbox 1101 1656 1134 1682; x_wconf 90' lang='lat' dir='ltr'>de</span> <span class='ocrx_word' id='word_1_114' title='bbox 1162 1655 1275 1683; x_wconf 76' lang='grc'><strong>0101011,</strong></span> 
     </span>
     <span class='ocr_line' id='line_1_23' title="bbox 258 1704 1277 1740; baseline -0.002 -7"><span class='ocrx_word' id='word_1_115' title='bbox 258 1706 362 1733; x_wconf 79' lang='lat' dir='ltr'>clerico</span> <span class='ocrx_word' id='word_1_116' title='bbox 382 1706 473 1740; x_wconf 90' lang='lat' dir='ltr'>ipsius</span> <span class='ocrx_word' id='word_1_117' title='bbox 494 1705 631 1740; x_wconf 75' lang='lat' dir='ltr'>episcopi.</span> <span class='ocrx_word' id='word_1_118' title='bbox 654 1705 765 1732; x_wconf 88' lang='lat' dir='ltr'>nullum</span> <span class='ocrx_word' id='word_1_119' title='bbox 793 1705 884 1731; x_wconf 84' lang='lat' dir='ltr'>adhuc</span> <span class='ocrx_word' id='word_1_120' title='bbox 909 1705 1077 1731; x_wconf 73' lang='lat' dir='ltr'>beneficium</span> <span class='ocrx_word' id='word_1_121' title='bbox 1101 1704 1277 1732; x_wconf 85' lang='lat' dir='ltr'>ecclesiasti·</span> 
     </span>
     <span class='ocr_line' id='line_1_24' title="bbox 259 1753 1276 1789; baseline -0.002 -7"><span class='ocrx_word' id='word_1_122' title='bbox 259 1763 324 1782; x_wconf 85' lang='grc'><strong>611111</strong></span> <span class='ocrx_word' id='word_1_123' title='bbox 339 1757 479 1785; x_wconf 84' lang='lat' dir='ltr'>assecuto,</span> <span class='ocrx_word' id='word_1_124' title='bbox 507 1754 535 1780; x_wconf 84' lang='lat' dir='ltr'>in</span> <span class='ocrx_word' id='word_1_125' title='bbox 552 1754 673 1781; x_wconf 79' lang='lat' dir='ltr'>ecclesia</span> <span class='ocrx_word' id='word_1_126' title='bbox 691 1754 850 1784; x_wconf 83' lang='lat' dir='ltr'>Turicensi,</span> <span class='ocrx_word' id='word_1_127' title='bbox 871 1754 931 1789; x_wconf 76' lang='lat' dir='ltr'>ejus</span> <span class='ocrx_word' id='word_1_128' title='bbox 947 1754 1081 1781; x_wconf 67' lang='lat' dir='ltr'>diocesis.</span> <span class='ocrx_word' id='word_1_129' title='bbox 1099 1753 1177 1788; x_wconf 78' lang='lat' dir='ltr'>cujus</span> <span class='ocrx_word' id='word_1_130' title='bbox 1193 1762 1276 1780; x_wconf 85' lang='lat' dir='ltr'>cano-</span> 
     </span>
     <span class='ocr_line' id='line_1_25' title="bbox 260 1802 1273 1838; baseline -0.002 -8"><span class='ocrx_word' id='word_1_131' title='bbox 260 1804 389 1830; x_wconf 88' lang='lat' dir='ltr'>nicorum</span> <span class='ocrx_word' id='word_1_132' title='bbox 416 1803 540 1838; x_wconf 79' lang='lat' dir='ltr'>receptio</span> <span class='ocrx_word' id='word_1_133' title='bbox 569 1806 597 1830; x_wconf 87' lang='lat' dir='ltr'>et</span> <span class='ocrx_word' id='word_1_134' title='bbox 622 1803 851 1837; x_wconf 83' lang='lat' dir='ltr'>praebendarum</span> <span class='ocrx_word' id='word_1_135' title='bbox 875 1802 991 1829; x_wconf 78' lang='lat' dir='ltr'>collatio</span> <span class='ocrx_word' id='word_1_136' title='bbox 1018 1803 1051 1829; x_wconf 86' lang='lat' dir='ltr'>ad</span> <span class='ocrx_word' id='word_1_137' title='bbox 1079 1803 1273 1837; x_wconf 85' lang='lat' dir='ltr'>praepositum</span> 
     </span>
     <span class='ocr_line' id='line_1_26' title="bbox 255 1851 1275 1887; baseline -0.001 -8"><span class='ocrx_word' id='word_1_138' title='bbox 255 1855 282 1879; x_wconf 85' lang='lat' dir='ltr'>et</span> <span class='ocrx_word' id='word_1_139' title='bbox 298 1852 454 1887; x_wconf 88' lang='lat' dir='ltr'>capitulum</span> <span class='ocrx_word' id='word_1_140' title='bbox 467 1852 596 1887; x_wconf 83' lang='lat' dir='ltr'>ejusdem</span> <span class='ocrx_word' id='word_1_141' title='bbox 612 1851 749 1879; x_wconf 79' lang='lat' dir='ltr'>ccclesiae</span> <span class='ocrx_word' id='word_1_142' title='bbox 764 1851 918 1886; x_wconf 81' lang='lat' dir='ltr'>pei-tinent,</span> <span class='ocrx_word' id='word_1_143' title='bbox 931 1852 1130 1878; x_wconf 76' lang='lat' dir='ltr'>canonicatum</span> <span class='ocrx_word' id='word_1_144' title='bbox 1147 1854 1173 1878; x_wconf 83' lang='lat' dir='ltr'>ct</span> <span class='ocrx_word' id='word_1_145' title='bbox 1191 1859 1275 1886; x_wconf 83' lang='lat' dir='ltr'>prae-</span> 
     </span>
     <span class='ocr_line' id='line_1_27' title="bbox 260 1900 992 1936; baseline -0.001 -7"><span class='ocrx_word' id='word_1_146' title='bbox 260 1903 382 1929; x_wconf 81' lang='lat' dir='ltr'>bendam</span> <span class='ocrx_word' id='word_1_147' title='bbox 400 1901 540 1928; x_wconf 82' lang='lat' dir='ltr'>conferat.</span> <span class='ocrx_word' id='word_1_148' title='bbox 560 1902 639 1936; x_wconf 70' lang='lat' dir='ltr'>(Rea.</span> <span class='ocrx_word' id='word_1_149' title='bbox 657 1902 700 1928; x_wconf 72' lang='lat'>29.</span> <span class='ocrx_word' id='word_1_150' title='bbox 719 1900 767 1927; x_wconf 86' lang='lat' dir='ltr'>sol.</span> <span class='ocrx_word' id='word_1_151' title='bbox 794 1902 851 1933; x_wconf 79' lang='lat' dir='ltr'>tto,</span> <span class='ocrx_word' id='word_1_152' title='bbox 872 1906 902 1927; x_wconf 81' lang='grc' dir='ltr'>11ο</span> <span class='ocrx_word' id='word_1_153' title='bbox 915 1901 992 1935; x_wconf 65' lang='lat'>382.)</span> 
     </span>
    </p>
   </div>
   <div class='ocr_carea' id='block_1_15' title="bbox 257 2018 1273 2162">
    <p class='ocr_par' dir='ltr' id='par_1_15' title="bbox 257 2018 1273 2162">
     <span class='ocr_line' id='line_1_28' title="bbox 298 2018 1273 2058; baseline 0.002 -11"><span class='ocrx_word' id='word_1_154' title='bbox 298 2029 312 2047; x_wconf 89' lang='lat'>«</span> <span class='ocrx_word' id='word_1_155' title='bbox 346 2018 499 2058; x_wconf 83' lang='lat' dir='ltr'><em>Episcopo</em></span> <span class='ocrx_word' id='word_1_156' title='bbox 541 2018 776 2049; x_wconf 71' lang='lat' dir='ltr'>Constantiensi.</span> <span class='ocrx_word' id='word_1_157' title='bbox 807 2019 914 2049; x_wconf 86' lang='lat' dir='ltr'>Tuam</span> <span class='ocrx_word' id='word_1_158' title='bbox 945 2019 1185 2058; x_wconf 71' lang='lat' dir='ltr'>prosequimur</span> <span class='ocrx_word' id='word_1_159' title='bbox 1220 2019 1273 2050; x_wconf 88' lang='lat' dir='ltr'>ho-</span> 
     </span>
     <span class='ocr_line' id='line_1_29' title="bbox 258 2071 1273 2111; baseline 0 -9"><span class='ocrx_word' id='word_1_160' title='bbox 258 2081 338 2103; x_wconf 85' lang='lat' dir='ltr'>nore</span> <span class='ocrx_word' id='word_1_161' title='bbox 358 2090 406 2100; x_wconf 89' lang='lat'>—.</span> <span class='ocrx_word' id='word_1_162' title='bbox 432 2073 556 2102; x_wconf 85' lang='lat' dir='ltr'>Datum</span> <span class='ocrx_word' id='word_1_163' title='bbox 587 2072 675 2111; x_wconf 88' lang='lat' dir='ltr'>apud</span> <span class='ocrx_word' id='word_1_164' title='bbox 704 2071 993 2106; x_wconf 70' lang='lat' dir='ltr'>Urbemxeterem,</span> <span class='ocrx_word' id='word_1_165' title='bbox 1029 2081 1075 2102; x_wconf 82' lang='lat' dir='ltr'>xii</span> <span class='ocrx_word' id='word_1_166' title='bbox 1108 2072 1273 2103; x_wconf 84' lang='lat' dir='ltr'>kalendas</span> 
     </span>
     <span class='ocr_line' id='line_1_30' title="bbox 257 2125 654 2162; baseline -0.003 -6"><span class='ocrx_word' id='word_1_167' title='bbox 257 2126 383 2162; x_wconf 86' lang='lat' dir='ltr'>martii,</span> <span class='ocrx_word' id='word_1_168' title='bbox 402 2134 488 2156; x_wconf 85' lang='lat' dir='ltr'>anno</span> <span class='ocrx_word' id='word_1_169' title='bbox 505 2125 617 2156; x_wconf 84' lang='lat' dir='ltr'>tertio.</span> <span class='ocrx_word' id='word_1_170' title='bbox 639 2135 654 2155; x_wconf 78' lang='lat' dir='ltr'>n</span> 
     </span>
    </p>
   </div>
   <div class='ocr_carea' id='block_1_16' title="bbox 801 2319 1197 2351">
    <p class='ocr_par' dir='ltr' id='par_1_16' title="bbox 801 2319 1197 2351">
     <span class='ocr_line' id='line_1_31' title="bbox 801 2319 1197 2351; baseline 0.008 -6"><span class='ocrx_word' id='word_1_171' title='bbox 801 2319 925 2351; x_wconf 82' lang='lat' dir='ltr'>Orvieto,</span> <span class='ocrx_word' id='word_1_172' title='bbox 947 2321 978 2347; x_wconf 83' lang='grc'>15</span> <span class='ocrx_word' id='word_1_173' title='bbox 997 2320 1101 2347; x_wconf 69' lang='lat' dir='ltr'>sevrier</span> <span class='ocrx_word' id='word_1_174' title='bbox 1120 2321 1197 2348; x_wconf 75' lang='lat'>1204.</span> 
     </span>
    </p>
   </div>
   <div class='ocr_carea' id='block_1_17' title="bbox 349 2321 444 2352">
    <p class='ocr_par' dir='ltr' id='par_1_17' title="bbox 349 2321 444 2352">
     <span class='ocr_line' id='line_1_32' title="bbox 349 2321 444 2352; baseline -0.011 0"><span class='ocrx_word' id='word_1_175' title='bbox 349 2321 444 2352; x_wconf 74' lang='lat'>1335</span> 
     </span>
    </p>
   </div>
   <div class='ocr_carea' id='block_1_18' title="bbox 256 2403 1270 2488">
    <p class='ocr_par' dir='ltr' id='par_1_18' title="bbox 256 2403 1270 2488">
     <span class='ocr_line' id='line_1_33' title="bbox 291 2403 1270 2440; baseline 0.001 -10"><span class='ocrx_word' id='word_1_176' title='bbox 291 2403 428 2439; x_wconf 81' lang='lat' dir='ltr'>Quicquid</span> <span class='ocrx_word' id='word_1_177' title='bbox 447 2412 496 2438; x_wconf 81' lang='lat' dir='ltr'>per</span> <span class='ocrx_word' id='word_1_178' title='bbox 511 2404 684 2438; x_wconf 80' lang='lat' dir='ltr'>Philippum,</span> <span class='ocrx_word' id='word_1_179' title='bbox 700 2405 768 2431; x_wconf 87' lang='lat' dir='ltr'>dum</span> <span class='ocrx_word' id='word_1_180' title='bbox 787 2412 835 2438; x_wconf 88' lang='lat' dir='ltr'>pro</span> <span class='ocrx_word' id='word_1_181' title='bbox 853 2404 972 2431; x_wconf 66' lang='grc'><strong>1116161151</strong></span> <span class='ocrx_word' id='word_1_182' title='bbox 995 2404 1129 2440; x_wconf 86' lang='lat' dir='ltr'>episcopo</span> <span class='ocrx_word' id='word_1_183' title='bbox 1145 2413 1174 2431; x_wconf 85' lang='lat' dir='ltr'>se</span> <span class='ocrx_word' id='word_1_184' title='bbox 1190 2412 1270 2439; x_wconf 81' lang='lat' dir='ltr'>gere-</span> 
     </span>
     <span class='ocr_line' id='line_1_34' title="bbox 256 2452 1234 2488; baseline 0.001 -9"><span class='ocrx_word' id='word_1_185' title='bbox 256 2453 316 2486; x_wconf 86' lang='lat' dir='ltr'>bat,</span> <span class='ocrx_word' id='word_1_186' title='bbox 333 2452 442 2480; x_wconf 85' lang='lat' dir='ltr'>factum</span> <span class='ocrx_word' id='word_1_187' title='bbox 459 2452 568 2487; x_wconf 80' lang='lat' dir='ltr'>extitit,</span> <span class='ocrx_word' id='word_1_188' title='bbox 585 2453 746 2480; x_wconf 84' lang='lat' dir='ltr'>confirmat.</span> <span class='ocrx_word' id='word_1_189' title='bbox 766 2454 844 2486; x_wconf 72' lang='lat' dir='ltr'>(ltsso.</span> <span class='ocrx_word' id='word_1_190' title='bbox 861 2453 905 2485; x_wconf 75' lang='lat'>29,</span> <span class='ocrx_word' id='word_1_191' title='bbox 927 2452 976 2480; x_wconf 86' lang='lat' dir='ltr'>fol.</span> <span class='ocrx_word' id='word_1_192' title='bbox 996 2454 1045 2481; x_wconf 85' lang='grc'>116</span> <span class='ocrx_word' id='word_1_193' title='bbox 1061 2460 1100 2488; x_wconf 79' lang='lat' dir='ltr'>v⁰,</span> <span class='ocrx_word' id='word_1_194' title='bbox 1116 2460 1146 2480; x_wconf 66' lang='grc' dir='ltr'>11Ω</span> <span class='ocrx_word' id='word_1_195' title='bbox 1158 2455 1234 2488; x_wconf 74' lang='grc'><strong>385.)</strong></span> 
     </span>
    </p>
   </div>
   <div class='ocr_carea' id='block_1_19' title="bbox 255 2568 1270 2929">
    <p class='ocr_par' dir='ltr' id='par_1_19' title="bbox 255 2568 1270 2929">
     <span class='ocr_line' id='line_1_35' title="bbox 297 2568 1270 2607; baseline 0.003 -10"><span class='ocrx_word' id='word_1_196' title='bbox 297 2578 311 2597; x_wconf 89' lang='grc'>1(</span> <span class='ocrx_word' id='word_1_197' title='bbox 332 2568 382 2598; x_wconf 83' lang='lat' dir='ltr'>Ad</span> <span class='ocrx_word' id='word_1_198' title='bbox 399 2569 536 2607; x_wconf 77' lang='lat' dir='ltr'>futuram</span> <span class='ocrx_word' id='word_1_199' title='bbox 562 2569 605 2598; x_wconf 78' lang='lat' dir='ltr'>rei</span> <span class='ocrx_word' id='word_1_200' title='bbox 633 2569 816 2598; x_wconf 71' lang='lat' dir='ltr'>memoriam.</span> <span class='ocrx_word' id='word_1_201' title='bbox 841 2569 931 2600; x_wconf 81' lang='lat' dir='ltr'>Olim</span> <span class='ocrx_word' id='word_1_202' title='bbox 953 2569 1097 2600; x_wconf 81' lang='lat' dir='ltr'>Metensi</span> <span class='ocrx_word' id='word_1_203' title='bbox 1127 2569 1270 2600; x_wconf 75' lang='lat' dir='ltr'>ecclesia</span> 
     </span>
     <span class='ocr_line' id='line_1_36' title="bbox 256 2622 1269 2662; baseline 0.001 -10"><span class='ocrx_word' id='word_1_204' title='bbox 256 2622 418 2652; x_wconf 88' lang='lat' dir='ltr'>destituta</span> <span class='ocrx_word' id='word_1_205' title='bbox 445 2623 579 2661; x_wconf 79' lang='lat' dir='ltr'>pastore</span> <span class='ocrx_word' id='word_1_206' title='bbox 603 2631 639 2653; x_wconf 90' lang='lat' dir='ltr'>ac</span> <span class='ocrx_word' id='word_1_207' title='bbox 656 2622 786 2652; x_wconf 90' lang='lat' dir='ltr'>duabus</span> <span class='ocrx_word' id='word_1_208' title='bbox 805 2622 839 2652; x_wconf 90' lang='lat' dir='ltr'>in</span> <span class='ocrx_word' id='word_1_209' title='bbox 856 2622 929 2662; x_wconf 89' lang='lat' dir='ltr'>ipsa</span> <span class='ocrx_word' id='word_1_210' title='bbox 945 2622 1182 2659; x_wconf 83' lang='lat' dir='ltr'>electionibus,</span> <span class='ocrx_word' id='word_1_211' title='bbox 1203 2632 1269 2653; x_wconf 87' lang='lat' dir='ltr'>una</span> 
     </span>
     <span class='ocr_line' id='line_1_37' title="bbox 255 2675 1266 2715; baseline 0.002 -10"><span class='ocrx_word' id='word_1_212' title='bbox 255 2675 411 2706; x_wconf 85' lang='lat' dir='ltr'>videlicet</span> <span class='ocrx_word' id='word_1_213' title='bbox 437 2675 476 2706; x_wconf 88' lang='lat' dir='ltr'>de</span> <span class='ocrx_word' id='word_1_214' title='bbox 496 2675 618 2706; x_wconf 89' lang='lat' dir='ltr'>dilecto</span> <span class='ocrx_word' id='word_1_215' title='bbox 639 2676 708 2706; x_wconf 90' lang='lat' dir='ltr'>filio</span> <span class='ocrx_word' id='word_1_216' title='bbox 729 2676 909 2715; x_wconf 73' lang='lat' dir='ltr'>Phylippo,</span> <span class='ocrx_word' id='word_1_217' title='bbox 934 2677 1012 2706; x_wconf 89' lang='lat' dir='ltr'>tunc</span> <span class='ocrx_word' id='word_1_218' title='bbox 1040 2675 1266 2711; x_wconf 85' lang='lat' dir='ltr'>thesaurario,</span> 
     </span>
     <span class='ocr_line' id='line_1_38' title="bbox 256 2729 1267 2768; baseline 0.002 -10"><span class='ocrx_word' id='word_1_219' title='bbox 256 2730 287 2758; x_wconf 91' lang='lat' dir='ltr'>et</span> <span class='ocrx_word' id='word_1_220' title='bbox 306 2729 372 2759; x_wconf 85' lang='lat' dir='ltr'>alia</span> <span class='ocrx_word' id='word_1_221' title='bbox 396 2729 436 2760; x_wconf 91' lang='lat' dir='ltr'>de</span> <span class='ocrx_word' id='word_1_222' title='bbox 463 2730 633 2768; x_wconf 83' lang='lat' dir='ltr'>quondam</span> <span class='ocrx_word' id='word_1_223' title='bbox 657 2729 862 2764; x_wconf 86' lang='lat' dir='ltr'>Theobaldo,</span> <span class='ocrx_word' id='word_1_224' title='bbox 881 2731 1015 2760; x_wconf 86' lang='lat' dir='ltr'>cantore</span> <span class='ocrx_word' id='word_1_225' title='bbox 1034 2729 1145 2768; x_wconf 88' lang='lat' dir='ltr'>ipsius</span> <span class='ocrx_word' id='word_1_226' title='bbox 1162 2730 1267 2760; x_wconf 89' lang='lat' dir='ltr'>eccle-</span> 
     </span>
     <span class='ocr_line' id='line_1_39' title="bbox 255 2782 1266 2822; baseline 0.002 -10"><span class='ocrx_word' id='word_1_227' title='bbox 255 2782 316 2818; x_wconf 83' lang='lat' dir='ltr'>sie,</span> <span class='ocrx_word' id='word_1_228' title='bbox 336 2783 370 2812; x_wconf 88' lang='lat' dir='ltr'>in</span> <span class='ocrx_word' id='word_1_229' title='bbox 395 2783 566 2813; x_wconf 84' lang='lat' dir='ltr'>discordia</span> <span class='ocrx_word' id='word_1_230' title='bbox 584 2783 774 2817; x_wconf 88' lang='lat' dir='ltr'>celebratis,</span> <span class='ocrx_word' id='word_1_231' title='bbox 794 2783 929 2813; x_wconf 88' lang='lat' dir='ltr'>tandem</span> <span class='ocrx_word' id='word_1_232' title='bbox 951 2782 1143 2821; x_wconf 87' lang='lat' dir='ltr'>hujusmodi</span> <span class='ocrx_word' id='word_1_233' title='bbox 1168 2792 1266 2822; x_wconf 85' lang='lat' dir='ltr'>nego-</span> 
     </span>
     <span class='ocr_line' id='line_1_40' title="bbox 255 2835 1266 2875; baseline 0.002 -10"><span class='ocrx_word' id='word_1_234' title='bbox 255 2835 340 2866; x_wconf 85' lang='lat' dir='ltr'>tium</span> <span class='ocrx_word' id='word_1_235' title='bbox 363 2845 423 2875; x_wconf 91' lang='lat' dir='ltr'>per</span> <span class='ocrx_word' id='word_1_236' title='bbox 446 2836 709 2875; x_wconf 83' lang='lat' dir='ltr'>appellationem</span> <span class='ocrx_word' id='word_1_237' title='bbox 736 2836 889 2875; x_wconf 88' lang='lat' dir='ltr'>ejusdem</span> <span class='ocrx_word' id='word_1_238' title='bbox 912 2836 950 2866; x_wconf 90' lang='lat' dir='ltr'>P.</span> <span class='ocrx_word' id='word_1_239' title='bbox 981 2836 1044 2866; x_wconf 85' lang='lat' dir='ltr'>suit</span> <span class='ocrx_word' id='word_1_240' title='bbox 1075 2837 1116 2867; x_wconf 90' lang='lat' dir='ltr'>ad</span> <span class='ocrx_word' id='word_1_241' title='bbox 1150 2837 1266 2867; x_wconf 91' lang='lat' dir='ltr'>sedem</span> 
     </span>
     <span class='ocr_line' id='line_1_41' title="bbox 255 2889 1267 2929; baseline 0 -9"><span class='ocrx_word' id='word_1_242' title='bbox 255 2890 475 2928; x_wconf 85' lang='lat' dir='ltr'>apostolicam</span> <span class='ocrx_word' id='word_1_243' title='bbox 501 2889 652 2929; x_wconf 83' lang='lat' dir='ltr'>legitime</span> <span class='ocrx_word' id='word_1_244' title='bbox 668 2890 876 2921; x_wconf 86' lang='lat' dir='ltr'>devolutum.</span> <span class='ocrx_word' id='word_1_245' title='bbox 898 2889 970 2925; x_wconf 87' lang='lat' dir='ltr'>Quo</span> <span class='ocrx_word' id='word_1_246' title='bbox 989 2891 1021 2920; x_wconf 89' lang='lat' dir='ltr'>in</span> <span class='ocrx_word' id='word_1_247' title='bbox 1042 2890 1135 2920; x_wconf 84' lang='lat' dir='ltr'>curia</span> <span class='ocrx_word' id='word_1_248' title='bbox 1151 2891 1267 2921; x_wconf 88' lang='lat' dir='ltr'>nostra</span> 
     </span>
    </p>
   </div>
   <div class='ocr_carea' id='block_1_20' title="bbox 1293 277 1319 2916">
    <p class='ocr_par' dir='ltr' id='par_1_20' title="bbox 1293 277 1319 2916">
     <span class='ocr_line' id='line_1_42' title="bbox 1293 277 1319 2916; baseline 0 0"><span class='ocrx_word' id='word_1_249' title='bbox 1293 277 1319 2916; x_wconf 95' lang='lat' dir='ltr'> </span> 
     </span>
    </p>
   </div>
   <div class='ocr_carea' id='block_1_21' title="bbox 1331 277 2350 1910">
    <p class='ocr_par' dir='ltr' id='par_1_21' title="bbox 1331 277 2350 1910">
     <span class='ocr_line' id='line_1_43' title="bbox 1343 277 2349 317; baseline 0.006 -11"><span class='ocrx_word' id='word_1_250' title='bbox 1343 277 1520 315; x_wconf 84' lang='lat' dir='ltr'>pendente,</span> <span class='ocrx_word' id='word_1_251' title='bbox 1547 277 1656 307; x_wconf 80' lang='lat' dir='ltr'>dictus</span> <span class='ocrx_word' id='word_1_252' title='bbox 1685 278 1735 313; x_wconf 60' lang='lat' dir='ltr'>P„</span> <span class='ocrx_word' id='word_1_253' title='bbox 1758 279 1905 308; x_wconf 82' lang='lat' dir='ltr'>conlisus</span> <span class='ocrx_word' id='word_1_254' title='bbox 1932 279 2020 317; x_wconf 77' lang='lat' dir='ltr'>quod</span> <span class='ocrx_word' id='word_1_255' title='bbox 2040 279 2127 309; x_wconf 85' lang='lat' dir='ltr'>idem</span> <span class='ocrx_word' id='word_1_256' title='bbox 2148 284 2262 311; x_wconf 69' lang='grc'><strong>6311101</strong></span> <span class='ocrx_word' id='word_1_257' title='bbox 2281 291 2349 313; x_wconf 74' lang='lat' dir='ltr'>ces·</span> 
     </span>
     <span class='ocr_line' id='line_1_44' title="bbox 1343 330 2350 371; baseline 0.007 -13"><span class='ocrx_word' id='word_1_258' title='bbox 1343 331 1433 359; x_wconf 88' lang='lat' dir='ltr'>serat</span> <span class='ocrx_word' id='word_1_259' title='bbox 1451 330 1519 368; x_wconf 89' lang='lat' dir='ltr'>juri</span> <span class='ocrx_word' id='word_1_260' title='bbox 1541 338 1613 365; x_wconf 84' lang='lat' dir='ltr'>suo,</span> <span class='ocrx_word' id='word_1_261' title='bbox 1637 330 1836 361; x_wconf 79' lang='lat' dir='ltr'>electionem</span> <span class='ocrx_word' id='word_1_262' title='bbox 1851 331 1890 361; x_wconf 87' lang='grc'>(16</span> <span class='ocrx_word' id='word_1_263' title='bbox 1908 331 1981 369; x_wconf 87' lang='lat' dir='ltr'>ipso</span> <span class='ocrx_word' id='word_1_264' title='bbox 2003 332 2134 367; x_wconf 81' lang='lat' dir='ltr'>factam,</span> <span class='ocrx_word' id='word_1_265' title='bbox 2158 342 2252 371; x_wconf 84' lang='lat' dir='ltr'>per..</span> <span class='ocrx_word' id='word_1_266' title='bbox 2272 335 2350 365; x_wconf 81' lang='lat' dir='ltr'>Tre-</span> 
     </span>
     <span class='ocr_line' id='line_1_45' title="bbox 1343 383 2350 422; baseline 0.005 -11"><span class='ocrx_word' id='word_1_267' title='bbox 1343 391 1517 412; x_wconf 85' lang='lat' dir='ltr'>verensem</span> <span class='ocrx_word' id='word_1_268' title='bbox 1528 383 1683 419; x_wconf 81' lang='lat' dir='ltr'>electum,</span> <span class='ocrx_word' id='word_1_269' title='bbox 1696 383 1758 413; x_wconf 89' lang='lat' dir='ltr'>loci</span> <span class='ocrx_word' id='word_1_270' title='bbox 1770 384 2081 422; x_wconf 79' lang='lat' dir='ltr'>metropolitanum,</span> <span class='ocrx_word' id='word_1_271' title='bbox 2093 387 2283 416; x_wconf 75' lang='lat' dir='ltr'>contii-mari</span> <span class='ocrx_word' id='word_1_272' title='bbox 2296 388 2350 418; x_wconf 86' lang='lat' dir='ltr'>ob-</span> 
     </span>
     <span class='ocr_line' id='line_1_46' title="bbox 1342 435 2347 478; baseline 0.007 -14"><span class='ocrx_word' id='word_1_273' title='bbox 1342 436 1441 465; x_wconf 81' lang='lat' dir='ltr'>tinuit</span> <span class='ocrx_word' id='word_1_274' title='bbox 1459 438 1489 466; x_wconf 87' lang='lat' dir='ltr'>et</span> <span class='ocrx_word' id='word_1_275' title='bbox 1510 435 1573 465; x_wconf 87' lang='lat' dir='ltr'>sibi</span> <span class='ocrx_word' id='word_1_276' title='bbox 1595 435 1636 465; x_wconf 89' lang='lat' dir='ltr'>ab</span> <span class='ocrx_word' id='word_1_277' title='bbox 1651 445 1689 466; x_wconf 91' lang='lat' dir='ltr'>eo</span> <span class='ocrx_word' id='word_1_278' title='bbox 1711 445 1833 466; x_wconf 81' lang='lat' dir='ltr'>munus</span> <span class='ocrx_word' id='word_1_279' title='bbox 1852 438 2116 467; x_wconf 78' lang='lat' dir='ltr'>consecrationis</span> <span class='ocrx_word' id='word_1_280' title='bbox 2143 439 2291 478; x_wconf 84' lang='lat' dir='ltr'>impendi</span> <span class='ocrx_word' id='word_1_281' title='bbox 2312 450 2347 471; x_wconf 87' lang='grc'>36</span> 
     </span>
     <span class='ocr_line' id='line_1_47' title="bbox 1342 487 2349 527; baseline 0.004 -10"><span class='ocrx_word' id='word_1_282' title='bbox 1342 487 1374 517; x_wconf 84' lang='grc'>111</span> <span class='ocrx_word' id='word_1_283' title='bbox 1388 489 1573 527; x_wconf 77' lang='lat' dir='ltr'>pontificali</span> <span class='ocrx_word' id='word_1_284' title='bbox 1591 489 1701 519; x_wconf 82' lang='lat' dir='ltr'>oflicio</span> <span class='ocrx_word' id='word_1_285' title='bbox 1720 490 1850 520; x_wconf 88' lang='lat' dir='ltr'>diutius</span> <span class='ocrx_word' id='word_1_286' title='bbox 1869 490 2087 521; x_wconf 73' lang='lat' dir='ltr'>ministravit.</span> <span class='ocrx_word' id='word_1_287' title='bbox 2105 492 2179 525; x_wconf 81' lang='lat' dir='ltr'>Sed⁷</span> <span class='ocrx_word' id='word_1_288' title='bbox 2195 492 2270 522; x_wconf 82' lang='lat' dir='ltr'>licet</span> <span class='ocrx_word' id='word_1_289' title='bbox 2290 502 2349 523; x_wconf 61' lang='lat' dir='ltr'>nos·</span> 
     </span>
     <span class='ocr_line' id='line_1_48' title="bbox 1340 542 2348 584; baseline 0.006 -14"><span class='ocrx_word' id='word_1_290' title='bbox 1340 542 1556 579; x_wconf 90' lang='lat' dir='ltr'>postmodum</span> <span class='ocrx_word' id='word_1_291' title='bbox 1584 542 1873 573; x_wconf 74' lang='lat' dir='ltr'>confirmationem</span> <span class='ocrx_word' id='word_1_292' title='bbox 1899 543 2093 582; x_wconf 85' lang='lat' dir='ltr'>hujusmodi</span> <span class='ocrx_word' id='word_1_293' title='bbox 2120 553 2156 575; x_wconf 89' lang='lat' dir='ltr'>ac</span> <span class='ocrx_word' id='word_1_294' title='bbox 2189 546 2348 584; x_wconf 77' lang='lat' dir='ltr'>quicquid</span> 
     </span>
     <span class='ocr_line' id='line_1_49' title="bbox 1340 595 2347 637; baseline 0.005 -13"><span class='ocrx_word' id='word_1_295' title='bbox 1340 596 1429 625; x_wconf 81' lang='lat' dir='ltr'>esset</span> <span class='ocrx_word' id='word_1_296' title='bbox 1462 595 1538 625; x_wconf 91' lang='lat' dir='ltr'>inde</span> <span class='ocrx_word' id='word_1_297' title='bbox 1563 598 1727 631; x_wconf 81' lang='lat' dir='ltr'>secutum,</span> <span class='ocrx_word' id='word_1_298' title='bbox 1759 598 1873 635; x_wconf 81' lang='lat' dir='ltr'>utpote</span> <span class='ocrx_word' id='word_1_299' title='bbox 1899 606 1963 626; x_wconf 88' lang='lat' dir='ltr'>non</span> <span class='ocrx_word' id='word_1_300' title='bbox 1998 597 2107 627; x_wconf 90' lang='lat' dir='ltr'>solum</span> <span class='ocrx_word' id='word_1_301' title='bbox 2131 600 2247 628; x_wconf 87' lang='lat' dir='ltr'>contra</span> <span class='ocrx_word' id='word_1_302' title='bbox 2273 599 2347 637; x_wconf 82' lang='lat' dir='ltr'>jura</span> 
     </span>
     <span class='ocr_line' id='line_1_50' title="bbox 1339 648 2349 688; baseline 0.005 -11"><span class='ocrx_word' id='word_1_303' title='bbox 1339 656 1454 677; x_wconf 81' lang='lat' dir='ltr'>verum</span> <span class='ocrx_word' id='word_1_304' title='bbox 1472 649 1574 678; x_wconf 91' lang='lat' dir='ltr'>etiam</span> <span class='ocrx_word' id='word_1_305' title='bbox 1592 648 1625 678; x_wconf 90' lang='lat' dir='ltr'>in</span> <span class='ocrx_word' id='word_1_306' title='bbox 1641 649 1789 687; x_wconf 80' lang='lat' dir='ltr'>predicte</span> <span class='ocrx_word' id='word_1_307' title='bbox 1808 650 1898 679; x_wconf 85' lang='lat' dir='ltr'>sedis</span> <span class='ocrx_word' id='word_1_308' title='bbox 1916 650 2086 688; x_wconf 87' lang='lat' dir='ltr'>injuriam,</span> <span class='ocrx_word' id='word_1_309' title='bbox 2100 650 2156 680; x_wconf 90' lang='lat' dir='ltr'>ubi</span> <span class='ocrx_word' id='word_1_310' title='bbox 2176 660 2277 681; x_wconf 82' lang='lat' dir='ltr'>causa</span> <span class='ocrx_word' id='word_1_311' title='bbox 2292 652 2349 682; x_wconf 89' lang='grc'><strong>1111-</strong></span> 
     </span>
     <span class='ocr_line' id='line_1_51' title="bbox 1336 700 2348 742; baseline 0.005 -12"><span class='ocrx_word' id='word_1_312' title='bbox 1336 700 1484 738; x_wconf 87' lang='lat' dir='ltr'>jusmodi</span> <span class='ocrx_word' id='word_1_313' title='bbox 1505 701 1676 740; x_wconf 77' lang='lat' dir='ltr'>agebatur,</span> <span class='ocrx_word' id='word_1_314' title='bbox 1695 704 1905 740; x_wconf 85' lang='lat' dir='ltr'>presumpta,</span> <span class='ocrx_word' id='word_1_315' title='bbox 1921 703 2120 733; x_wconf 85' lang='lat' dir='ltr'>duxerimus</span> <span class='ocrx_word' id='word_1_316' title='bbox 2137 712 2196 742; x_wconf 89' lang='lat' dir='ltr'>per</span> <span class='ocrx_word' id='word_1_317' title='bbox 2215 707 2348 735; x_wconf 80' lang='lat' dir='ltr'>nostras</span> 
     </span>
     <span class='ocr_line' id='line_1_52' title="bbox 1336 753 2348 797; baseline 0.006 -14"><span class='ocrx_word' id='word_1_318' title='bbox 1336 753 1480 790; x_wconf 85' lang='lat' dir='ltr'>litteras,</span> <span class='ocrx_word' id='word_1_319' title='bbox 1491 755 1530 784; x_wconf 90' lang='lat' dir='ltr'>de</span> <span class='ocrx_word' id='word_1_320' title='bbox 1547 754 1690 785; x_wconf 82' lang='lat' dir='ltr'>fratrum</span> <span class='ocrx_word' id='word_1_321' title='bbox 1710 757 1902 785; x_wconf 85' lang='lat' dir='ltr'>nostrorum</span> <span class='ocrx_word' id='word_1_322' title='bbox 1916 757 2070 793; x_wconf 84' lang='lat' dir='ltr'>consilio,</span> <span class='ocrx_word' id='word_1_323' title='bbox 2081 756 2256 794; x_wconf 76' lang='lat' dir='ltr'>irritanda,</span> <span class='ocrx_word' id='word_1_324' title='bbox 2270 759 2348 797; x_wconf 86' lang='lat' dir='ltr'>quia</span> 
     </span>
     <span class='ocr_line' id='line_1_53' title="bbox 1336 808 2348 847; baseline 0.005 -11"><span class='ocrx_word' id='word_1_325' title='bbox 1336 808 1448 837; x_wconf 85' lang='lat' dir='ltr'>tamen</span> <span class='ocrx_word' id='word_1_326' title='bbox 1472 808 1559 838; x_wconf 87' lang='lat' dir='ltr'>idem</span> <span class='ocrx_word' id='word_1_327' title='bbox 1579 808 1615 838; x_wconf 83' lang='lat' dir='ltr'>P.</span> <span class='ocrx_word' id='word_1_328' title='bbox 1635 808 1770 838; x_wconf 90' lang='lat' dir='ltr'>demum</span> <span class='ocrx_word' id='word_1_329' title='bbox 1789 808 1830 838; x_wconf 89' lang='lat' dir='ltr'>ad</span> <span class='ocrx_word' id='word_1_330' title='bbox 1856 810 2061 847; x_wconf 84' lang='lat' dir='ltr'>presentiam</span> <span class='ocrx_word' id='word_1_331' title='bbox 2084 812 2234 840; x_wconf 89' lang='lat' dir='ltr'>nostram</span> <span class='ocrx_word' id='word_1_332' title='bbox 2258 820 2348 842; x_wconf 86' lang='grc'><strong>3666-</strong></span> 
     </span>
     <span class='ocr_line' id='line_1_54' title="bbox 1336 861 2347 901; baseline 0.002 -11"><span class='ocrx_word' id='word_1_333' title='bbox 1336 861 1430 897; x_wconf 88' lang='lat' dir='ltr'>dens,</span> <span class='ocrx_word' id='word_1_334' title='bbox 1448 861 1612 900; x_wconf 88' lang='lat' dir='ltr'>omnejus</span> <span class='ocrx_word' id='word_1_335' title='bbox 1630 861 1662 890; x_wconf 91' lang='lat' dir='ltr'>in</span> <span class='ocrx_word' id='word_1_336' title='bbox 1682 861 1741 891; x_wconf 87' lang='lat' dir='ltr'>hac</span> <span class='ocrx_word' id='word_1_337' title='bbox 1760 864 1853 900; x_wconf 88' lang='lat' dir='ltr'>parte</span> <span class='ocrx_word' id='word_1_338' title='bbox 1875 862 1937 891; x_wconf 86' lang='lat' dir='ltr'>sibi</span> <span class='ocrx_word' id='word_1_339' title='bbox 1957 865 2151 901; x_wconf 80' lang='lat' dir='ltr'>competens</span> <span class='ocrx_word' id='word_1_340' title='bbox 2170 864 2202 892; x_wconf 92' lang='lat' dir='ltr'>in</span> <span class='ocrx_word' id='word_1_341' title='bbox 2222 864 2347 894; x_wconf 67' lang='lat' dir='ltr'>nostris·</span> 
     </span>
     <span class='ocr_line' id='line_1_55' title="bbox 1336 914 2346 954; baseline 0.003 -11"><span class='ocrx_word' id='word_1_342' title='bbox 1336 914 1494 944; x_wconf 90' lang='lat' dir='ltr'>manibus</span> <span class='ocrx_word' id='word_1_343' title='bbox 1511 914 1701 945; x_wconf 75' lang='lat' dir='ltr'>voluntarie</span> <span class='ocrx_word' id='word_1_344' title='bbox 1719 915 1916 954; x_wconf 72' lang='lat' dir='ltr'>resignavit,</span> <span class='ocrx_word' id='word_1_345' title='bbox 1938 924 1999 946; x_wconf 90' lang='lat' dir='ltr'>nos</span> <span class='ocrx_word' id='word_1_346' title='bbox 2019 915 2059 946; x_wconf 89' lang='lat' dir='ltr'>ob</span> <span class='ocrx_word' id='word_1_347' title='bbox 2078 917 2110 946; x_wconf 93' lang='lat' dir='ltr'>id</span> <span class='ocrx_word' id='word_1_348' title='bbox 2135 919 2166 947; x_wconf 88' lang='lat' dir='ltr'>et</span> <span class='ocrx_word' id='word_1_349' title='bbox 2183 917 2224 947; x_wconf 91' lang='lat' dir='ltr'>ad</span> <span class='ocrx_word' id='word_1_350' title='bbox 2240 917 2346 947; x_wconf 84' lang='lat' dir='ltr'>vitan—</span> 
     </span>
     <span class='ocr_line' id='line_1_56' title="bbox 1336 967 2344 1008; baseline 0.003 -11"><span class='ocrx_word' id='word_1_351' title='bbox 1336 967 1415 997; x_wconf 88' lang='lat' dir='ltr'>dum</span> <span class='ocrx_word' id='word_1_352' title='bbox 1434 968 1624 998; x_wconf 88' lang='lat' dir='ltr'>animarum</span> <span class='ocrx_word' id='word_1_353' title='bbox 1643 968 1831 1007; x_wconf 86' lang='lat' dir='ltr'>periculum</span> <span class='ocrx_word' id='word_1_354' title='bbox 1851 970 1882 999; x_wconf 86' lang='lat' dir='ltr'>et</span> <span class='ocrx_word' id='word_1_355' title='bbox 1895 969 2089 999; x_wconf 86' lang='lat' dir='ltr'>scandalum</span> <span class='ocrx_word' id='word_1_356' title='bbox 2109 969 2344 1008; x_wconf 81' lang='lat' dir='ltr'>plurimorum,</span> 
     </span>
     <span class='ocr_line' id='line_1_57' title="bbox 1335 1021 2345 1062; baseline 0.004 -13"><span class='ocrx_word' id='word_1_357' title='bbox 1335 1021 1509 1059; x_wconf 81' lang='lat' dir='ltr'>quicquid,</span> <span class='ocrx_word' id='word_1_358' title='bbox 1541 1023 1617 1060; x_wconf 86' lang='lat' dir='ltr'>post</span> <span class='ocrx_word' id='word_1_359' title='bbox 1644 1021 1934 1052; x_wconf 83' lang='lat' dir='ltr'>confirmationem</span> <span class='ocrx_word' id='word_1_360' title='bbox 1965 1022 2074 1060; x_wconf 89' lang='lat' dir='ltr'>ipsius</span> <span class='ocrx_word' id='word_1_361' title='bbox 2105 1023 2141 1053; x_wconf 88' lang='lat' dir='ltr'>P.</span> <span class='ocrx_word' id='word_1_362' title='bbox 2167 1032 2274 1062; x_wconf 84' lang='lat' dir='ltr'>usque</span> <span class='ocrx_word' id='word_1_363' title='bbox 2306 1024 2345 1053; x_wconf 86' lang='lat' dir='ltr'>ad</span> 
     </span>
     <span class='ocr_line' id='line_1_58' title="bbox 1334 1075 2345 1115; baseline 0.003 -12"><span class='ocrx_word' id='word_1_364' title='bbox 1334 1075 1468 1112; x_wconf 89' lang='lat' dir='ltr'>tempus</span> <span class='ocrx_word' id='word_1_365' title='bbox 1500 1083 1566 1113; x_wconf 84' lang='lat' dir='ltr'>quo</span> <span class='ocrx_word' id='word_1_366' title='bbox 1594 1075 1635 1104; x_wconf 86' lang='lat' dir='ltr'>ad</span> <span class='ocrx_word' id='word_1_367' title='bbox 1654 1075 1726 1113; x_wconf 88' lang='lat' dir='ltr'>ejus</span> <span class='ocrx_word' id='word_1_368' title='bbox 1754 1075 1910 1105; x_wconf 84' lang='lat' dir='ltr'>notitiam</span> <span class='ocrx_word' id='word_1_369' title='bbox 1935 1075 1974 1105; x_wconf 90' lang='lat' dir='ltr'>de</span> <span class='ocrx_word' id='word_1_370' title='bbox 1998 1076 2210 1106; x_wconf 79' lang='lat' dir='ltr'>revocatione</span> <span class='ocrx_word' id='word_1_371' title='bbox 2230 1076 2345 1115; x_wconf 70' lang='lat' dir='ltr'>hujus-</span> 
     </span>
     <span class='ocr_line' id='line_1_59' title="bbox 1334 1127 2346 1167; baseline 0.002 -10"><span class='ocrx_word' id='word_1_372' title='bbox 1334 1127 1425 1157; x_wconf 84' lang='lat' dir='ltr'>modi</span> <span class='ocrx_word' id='word_1_373' title='bbox 1452 1128 1561 1167; x_wconf 90' lang='lat' dir='ltr'>potuit</span> <span class='ocrx_word' id='word_1_374' title='bbox 1590 1129 1778 1167; x_wconf 85' lang='lat' dir='ltr'>pervenire,</span> <span class='ocrx_word' id='word_1_375' title='bbox 1801 1128 1925 1159; x_wconf 84' lang='lat' dir='ltr'>factum</span> <span class='ocrx_word' id='word_1_376' title='bbox 1945 1131 1995 1159; x_wconf 88' lang='lat' dir='ltr'>est</span> <span class='ocrx_word' id='word_1_377' title='bbox 2010 1137 2069 1167; x_wconf 88' lang='lat' dir='ltr'>per</span> <span class='ocrx_word' id='word_1_378' title='bbox 2086 1129 2197 1167; x_wconf 82' lang='lat' dir='ltr'>ipsum</span> <span class='ocrx_word' id='word_1_379' title='bbox 2217 1131 2247 1159; x_wconf 87' lang='lat' dir='ltr'>et</span> <span class='ocrx_word' id='word_1_380' title='bbox 2268 1130 2346 1159; x_wconf 87' lang='lat' dir='ltr'>illos</span> 
     </span>
     <span class='ocr_line' id='line_1_60' title="bbox 1335 1181 2345 1221; baseline 0.003 -11"><span class='ocrx_word' id='word_1_381' title='bbox 1335 1181 1391 1219; x_wconf 86' lang='lat' dir='ltr'>qui</span> <span class='ocrx_word' id='word_1_382' title='bbox 1415 1181 1506 1211; x_wconf 87' lang='lat' dir='ltr'>vices</span> <span class='ocrx_word' id='word_1_383' title='bbox 1531 1181 1602 1220; x_wconf 87' lang='lat' dir='ltr'>ejus</span> <span class='ocrx_word' id='word_1_384' title='bbox 1623 1181 1796 1221; x_wconf 83' lang='lat' dir='ltr'>gerebant,</span> <span class='ocrx_word' id='word_1_385' title='bbox 1815 1191 1943 1212; x_wconf 86' lang='lat' dir='ltr'>necnon</span> <span class='ocrx_word' id='word_1_386' title='bbox 1961 1181 2194 1213; x_wconf 85' lang='lat' dir='ltr'>absolutiones</span> <span class='ocrx_word' id='word_1_387' title='bbox 2215 1192 2345 1213; x_wconf 83' lang='lat' dir='ltr'>excom-</span> 
     </span>
     <span class='ocr_line' id='line_1_61' title="bbox 1334 1234 2343 1271; baseline 0.002 -7"><span class='ocrx_word' id='word_1_388' title='bbox 1334 1234 1613 1271; x_wconf 84' lang='lat' dir='ltr'>municationum,</span> <span class='ocrx_word' id='word_1_389' title='bbox 1630 1235 1831 1266; x_wconf 86' lang='lat' dir='ltr'>collationes</span> <span class='ocrx_word' id='word_1_390' title='bbox 1843 1237 1873 1266; x_wconf 90' lang='lat' dir='ltr'>et</span> <span class='ocrx_word' id='word_1_391' title='bbox 1886 1235 2106 1266; x_wconf 77' lang='lat' dir='ltr'>investituras</span> <span class='ocrx_word' id='word_1_392' title='bbox 2124 1236 2343 1267; x_wconf 84' lang='lat' dir='ltr'>ecclesiarum</span> 
     </span>
     <span class='ocr_line' id='line_1_62' title="bbox 1333 1287 2346 1328; baseline 0.001 -10"><span class='ocrx_word' id='word_1_393' title='bbox 1333 1289 1365 1318; x_wconf 87' lang='lat' dir='ltr'>et</span> <span class='ocrx_word' id='word_1_394' title='bbox 1380 1287 1621 1319; x_wconf 82' lang='lat' dir='ltr'>beneficiorum</span> <span class='ocrx_word' id='word_1_395' title='bbox 1632 1289 1954 1324; x_wconf 86' lang='lat' dir='ltr'>ecclesiasticorum,</span> <span class='ocrx_word' id='word_1_396' title='bbox 1966 1289 2152 1319; x_wconf 86' lang='lat' dir='ltr'>sententias</span> <span class='ocrx_word' id='word_1_397' title='bbox 2168 1291 2199 1319; x_wconf 90' lang='lat' dir='ltr'>et</span> <span class='ocrx_word' id='word_1_398' title='bbox 2215 1298 2346 1328; x_wconf 87' lang='lat' dir='ltr'>proces-</span> 
     </span>
     <span class='ocr_line' id='line_1_63' title="bbox 1334 1342 2345 1382; baseline 0.001 -11"><span class='ocrx_word' id='word_1_399' title='bbox 1334 1350 1392 1371; x_wconf 89' lang='lat' dir='ltr'>sus</span> <span class='ocrx_word' id='word_1_400' title='bbox 1419 1350 1597 1372; x_wconf 87' lang='lat' dir='ltr'>causarum</span> <span class='ocrx_word' id='word_1_401' title='bbox 1630 1343 1699 1372; x_wconf 86' lang='lat' dir='ltr'>tam</span> <span class='ocrx_word' id='word_1_402' title='bbox 1725 1351 1783 1380; x_wconf 88' lang='lat' dir='ltr'>per</span> <span class='ocrx_word' id='word_1_403' title='bbox 1815 1342 1995 1372; x_wconf 82' lang='lat' dir='ltr'>officialem</span> <span class='ocrx_word' id='word_1_404' title='bbox 2024 1342 2133 1381; x_wconf 89' lang='lat' dir='ltr'>ipsius</span> <span class='ocrx_word' id='word_1_405' title='bbox 2167 1352 2267 1381; x_wconf 86' lang='lat' dir='ltr'>quam</span> <span class='ocrx_word' id='word_1_406' title='bbox 2286 1351 2345 1382; x_wconf 86' lang='lat' dir='ltr'>per</span> 
     </span>
     <span class='ocr_line' id='line_1_64' title="bbox 1333 1394 2343 1434; baseline 0.001 -10"><span class='ocrx_word' id='word_1_407' title='bbox 1333 1394 1487 1425; x_wconf 85' lang='lat' dir='ltr'>abbatem</span> <span class='ocrx_word' id='word_1_408' title='bbox 1514 1395 1621 1425; x_wconf 76' lang='lat' dir='ltr'>sancti</span> <span class='ocrx_word' id='word_1_409' title='bbox 1648 1395 1819 1426; x_wconf 73' lang='lat' dir='ltr'>Vincentii</span> <span class='ocrx_word' id='word_1_410' title='bbox 1847 1396 2010 1425; x_wconf 80' lang='lat' dir='ltr'>Metensis</span> <span class='ocrx_word' id='word_1_411' title='bbox 2033 1404 2093 1434; x_wconf 89' lang='lat' dir='ltr'>pro</span> <span class='ocrx_word' id='word_1_412' title='bbox 2113 1396 2199 1434; x_wconf 69' lang='lat' dir='ltr'>ipso,</span> <span class='ocrx_word' id='word_1_413' title='bbox 2218 1398 2249 1426; x_wconf 85' lang='lat' dir='ltr'>et</span> <span class='ocrx_word' id='word_1_414' title='bbox 2279 1396 2343 1426; x_wconf 89' lang='lat' dir='ltr'>alia</span> 
     </span>
     <span class='ocr_line' id='line_1_65' title="bbox 1333 1448 2343 1488; baseline 0.002 -11"><span class='ocrx_word' id='word_1_415' title='bbox 1333 1456 1463 1487; x_wconf 86' lang='lat' dir='ltr'>queque</span> <span class='ocrx_word' id='word_1_416' title='bbox 1492 1448 1533 1478; x_wconf 89' lang='lat' dir='ltr'>ad</span> <span class='ocrx_word' id='word_1_417' title='bbox 1559 1449 1824 1479; x_wconf 79' lang='lat' dir='ltr'>ecclesiasticam</span> <span class='ocrx_word' id='word_1_418' title='bbox 1845 1449 2119 1487; x_wconf 84' lang='lat' dir='ltr'>jurisdictionem</span> <span class='ocrx_word' id='word_1_419' title='bbox 2144 1449 2343 1488; x_wconf 86' lang='lat' dir='ltr'>spectantia,</span> 
     </span>
     <span class='ocr_line' id='line_1_66' title="bbox 1333 1501 2343 1540; baseline 0.001 -9"><span class='ocrx_word' id='word_1_420' title='bbox 1333 1501 1515 1531; x_wconf 90' lang='lat' dir='ltr'>dummodo</span> <span class='ocrx_word' id='word_1_421' title='bbox 1530 1501 1615 1531; x_wconf 87' lang='lat' dir='ltr'>alias</span> <span class='ocrx_word' id='word_1_422' title='bbox 1633 1502 1905 1540; x_wconf 86' lang='lat' dir='ltr'>sinthujusmodi</span> <span class='ocrx_word' id='word_1_423' title='bbox 1924 1502 2037 1532; x_wconf 86' lang='lat' dir='ltr'>onmia</span> <span class='ocrx_word' id='word_1_424' title='bbox 2050 1502 2112 1532; x_wconf 90' lang='lat' dir='ltr'>rite</span> <span class='ocrx_word' id='word_1_425' title='bbox 2126 1504 2209 1538; x_wconf 76' lang='lat' dir='ltr'>acta,</span> <span class='ocrx_word' id='word_1_426' title='bbox 2229 1504 2343 1533; x_wconf 80' lang='lat' dir='ltr'>tenore</span> 
     </span>
     <span class='ocr_line' id='line_1_67' title="bbox 1333 1555 2343 1593; baseline 0.002 -10"><span class='ocrx_word' id='word_1_427' title='bbox 1333 1555 1541 1593; x_wconf 82' lang='lat' dir='ltr'>presentium</span> <span class='ocrx_word' id='word_1_428' title='bbox 1562 1556 1634 1584; x_wconf 86' lang='lat' dir='ltr'>rata</span> <span class='ocrx_word' id='word_1_429' title='bbox 1656 1556 1687 1585; x_wconf 90' lang='lat' dir='ltr'>et</span> <span class='ocrx_word' id='word_1_430' title='bbox 1704 1555 1800 1584; x_wconf 87' lang='lat' dir='ltr'>firma</span> <span class='ocrx_word' id='word_1_431' title='bbox 1822 1563 1897 1585; x_wconf 85' lang='lat' dir='ltr'>esse</span> <span class='ocrx_word' id='word_1_432' title='bbox 1918 1555 2087 1590; x_wconf 85' lang='lat' dir='ltr'>volumus,</span> <span class='ocrx_word' id='word_1_433' title='bbox 2109 1564 2172 1585; x_wconf 87' lang='lat' dir='ltr'>non</span> <span class='ocrx_word' id='word_1_434' title='bbox 2190 1555 2343 1585; x_wconf 86' lang='lat' dir='ltr'>obstante</span> 
     </span>
     <span class='ocr_line' id='line_1_68' title="bbox 1332 1608 2341 1646; baseline 0 -8"><span class='ocrx_word' id='word_1_435' title='bbox 1332 1610 1543 1638; x_wconf 78' lang='lat' dir='ltr'>revocatione</span> <span class='ocrx_word' id='word_1_436' title='bbox 1559 1608 1721 1646; x_wconf 81' lang='lat' dir='ltr'>predicta,</span> <span class='ocrx_word' id='word_1_437' title='bbox 1745 1608 1797 1638; x_wconf 89' lang='lat' dir='ltr'>vel</span> <span class='ocrx_word' id='word_1_438' title='bbox 1818 1608 1846 1637; x_wconf 86' lang='lat' dir='ltr'>si</span> <span class='ocrx_word' id='word_1_439' title='bbox 1864 1608 2057 1646; x_wconf 86' lang='lat' dir='ltr'>hujusmodi</span> <span class='ocrx_word' id='word_1_440' title='bbox 2073 1608 2245 1642; x_wconf 82' lang='lat' dir='ltr'>beneficia,</span> <span class='ocrx_word' id='word_1_441' title='bbox 2267 1610 2341 1646; x_wconf 85' lang='lat' dir='ltr'>post</span> 
     </span>
     <span class='ocr_line' id='line_1_69' title="bbox 1332 1661 2342 1700; baseline 0 -9"><span class='ocrx_word' id='word_1_442' title='bbox 1332 1661 1547 1692; x_wconf 90' lang='lat' dir='ltr'>collationem</span> <span class='ocrx_word' id='word_1_443' title='bbox 1575 1661 1684 1700; x_wconf 86' lang='lat' dir='ltr'>ipsius</span> <span class='ocrx_word' id='word_1_444' title='bbox 1711 1662 1761 1698; x_wconf 71' lang='lat' dir='ltr'>P.²</span> <span class='ocrx_word' id='word_1_445' title='bbox 1784 1662 1891 1691; x_wconf 79' lang='lat' dir='ltr'>forent</span> <span class='ocrx_word' id='word_1_446' title='bbox 1915 1661 1993 1691; x_wconf 85' lang='lat' dir='ltr'>aliis</span> <span class='ocrx_word' id='word_1_447' title='bbox 2011 1662 2209 1692; x_wconf 85' lang='lat' dir='ltr'>auctoritate</span> <span class='ocrx_word' id='word_1_448' title='bbox 2227 1664 2342 1691; x_wconf 83' lang='lat' dir='ltr'>nostra</span> 
     </span>
     <span class='ocr_line' id='line_1_70' title="bbox 1331 1714 2343 1753; baseline 0 -9"><span class='ocrx_word' id='word_1_449' title='bbox 1331 1715 1464 1751; x_wconf 80' lang='lat' dir='ltr'>collata,</span> <span class='ocrx_word' id='word_1_450' title='bbox 1480 1716 1510 1745; x_wconf 89' lang='lat' dir='ltr'>et</span> <span class='ocrx_word' id='word_1_451' title='bbox 1537 1715 1751 1745; x_wconf 86' lang='lat' dir='ltr'>decernimus</span> <span class='ocrx_word' id='word_1_452' title='bbox 1779 1715 1939 1744; x_wconf 81' lang='lat' dir='ltr'>universa</span> <span class='ocrx_word' id='word_1_453' title='bbox 1959 1716 1989 1744; x_wconf 88' lang='lat' dir='ltr'>et</span> <span class='ocrx_word' id='word_1_454' title='bbox 2016 1714 2149 1753; x_wconf 76' lang='lat' dir='ltr'>singula</span> <span class='ocrx_word' id='word_1_455' title='bbox 2171 1715 2210 1744; x_wconf 91' lang='lat' dir='ltr'>de</span> <span class='ocrx_word' id='word_1_456' title='bbox 2235 1715 2343 1753; x_wconf 79' lang='lat' dir='ltr'>gratia</span> 
     </span>
     <span class='ocr_line' id='line_1_71' title="bbox 1331 1767 2342 1806; baseline -0.003 -8"><span class='ocrx_word' id='word_1_457' title='bbox 1331 1768 1470 1806; x_wconf 83' lang='lat' dir='ltr'>speciali</span> <span class='ocrx_word' id='word_1_458' title='bbox 1496 1768 1689 1798; x_wconf 78' lang='lat' dir='ltr'>firmitatem</span> <span class='ocrx_word' id='word_1_459' title='bbox 1720 1768 1949 1798; x_wconf 84' lang='lat' dir='ltr'>omnimodam</span> <span class='ocrx_word' id='word_1_460' title='bbox 1972 1767 2134 1798; x_wconf 89' lang='lat' dir='ltr'>obtinere.</span> <span class='ocrx_word' id='word_1_461' title='bbox 2154 1767 2247 1797; x_wconf 84' lang='lat' dir='ltr'>Nulli</span> <span class='ocrx_word' id='word_1_462' title='bbox 2264 1777 2342 1806; x_wconf 81' lang='lat' dir='ltr'>ergo</span> 
     </span>
     <span class='ocr_line' id='line_1_72' title="bbox 1331 1821 2343 1859; baseline -0.001 -8"><span class='ocrx_word' id='word_1_463' title='bbox 1331 1823 1445 1851; x_wconf 89' lang='lat' dir='ltr'>nostre</span> <span class='ocrx_word' id='word_1_464' title='bbox 1480 1821 1733 1851; x_wconf 86' lang='lat' dir='ltr'>constitutionis</span> <span class='ocrx_word' id='word_1_465' title='bbox 1761 1823 1822 1851; x_wconf 89' lang='lat' dir='ltr'>etc.</span> <span class='ocrx_word' id='word_1_466' title='bbox 1848 1822 1971 1851; x_wconf 81' lang='lat' dir='ltr'>Datum</span> <span class='ocrx_word' id='word_1_467' title='bbox 2007 1821 2094 1859; x_wconf 85' lang='lat' dir='ltr'>apud</span> <span class='ocrx_word' id='word_1_468' title='bbox 2126 1821 2343 1851; x_wconf 74' lang='lat' dir='ltr'>Urbemvete-</span> 
     </span>
     <span class='ocr_line' id='line_1_73' title="bbox 1331 1874 2080 1910; baseline -0.001 -6"><span class='ocrx_word' id='word_1_469' title='bbox 1331 1883 1413 1909; x_wconf 87' lang='lat' dir='ltr'>rem,</span> <span class='ocrx_word' id='word_1_470' title='bbox 1431 1884 1482 1904; x_wconf 81' lang='lat' dir='ltr'>xvi</span> <span class='ocrx_word' id='word_1_471' title='bbox 1503 1874 1666 1904; x_wconf 80' lang='lat' dir='ltr'>kalendas</span> <span class='ocrx_word' id='word_1_472' title='bbox 1684 1874 1809 1910; x_wconf 86' lang='lat' dir='ltr'>martii,</span> <span class='ocrx_word' id='word_1_473' title='bbox 1829 1883 1914 1904; x_wconf 87' lang='lat' dir='ltr'>anno</span> <span class='ocrx_word' id='word_1_474' title='bbox 1935 1874 2044 1904; x_wconf 91' lang='lat' dir='ltr'>tertio.</span> <span class='ocrx_word' id='word_1_475' title='bbox 2067 1884 2080 1902; x_wconf 84' lang='lat'>»</span> 
     </span>
    </p>
   </div>
   <div class='ocr_carea' id='block_1_22' title="bbox 1879 2060 2269 2087">
    <p class='ocr_par' dir='ltr' id='par_1_22' title="bbox 1879 2060 2269 2087">
     <span class='ocr_line' id='line_1_74' title="bbox 1879 2060 2269 2087; baseline 0.003 -2"><span class='ocrx_word' id='word_1_476' title='bbox 1879 2060 2003 2086; x_wconf 32' lang='lat' dir='ltr'>Orvicto*</span> <span class='ocrx_word' id='word_1_477' title='bbox 2022 2061 2052 2087; x_wconf 72' lang='lat'>15</span> <span class='ocrx_word' id='word_1_478' title='bbox 2072 2060 2177 2087; x_wconf 72' lang='lat' dir='ltr'>sevrier</span> <span class='ocrx_word' id='word_1_479' title='bbox 2194 2060 2269 2087; x_wconf 66' lang='lat'>1202.</span> 
     </span>
    </p>
   </div>
   <div class='ocr_carea' id='block_1_23' title="bbox 1423 2061 1518 2092">
    <p class='ocr_par' dir='ltr' id='par_1_23' title="bbox 1423 2061 1518 2092">
     <span class='ocr_line' id='line_1_75' title="bbox 1423 2061 1518 2092; baseline 0 -1"><span class='ocrx_word' id='word_1_480' title='bbox 1423 2061 1518 2092; x_wconf 76' lang='lat' dir='ltr'>133ss</span> 
     </span>
    </p>
   </div>
   <div class='ocr_carea' id='block_1_24' title="bbox 1329 2144 2340 2277">
    <p class='ocr_par' dir='ltr' id='par_1_24' title="bbox 1329 2144 2340 2277">
     <span class='ocr_line' id='line_1_76' title="bbox 1366 2144 2340 2179; baseline 0.002 -9"><span class='ocrx_word' id='word_1_481' title='bbox 1366 2144 1553 2179; x_wconf 74' lang='lat' dir='ltr'>Privilegium</span> <span class='ocrx_word' id='word_1_482' title='bbox 1579 2145 1613 2171; x_wconf 86' lang='lat' dir='ltr'>dc</span> <span class='ocrx_word' id='word_1_483' title='bbox 1640 2153 1695 2171; x_wconf 89' lang='lat' dir='ltr'>non</span> <span class='ocrx_word' id='word_1_484' title='bbox 1724 2145 1877 2171; x_wconf 78' lang='lat' dir='ltr'>residendo</span> <span class='ocrx_word' id='word_1_485' title='bbox 1908 2145 2073 2172; x_wconf 79' lang='lat' dir='ltr'>conceditur</span> <span class='ocrx_word' id='word_1_486' title='bbox 2102 2147 2226 2179; x_wconf 85' lang='lat' dir='ltr'>quatuor</span> <span class='ocrx_word' id='word_1_487' title='bbox 2255 2146 2340 2172; x_wconf 84' lang='lat' dir='ltr'>sociis</span> 
     </span>
     <span class='ocr_line' id='line_1_77' title="bbox 1330 2193 2340 2229; baseline 0.001 -10"><span class='ocrx_word' id='word_1_488' title='bbox 1330 2193 1464 2228; x_wconf 81' lang='lat' dir='ltr'>Philippi,</span> <span class='ocrx_word' id='word_1_489' title='bbox 1492 2194 1632 2228; x_wconf 84' lang='lat' dir='ltr'>capellani</span> <span class='ocrx_word' id='word_1_490' title='bbox 1662 2194 1823 2229; x_wconf 69' lang='lat' dir='ltr'>apostolici,</span> <span class='ocrx_word' id='word_1_491' title='bbox 1854 2195 1999 2228; x_wconf 87' lang='lat' dir='ltr'>quondam</span> <span class='ocrx_word' id='word_1_492' title='bbox 2037 2193 2171 2220; x_wconf 65' lang='grc'><strong>,1161611515</strong></span> <span class='ocrx_word' id='word_1_493' title='bbox 2204 2194 2340 2228; x_wconf 73' lang='lat' dir='ltr'>episcopi.</span> 
     </span>
     <span class='ocr_line' id='line_1_78' title="bbox 1329 2242 1792 2277; baseline 0.002 -8"><span class='ocrx_word' id='word_1_494' title='bbox 1329 2242 1407 2277; x_wconf 66' lang='lat' dir='ltr'>(Rue.</span> <span class='ocrx_word' id='word_1_495' title='bbox 1424 2244 1468 2275; x_wconf 66' lang='lat'>29,</span> <span class='ocrx_word' id='word_1_496' title='bbox 1484 2242 1531 2270; x_wconf 83' lang='lat' dir='ltr'>sol.</span> <span class='ocrx_word' id='word_1_497' title='bbox 1553 2244 1601 2270; x_wconf 78' lang='grc'>116</span> <span class='ocrx_word' id='word_1_498' title='bbox 1618 2249 1653 2273; x_wconf 70' lang='lat' dir='ltr'>v⁰⁷</span> <span class='ocrx_word' id='word_1_499' title='bbox 1672 2248 1702 2269; x_wconf 80' lang='lat'>11⁰</span> <span class='ocrx_word' id='word_1_500' title='bbox 1715 2244 1792 2277; x_wconf 74' lang='lat'>380.)</span> 
     </span>
    </p>
   </div>
   <div class='ocr_carea' id='block_1_25' title="bbox 1321 2353 2341 2928">
    <p class='ocr_par' dir='ltr' id='par_1_25' title="bbox 1321 2353 2341 2928">
     <span class='ocr_line' id='line_1_79' title="bbox 1368 2353 2341 2395; baseline -0.002 -11"><span class='ocrx_word' id='word_1_501' title='bbox 1368 2365 1383 2384; x_wconf 85' lang='grc'>11</span> <span class='ocrx_word' id='word_1_502' title='bbox 1406 2354 1567 2395; x_wconf 72' lang='lat' dir='ltr'>Philippo,</span> <span class='ocrx_word' id='word_1_503' title='bbox 1598 2354 1756 2395; x_wconf 78' lang='lat' dir='ltr'>capellano</span> <span class='ocrx_word' id='word_1_504' title='bbox 1784 2359 1900 2389; x_wconf 76' lang='lat' dir='ltr'>nostro,</span> <span class='ocrx_word' id='word_1_505' title='bbox 1928 2353 2079 2393; x_wconf 76' lang='lat' dir='ltr'>quondam</span> <span class='ocrx_word' id='word_1_506' title='bbox 2108 2354 2237 2383; x_wconf 81' lang='lat' dir='ltr'>Metensi</span> <span class='ocrx_word' id='word_1_507' title='bbox 2262 2354 2341 2393; x_wconf 71' lang='lat' dir='ltr'>epis-</span> 
     </span>
     <span class='ocr_line' id='line_1_80' title="bbox 1327 2407 2340 2448; baseline -0.002 -10"><span class='ocrx_word' id='word_1_508' title='bbox 1327 2418 1414 2448; x_wconf 79' lang='lat' dir='ltr'>copo.</span> <span class='ocrx_word' id='word_1_509' title='bbox 1432 2408 1632 2439; x_wconf 87' lang='lat' dir='ltr'>Devotionis</span> <span class='ocrx_word' id='word_1_510' title='bbox 1645 2411 1699 2438; x_wconf 88' lang='lat' dir='ltr'>tue</span> <span class='ocrx_word' id='word_1_511' title='bbox 1718 2407 1875 2446; x_wconf 84' lang='lat' dir='ltr'>precibus</span> <span class='ocrx_word' id='word_1_512' title='bbox 1895 2407 2060 2443; x_wconf 86' lang='lat' dir='ltr'>inclinati,</span> <span class='ocrx_word' id='word_1_513' title='bbox 2078 2408 2224 2445; x_wconf 88' lang='lat' dir='ltr'>quatuor</span> <span class='ocrx_word' id='word_1_514' title='bbox 2238 2407 2340 2436; x_wconf 87' lang='lat' dir='ltr'>sociis</span> 
     </span>
     <span class='ocr_line' id='line_1_81' title="bbox 1325 2460 2340 2501; baseline -0.002 -9"><span class='ocrx_word' id='word_1_515' title='bbox 1325 2462 1394 2492; x_wconf 90' lang='lat' dir='ltr'>tuis</span> <span class='ocrx_word' id='word_1_516' title='bbox 1412 2462 1469 2501; x_wconf 84' lang='lat' dir='ltr'>qui</span> <span class='ocrx_word' id='word_1_517' title='bbox 1500 2463 1609 2492; x_wconf 88' lang='lat' dir='ltr'>tecum</span> <span class='ocrx_word' id='word_1_518' title='bbox 1628 2470 1734 2500; x_wconf 85' lang='lat' dir='ltr'>nuper</span> <span class='ocrx_word' id='word_1_519' title='bbox 1760 2461 1801 2491; x_wconf 88' lang='lat' dir='ltr'>ad</span> <span class='ocrx_word' id='word_1_520' title='bbox 1819 2460 1933 2490; x_wconf 88' lang='lat' dir='ltr'>sedem</span> <span class='ocrx_word' id='word_1_521' title='bbox 1952 2460 2173 2499; x_wconf 86' lang='lat' dir='ltr'>apostolicam</span> <span class='ocrx_word' id='word_1_522' title='bbox 2193 2469 2340 2490; x_wconf 83' lang='lat' dir='ltr'>accesse-</span> 
     </span>
     <span class='ocr_line' id='line_1_82' title="bbox 1325 2513 2340 2553; baseline -0.003 -7"><span class='ocrx_word' id='word_1_523' title='bbox 1325 2517 1414 2552; x_wconf 89' lang='lat' dir='ltr'>runt,</span> <span class='ocrx_word' id='word_1_524' title='bbox 1439 2515 1638 2546; x_wconf 84' lang='lat' dir='ltr'>auctoritate</span> <span class='ocrx_word' id='word_1_525' title='bbox 1666 2515 1876 2553; x_wconf 88' lang='lat' dir='ltr'>presentium</span> <span class='ocrx_word' id='word_1_526' title='bbox 1904 2513 2122 2553; x_wconf 84' lang='lat' dir='ltr'>indulgemus</span> <span class='ocrx_word' id='word_1_527' title='bbox 2149 2515 2185 2544; x_wconf 87' lang='lat' dir='ltr'>ut</span> <span class='ocrx_word' id='word_1_528' title='bbox 2204 2516 2340 2552; x_wconf 87' lang='lat' dir='ltr'>tempus</span> 
     </span>
     <span class='ocr_line' id='line_1_83' title="bbox 1325 2567 2339 2608; baseline -0.003 -9"><span class='ocrx_word' id='word_1_529' title='bbox 1325 2578 1389 2608; x_wconf 85' lang='lat' dir='ltr'>quo</span> <span class='ocrx_word' id='word_1_530' title='bbox 1412 2571 1549 2608; x_wconf 88' lang='lat' dir='ltr'>propter</span> <span class='ocrx_word' id='word_1_531' title='bbox 1581 2568 1641 2599; x_wconf 89' lang='grc'><strong>1106</strong></span> <span class='ocrx_word' id='word_1_532' title='bbox 1673 2568 1714 2598; x_wconf 88' lang='lat' dir='ltr'>ad</span> <span class='ocrx_word' id='word_1_533' title='bbox 1738 2568 1853 2598; x_wconf 89' lang='lat' dir='ltr'>sedem</span> <span class='ocrx_word' id='word_1_534' title='bbox 1883 2569 2047 2598; x_wconf 87' lang='lat' dir='ltr'>venerunt</span> <span class='ocrx_word' id='word_1_535' title='bbox 2076 2567 2229 2603; x_wconf 84' lang='lat' dir='ltr'>eandem,</span> <span class='ocrx_word' id='word_1_536' title='bbox 2250 2567 2339 2605; x_wconf 89' lang='lat' dir='ltr'>apud</span> 
     </span>
     <span class='ocr_line' id='line_1_84' title="bbox 1324 2620 2337 2660; baseline -0.004 -7"><span class='ocrx_word' id='word_1_537' title='bbox 1324 2631 1398 2653; x_wconf 87' lang='lat' dir='ltr'>eam</span> <span class='ocrx_word' id='word_1_538' title='bbox 1429 2622 1565 2653; x_wconf 85' lang='lat' dir='ltr'>fuerunt</span> <span class='ocrx_word' id='word_1_539' title='bbox 1589 2623 1621 2652; x_wconf 92' lang='lat' dir='ltr'>et</span> <span class='ocrx_word' id='word_1_540' title='bbox 1645 2621 1801 2652; x_wconf 88' lang='lat' dir='ltr'>recedent</span> <span class='ocrx_word' id='word_1_541' title='bbox 1828 2620 1868 2650; x_wconf 87' lang='lat' dir='ltr'>ab</span> <span class='ocrx_word' id='word_1_542' title='bbox 1886 2620 1960 2660; x_wconf 85' lang='lat' dir='ltr'>ipsa</span> <span class='ocrx_word' id='word_1_543' title='bbox 1983 2621 2018 2650; x_wconf 91' lang='lat' dir='ltr'>in</span> <span class='ocrx_word' id='word_1_544' title='bbox 2034 2620 2221 2651; x_wconf 85' lang='lat' dir='ltr'>residentia</span> <span class='ocrx_word' id='word_1_545' title='bbox 2238 2629 2337 2658; x_wconf 87' lang='lat' dir='ltr'>quam</span> 
     </span>
     <span class='ocr_line' id='line_1_85' title="bbox 1323 2673 2335 2713; baseline -0.005 -6"><span class='ocrx_word' id='word_1_546' title='bbox 1323 2677 1480 2707; x_wconf 88' lang='lat' dir='ltr'>tenentur</span> <span class='ocrx_word' id='word_1_547' title='bbox 1516 2675 1624 2706; x_wconf 82' lang='lat' dir='ltr'>facere</span> <span class='ocrx_word' id='word_1_548' title='bbox 1666 2675 1699 2704; x_wconf 92' lang='lat' dir='ltr'>in</span> <span class='ocrx_word' id='word_1_549' title='bbox 1727 2674 1882 2705; x_wconf 90' lang='lat' dir='ltr'>ecclesiis</span> <span class='ocrx_word' id='word_1_550' title='bbox 1908 2682 2052 2713; x_wconf 88' lang='lat' dir='ltr'>quarum</span> <span class='ocrx_word' id='word_1_551' title='bbox 2079 2675 2158 2703; x_wconf 92' lang='lat' dir='ltr'>sunt</span> <span class='ocrx_word' id='word_1_552' title='bbox 2184 2673 2335 2703; x_wconf 88' lang='lat' dir='ltr'>canonici</span> 
     </span>
     <span class='ocr_line' id='line_1_86' title="bbox 1323 2726 2335 2768; baseline -0.005 -8"><span class='ocrx_word' id='word_1_553' title='bbox 1323 2731 1548 2768; x_wconf 86' lang='lat' dir='ltr'>computetur,</span> <span class='ocrx_word' id='word_1_554' title='bbox 1574 2738 1610 2759; x_wconf 85' lang='lat' dir='ltr'>ac</span> <span class='ocrx_word' id='word_1_555' title='bbox 1633 2737 1692 2767; x_wconf 89' lang='lat' dir='ltr'>pro</span> <span class='ocrx_word' id='word_1_556' title='bbox 1709 2736 1747 2758; x_wconf 91' lang='lat' dir='ltr'>eo</span> <span class='ocrx_word' id='word_1_557' title='bbox 1766 2729 1917 2766; x_wconf 89' lang='lat' dir='ltr'>tempore</span> <span class='ocrx_word' id='word_1_558' title='bbox 1937 2727 2068 2758; x_wconf 88' lang='lat' dir='ltr'>fructus</span> <span class='ocrx_word' id='word_1_559' title='bbox 2087 2726 2335 2766; x_wconf 86' lang='lat' dir='ltr'>prebendarum</span> 
     </span>
     <span class='ocr_line' id='line_1_87' title="bbox 1322 2779 2338 2822; baseline -0.004 -10"><span class='ocrx_word' id='word_1_560' title='bbox 1322 2791 1461 2813; x_wconf 89' lang='lat' dir='ltr'>suarum</span> <span class='ocrx_word' id='word_1_561' title='bbox 1480 2791 1564 2822; x_wconf 85' lang='lat' dir='ltr'>quas</span> <span class='ocrx_word' id='word_1_562' title='bbox 1581 2782 1615 2812; x_wconf 86' lang='lat' dir='ltr'>in</span> <span class='ocrx_word' id='word_1_563' title='bbox 1633 2781 1788 2812; x_wconf 82' lang='lat' dir='ltr'>ecclesiis</span> <span class='ocrx_word' id='word_1_564' title='bbox 1806 2781 1891 2820; x_wconf 89' lang='lat' dir='ltr'>ipsis</span> <span class='ocrx_word' id='word_1_565' title='bbox 1917 2780 2081 2816; x_wconf 89' lang='lat' dir='ltr'>obtinent,</span> <span class='ocrx_word' id='word_1_566' title='bbox 2103 2788 2178 2809; x_wconf 90' lang='lat' dir='ltr'>cum</span> <span class='ocrx_word' id='word_1_567' title='bbox 2196 2788 2233 2810; x_wconf 88' lang='lat' dir='ltr'>ea</span> <span class='ocrx_word' id='word_1_568' title='bbox 2257 2779 2338 2809; x_wconf 90' lang='lat' dir='ltr'>inte-</span> 
     </span>
     <span class='ocr_line' id='line_1_88' title="bbox 1321 2831 2335 2875; baseline -0.005 -9"><span class='ocrx_word' id='word_1_569' title='bbox 1321 2836 1441 2875; x_wconf 84' lang='lat' dir='ltr'>gritate</span> <span class='ocrx_word' id='word_1_570' title='bbox 1465 2836 1638 2875; x_wconf 88' lang='lat' dir='ltr'>percipere</span> <span class='ocrx_word' id='word_1_571' title='bbox 1668 2835 1813 2871; x_wconf 87' lang='lat' dir='ltr'>valeant,</span> <span class='ocrx_word' id='word_1_572' title='bbox 1838 2833 2018 2865; x_wconf 86' lang='lat' dir='ltr'>cotidianis</span> <span class='ocrx_word' id='word_1_573' title='bbox 2033 2831 2335 2863; x_wconf 86' lang='lat' dir='ltr'>distributionibus</span> 
     </span>
     <span class='ocr_line' id='line_1_89' title="bbox 1321 2885 2335 2928; baseline -0.006 -8"><span class='ocrx_word' id='word_1_574' title='bbox 1321 2890 1497 2920; x_wconf 82' lang='lat' dir='ltr'>dumtaxat</span> <span class='ocrx_word' id='word_1_575' title='bbox 1523 2889 1686 2928; x_wconf 84' lang='lat' dir='ltr'>exceptis,</span> <span class='ocrx_word' id='word_1_576' title='bbox 1706 2897 1780 2918; x_wconf 89' lang='lat' dir='ltr'>cum</span> <span class='ocrx_word' id='word_1_577' title='bbox 1802 2896 1868 2927; x_wconf 86' lang='lat' dir='ltr'>qua</span> <span class='ocrx_word' id='word_1_578' title='bbox 1900 2887 1980 2918; x_wconf 91' lang='lat' dir='ltr'>illos</span> <span class='ocrx_word' id='word_1_579' title='bbox 2009 2886 2222 2926; x_wconf 87' lang='lat' dir='ltr'>perciperent</span> <span class='ocrx_word' id='word_1_580' title='bbox 2245 2885 2274 2915; x_wconf 89' lang='lat' dir='ltr'>si</span> <span class='ocrx_word' id='word_1_581' title='bbox 2301 2885 2335 2914; x_wconf 90' lang='lat' dir='ltr'>in</span> 
     </span>
    </p>
   </div>
  </div>
 </body>
</html>
