2519 3262
1024 249 1263 281 TROISIEME
1290 242 1455 279 ANNEE.

198 335 343 365 rationis
358 353 407 366 —.
426 336 550 366 Datum
566 335 655 374 apud
670 334 959 370 Urbemveterem,
979 334 1056 365 idus
1071 343 1208 364 novem-

198 387 281 422 bris,
300 397 386 419 anno
400 389 512 419 tertio.
533 398 548 418 η

685 559 808 592 Orvieto,
828 559 861 587 13
881 559 1038 585 novembre
1059 559 1137 585 1263.

286 561 384 592 2248

231 644 374 671 Decanum
391 647 418 670 et
436 643 590 671 officialem
607 644 743 670 Dotenses
761 643 923 678 praedictae
939 642 1101 669 collationis
1117 642 1207 676 depu-

194 694 237 719 tat
256 696 433 719 executores.
454 693 533 721 (Reo-
549 693 594 723 29,
611 691 661 719 fol.
677 692 729 719 241
745 696 784 725 v0,
801 697 831 717 n⁰
850 692 941 724 1297.)

233 808 250 829 «
267 798 389 828 Dec-ano
409 803 437 827 et
455 822 462 827 .
482 821 488 827 .
511 797 644 837 officiali
658 797 848 827 Dolensibus.
870 797 935 828 Illo
953 800 1044 827 recta
1061 798 1207 828 rationis

193 868 243 880 —.
260 852 382 882 Datum
395 851 482 890 apud
498 851 786 887 Urbeniveterem,
802 851 879 880 idus
891 850 1097 887 novembris,
1117 860 1206 882 anno

194 904 306 934 tertio.
326 915 340 933 n

682 1076 805 1107 Orvieto,
822 1076 857 1103 30
873 1077 1031 1103 novembre
1047 1077 1126 1104 1263.

281 1077 328 1108 22
333 1077 378 1108 49

224 1159 356 1187 Decernit
381 1160 529 1195 negotium
550 1160 698 1187 electionis
712 1161 885 1188 auctoritate
902 1161 1060 1195 apostolica
1078 1164 1107 1188 et
1123 1161 1202 1188 ordi-

186 1208 312 1235 nationis
337 1209 367 1235 in
388 1209 588 1243 presbyterum
608 1212 635 1236 et
657 1209 865 1237 benedictionis
888 1210 924 1236 ab
943 1209 1078 1245 episcopo
1097 1211 1202 1246 Lingo-

188 1257 271 1284 nensi
284 1257 324 1289 B„
344 1258 457 1285 abbatis
479 1259 649 1285 monasterii
664 1259 868 1291 Morbacensis,
880 1259 916 1286 ad
933 1259 1093 1286 Romanam
1109 1259 1202 1286 eccle-

187 1306 262 1333 siam
278 1306 356 1334 nullo
373 1307 468 1334 medio
484 1307 666 1342 pertinentis,
687 1308 795 1335 ordinis
812 1317 836 1335 s.
856 1308 1011 1341 Benedicti,
1028 1308 1199 1336 Basiliensis

187 1355 320 1388 diocesis,
339 1355 450 1382 nullum
471 1355 528 1391 juri
544 1356 681 1384 ecclesiae
698 1357 863 1384 Besiliensis
883 1357 1092 1392 praejudicium
1117 1366 1202 1393 gene-

187 1412 263 1431 rare.
278 1405 359 1438 (Rea.
376 1406 422 1438 29,
441 1405 488 1432 fol.
505 1406 567 1437 242,
584 1410 615 1432 n⁰
638 1407 729 1437 1298.)

229 1522 244 1541 t(
266 1536 272 1541 .
289 1537 294 1543 .
315 1511 418 1548 electo,
437 1517 465 1542 el
482 1512 616 1552 capitulo
632 1512 860 1542 Basiliensibus.
881 1513 1021 1543 Cassata
1038 1513 1200 1542 electione

188 1575 252 1605 que
270 1584 319 1595 ——.
344 1566 468 1596 Datum
492 1567 580 1605 apud
604 1566 894 1602 Urbemveterem,
919 1575 940 1595 11
964 1566 1127 1596 kalendas
1144 1566 1200 1596 de-

186 1619 344 1655 cembris,
364 1628 451 1650 anno
470 1620 582 1650 tertio.
606 1630 620 1649 »

275 1790 372 1820 2250
777 1787 900 1817 Orvieto,
920 1788 950 1813 17
963 1786 1026 1822 juin
1047 1787 1126 1815 1203.

218 1872 370 1899 Guillelmo
386 1872 522 1899 Bernardi
537 1873 571 1899 de
588 1872 717 1904 Narzeio,
727 1872 866 1899 canonico
877 1872 1016 1899 ecclesiae
1031 1871 1198 1900 Ruthenen-

182 1921 232 1954 sis,
248 1920 375 1956 indulget
395 1924 434 1953 ut,
450 1929 506 1947 non
525 1921 658 1948 obstante
677 1920 882 1948 constitutione
898 1921 1012 1947 concilii
1036 1921 1195 1956 generalis,

180 1970 375 2004 praebendam
387 1969 525 1997 ecclesiae
537 1969 728 1996 Ruthenensis
744 1972 772 1996 et
787 1978 929 1996 annexam
943 1970 968 1996 ei
981 1969 1194 2004 parrochialem

181 2018 334 2046 ecclesiam
348 2019 382 2045 de
400 2019 543 2046 Arduvivo
561 2027 593 2045 ac
610 2018 762 2046 ecclesiam
780 2019 813 2045 de
828 2027 851 2045 s.
869 2019 994 2052 Privato,
1014 2027 1114 2045 curam
1131 2020 1197 2046 ani-

182 2076 296 2094 marum
309 2067 460 2099 habentes,
477 2076 589 2095 neznon
603 2068 638 2095 de
655 2067 798 2094 Malavilla
815 2071 844 2095 et
859 2068 894 2094 de
908 2067 1070 2101 Sabadello,
1088 2068 1196 2095 Ruthe-

180 2117 278 2143 nensis
301 2117 435 2150 diocesis,
452 2117 606 2151 prioratus,
633 2125 755 2151 quorum
775 2125 847 2144 unus
866 2118 1007 2151 dependet
1033 2117 1069 2144 ab
1089 2118 1194 2149 altero,

179 2165 297 2192 insimul
315 2165 407 2192 valeat
428 2165 563 2193 retinere.
579 2166 655 2199 (Rno.
672 2167 716 2199 29,
736 2166 785 2193 sol.
804 2166 866 2198 242,
884 2170 919 2192 n⁰
938 2166 1028 2196 1299.)

221 2282 235 2301 «
255 2272 416 2302 Guillelmo
436 2273 592 2303 Bernardi
611 2273 646 2303 dc
663 2273 804 2310 Narzez’o,
827 2275 972 2303 canonico
992 2274 1112 2303 ecclesie
1131 2274 1194 2304 Bu-

182 2326 342 2355 thenensis.
362 2327 457 2357 Licet
481 2336 522 2358 ne
539 2328 616 2366 quis
632 2346 682 2356 —.
710 2328 836 2358 Datum
861 2328 950 2366 apud
971 2327 1195 2359 Urbemvete-

181 2388 264 2415 rem,
280 2389 323 2410 xv
340 2380 502 2411 kalendas
516 2381 606 2420 Julii,
630 2389 716 2411 anno
736 2381 895 2411 secundo.
916 2391 930 2409 n

271 2553 366 2584 2251
673 2552 796 2586 Orvieto,
816 2553 851 2580 24
868 2554 1023 2581 novembre
1039 2554 1119 2582 1263.

217 2635 423 2663 Archidiacono
446 2637 659 2664 Constantiensi
673 2638 792 2665 mandat
814 2640 846 2665 ut
862 2638 1046 2666 Gujllelmum
1063 2639 1097 2665 de
1118 2639 1155 2666 Su
1163 2639 1191 2666 b-

181 2686 339 2719 montibus,
353 2688 494 2712 rectorem
509 2685 647 2713 ecclesiae
657 2686 692 2713 de
708 2686 861 2721 Trungeio‚
871 2687 1039 2714 Baiocensis
1053 2687 1192 2720 diocesis,

177 2736 207 2763 in
223 2736 437 2771 possessionem
458 2736 587 2772 ejusdem
609 2736 747 2764 ecclesiae
771 2738 881 2771 mittat,
897 2741 996 2765 amoto
1012 2739 1048 2766 ab
1063 2747 1098 2766 ea
1114 2739 1193 2766 Hen-

178 2786 248 2816 rico,
273 2785 349 2812 dicto
369 2786 510 2817 Maubenc,
535 2786 702 2821 presbytero
725 2786 855 2821 ejusdem
879 2786 1014 2815 diocesis.
1042 2787 1125 2822 (Rea.
1146 2790 1191 2823 29,

178 2833 226 2861 i'ol.
241 2835 304 2868 242,
319 2840 348 2861 ne
366 2834 461 2867 1300.)

220 2950 235 2970 «
252 2939 478 2970 Archidiacono
500 2939 735 2971 Constantiensi.
763 2940 830 2971 Sua
855 2939 952 2971 nobis
972 2941 1116 2971 dilectus
1139 2958 1190 2971 -—.

2218 258 2275 288 373

1268 333 1394 364 Datum
1410 334 1498 371 apud
1515 333 1803 370 Urbemveterem,
1822 345 1880 365 viii
1895 337 2057 368 kalendas
2073 338 2274 375 decembris,

1269 394 1355 416 anno
1371 386 1483 416 tertio.
1505 396 1520 415 υ

1355 550 1454 580 2252
1747 549 1872 581 Orvieto,
1894 551 1938 577 1ΘΓ
1953 551 2107 579 decembre
2125 553 2202 580 1263.

1302 633 1440 667 Episcopo
1456 633 1606 660 Leodiensi
1620 634 1739 660 mandat
1753 637 1782 660 ut
1797 634 1955 661 Guidonem
1974 636 2008 662 de
2026 636 2174 671 Luegnies‚
2189 638 2275 665 cleri-

1266 690 1331 708 cum
1346 682 1544 709 Laudunensis
1559 682 1692 714 diocesis,
1707 682 1735 709 in
1750 684 1872 710 ecclesia
1891 685 1917 711 b.
1934 685 2063 719 Dionysii
2079 685 2107 712 in
2124 687 2226 714 Leodio
2245 687 2275 714 in

1265 731 1435 757 canonicum
1448 731 1537 765 recipi
1547 730 1632 758 faeiat
1643 731 1725 766 eique
1736 732 1770 758 de
1787 733 1947 766 praebenda
1966 734 2125 768 provideat.
2136 735 2217 770 (Rea.
2227 737 2274 769 29,

1267 779 1314 807 fol.
1331 780 1382 806 242
1398 785 1438 812 v0,
1452 785 1485 806 n⁰
1504 779 1594 813 1301.)

1305 898 1320 917 «
1339 887 1496 928 Episcopo
1517 887 1688 918 Leodiensi.
1712 889 1762 919 Ne
1781 889 1971 920 liberalitas
1994 899 2054 921 suo
2078 907 2126 921 —.
2148 892 2273 923 Datum

1265 941 1353 980 apud
1382 941 1670 975 Urbeinveterem‚
1698 942 1852 972 kalendis
1875 943 2074 980 decembris,
2101 953 2188 975 anno
2210 948 2274 976 ter·

1262 994 1321 1024 tio.
1344 1004 1359 1023 ))

1754 1158 1878 1190 Orvieto,
1896 1160 1930 1186 24
1947 1161 2103 1188 novembre
2122 1161 2200 1189 1263.

1352 1159 1449 1190 2253

1296 1242 1471 1273 Bertoldum,
1488 1243 1568 1278 cujus
1584 1243 1686 1270 electio
1707 1243 1874 1271 examinata
1888 1252 1939 1278 per
1954 1245 1998 1277 G.,
2015 1244 2092 1272 tituli
2110 1254 2133 1272 s.
2149 1246 2270 1273 Ceeiliae

1260 1292 1461 1327 presbyterum
1478 1295 1503 1319 et
1526 1292 1573 1322 U„
1591 1301 1613 1319 s.
1631 1292 1776 1320 Eustachii
1799 1293 1953 1320 diaconum
1975 1294 2136 1322 cardinales
2155 1297 2270 1322 cassata

1260 1343 1314 1374 est,
1330 1343 1468 1376 tanquam
1492 1341 1690 1377 irregulariter
1714 1342 1868 1374 celebrata,
1889 1344 2068 1370 monasterio
2090 1345 2268 1372 iiorbaeensi

1259 1390 1430 1417 auctoritate
1443 1391 1601 1424 apostolica
1612 1390 1640 1417 in
1658 1391 1792 1418 abbatem
1803 1392 1941 1426 praeficit.
1953 1392 2032 1427 (Rae.
2043 1393 2086 1423 29,
2098 1393 2147 1420 sol.
2162 1394 2214 1420 242
2225 1398 2267 1424 v0,

1259 1444 1292 1465 n⁰
1305 1439 1400 1470 1302.)

1298 1558 1315 1578 «
1335 1547 1507 1578 Conventui
1522 1549 1698 1578 monasterii
1710 1548 1929 1585 Morbacensis,
1942 1549 1982 1578 ad
1994 1549 2161 1579 Romanam
2177 1550 2268 1580 eccle-

1257 1601 1345 1637 siam,
1373 1606 1404 1630 ut
1424 1600 1549 1635 dicitur,
1571 1601 1652 1631 nullo
1672 1601 1769 1632 medlo
1785 1603 1980 1641 pertinentis,
2001 1602 2115 1632 ordinis
2129 1613 2153 1632 s.
2171 1603 2268 1633 Bene-

1257 1654 1343 1690 dicti,
1360 1654 1540 1684 Basiliensis
1556 1654 1693 1684 diocesis.
1717 1656 1922 1686 Monasterio
1939 1658 2052 1686 vestro
2069 1655 2201 1686 abbatis
2217 1674 2266 1686 —.

1257 1709 1381 1739 Datum
1396 1710 1482 1748 apud
1502 1709 1790 1742 Urbemveterem,
1809 1719 1867 1739 viu
1886 1710 2049 1740 kalendas
2062 1710 2264 1747 decembris,

1257 1771 1342 1792 anno
1359 1763 1471 1792 tertio.
1492 1772 1507 1791 ))
1757 1762 1763 1769 “

1346 1927 1443 1958 2254
1753 1926 1877 1959 Orvieto,
1894 1927 1928 1953 24
1943 1927 2096 1953 novembre
2119 1927 2193 1954 1203.

1291 2010 1483 2046 infrascriptis
1515 2012 1548 2038 de
1578 2011 1723 2045 praedicta
1753 2011 1893 2038 electione
1923 2012 2078 2046 significat.
2111 2012 2190 2041 (REG.
2219 2014 2265 2043 29,

1255 2060 1302 2086 fol.
1317 2060 1368 2087 242
1382 2066 1419 2091 v⁰‚
1436 2065 1466 2086 n⁰
1486 2059 1575 2095 1303.)

1295 2177 1309 2196 ι(
1340 2166 1594 2196 Miniseerialibus
1618 2172 1647 2196 et
1676 2166 1839 2207 vais]sallis
1862 2168 2039 2197 monasterii
2064 2166 2262 2198 Corhacensis

1253 2220 1327 2259 (Sic)
1347 2220 1388 2250 ad
1407 2221 1572 2250 Romanam
1596 2220 1763 2255 ecclesiam,
1778 2225 1809 2249 ul
1827 2220 1950 2255 dicitur,
1974 2221 2058 2250 nullo
2077 2221 2174 2251 medio
2189 2232 2263 2260 per-

1254 2274 1389 2308 tinentis,
1410 2273 1527 2303 ordinis
1541 2284 1565 2303 s.
1589 2274 1755 2309 Benedicti,
1779 2273 1957 2303 Basilicnsis
1974 2273 2111 2304 diocesis.
2133 2276 2265 2305 Mones-

1251 2328 1336 2358 terio
1351 2327 1561 2358 Morbacensi
1580 2330 1642 2358 etc.
1661 2346 1708 2357 -—.
1725 2329 1848 2359 Datum
1866 2329 1952 2367 apud
1969 2328 2259 2364 Urbeinveterem,

1251 2389 1311 2410 νιιι
1331 2381 1495 2411 kalendas
1511 2381 1711 2415 decembris,
1731 2390 1816 2411 anno
1834 2382 1944 2412 tertio.
1966 2392 1979 2410 η

1340 2546 1438 2577 2255
1738 2543 1862 2575 Orvieto,
1878 2544 1913 2571 24
1928 2544 2083 2571 novembre
2105 2543 2184 2571 1263.

1286 2629 1424 2665 Episcopo
1439 2628 1611 2664 Lingonensi
1628 2629 1746 2655 mandat
1762 2631 1792 2655 ut
1808 2628 1986 2656 Morbacensi
2003 2629 2099 2656 abbati
2113 2629 2261 2664 presbyte-

1249 2681 1328 2706 ratus
1345 2678 1476 2705 ordinem
1500 2681 1527 2705 et
1554 2685 1657 2705 munus
1685 2677 1890 2705 benedictionis
1920 2678 2078 2712 impendat.
2112 2678 2189 2713 (Res.
2213 2679 2260 2712 29,

1249 2727 1298 2754 fol.
1313 2727 1376 2758 243,
1397 2733 1428 2754 n⁰
1443 2727 1536 2761 1304.)

1289 2845 1306 2866 ((
1324 2835 1483 2875 Episcopo
1505 2834 1702 2874 Linyonensi.
1720 2834 1888 2865 Dilectum
1909 2834 2019 2865 filium
2039 2835 2259 2866 Bertholdum

1248 2905 1298 2919 —.
1314 2889 1439 2919 Datum
1459 2888 1547 2927 apud
1565 2887 1851 2925 Urbemveterem,
1869 2897 1927 2918 vui
1942 2888 2105 2919 kalendas
2124 2888 2257 2919 decem-

1247 2941 1332 2978 bris,
1351 2950 1437 2973 anno
1455 2941 1565 2972 tertio.
1584 2949 1601 2970 »
