2519 3262
244 207 303 236 324

245 293 386 320 ecclesiae
417 301 439 319 s.
468 292 611 319 Benedicti
641 293 675 318 de
708 291 877 323 Frusinone,
911 294 1010 318 natum
1041 291 1179 319 ,iohannis
1206 291 1261 318 loci

245 342 385 377 ejusdem,
416 342 533 369 obtentu
549 342 587 373 1.,
603 350 626 368 s.
644 341 750 368 Mariae
768 341 796 368 in
821 341 977 368 Cosmedin
997 340 1110 367 diaconi
1133 341 1262 367 cardina-

245 390 291 421 lis,
320 390 348 417 in
373 389 494 417 ecclesia
521 390 630 417 Sorana
654 389 683 416 in
705 388 876 416 canonicum
901 389 990 423 recipi
1015 389 1099 416 saciat
1125 389 1206 424 eique
1226 390 1260 416 de

245 439 410 473 praebenda
427 438 585 473 provideat.
606 438 684 470 (ano.
701 438 744 469 29,
764 437 812 464 foi.
830 438 891 468 210,
907 442 939 464 no
956 439 1048 471 1069.)
1154 429 1158 432 ’

288 554 302 571 «
320 543 433 572 Abbati
448 554 470 572 s.
490 542 612 573 Andr-ee
628 542 779 572 Alacrini.
795 542 987 580 Injunctum
1011 541 1110 572 nobis
1127 544 1260 581 aposto-

246 597 336 627 latus
367 616 415 625 —.
448 597 572 627 Datum
601 596 689 635 apud
713 595 1003 632 Urbemveterem,
1034 595 1132 625 nonis
1156 595 1256 634 junii,

247 659 333 680 anno
347 650 459 680 tertio.
485 659 500 679 n

335 805 432 836 2020
807 802 932 836 crvieto,
950 803 981 830 11
993 802 1091 838 juillet
1108 803 1187 830 1264.

281 888 412 923 Capitulo
438 887 595 914 'l'holetano
615 886 745 922 indulget
770 888 812 918 ut,
829 888 894 913 sede
909 889 1028 914 vacante
1039 887 1208 920 Tholetaua,
1222 887 1258 913 ad

245 937 439 972 receptionem
464 939 492 963 et
517 936 713 971 provisionem
736 936 770 963 de
795 936 996 970 personatibus
1019 939 1048 963 et
1067 936 1257 971 dignitatibus

245 986 365 1013 minime
383 988 545 1013 teneantur.
562 986 640 1020 (Reor
658 986 703 1017 29,
719 985 766 1012 fol.
783 985 847 1019 210,
866 989 898 1011 n⁰
914 985 1008 1020 1070.)

284 1100 298 1119 «
322 1089 466 1130 Capitulo
490 1089 667 1118 Tholetano.
694 1088 779 1119 Ceca
805 1088 918 1118 cordis
942 1087 1111 1127 cupiditas
1138 1089 1170 1118 et
1189 1096 1258 1118 am-

243 1143 389 1174 bitiosus
406 1143 530 1173 mentis
547 1143 687 1173 affectus
705 1142 754 1172 sic
776 1141 960 1172 nonnullos
979 1150 1081 1180 super
1106 1141 1258 1172 obtinen-

244 1196 296 1226 dis
310 1195 486 1226 beneficiis
503 1195 746 1226 ecclesiasticis
763 1194 978 1225 insatiabiles
995 1194 1134 1225 effecere
1153 1194 1254 1233 quod,

243 1257 304 1288 per
322 1248 512 1288 improbam
540 1249 644 1278 immo
667 1248 846 1287 reprobam
869 1248 1022 1286 ipsorum
1044 1247 1254 1284 instantiam,

243 1302 358 1332 decem
378 1305 409 1333 et
435 1302 551 1341 plures
572 1311 590 1332 a
615 1301 714 1332 nobis
743 1310 845 1340 super
866 1301 1058 1340 receptione
1084 1303 1116 1331 et
1145 1301 1254 1340 provi·

243 1355 337 1386 sione
361 1364 422 1385 sua
442 1356 476 1385 in
493 1355 636 1385 ecclesia
653 1357 777 1391 vestra,
799 1355 938 1393 quidam
954 1363 1070 1385 eorum
1087 1354 1127 1384 de
1142 1362 1256 1393 perso-

242 1408 379 1439 natibus
396 1409 448 1439 vel
466 1408 702 1448 dignitatibus,
718 1408 874 1438 nonnulli
897 1416 976 1438 vero
1000 1407 1040 1438 de
1059 1407 1253 1446 prebendis,

242 1461 497 1492 canonicatibus
513 1463 545 1491 et
567 1461 645 1491 aliis
663 1461 839 1492 beneficiis
861 1461 1013 1500 ejusdem
1035 1460 1177 1491 ecclesie
1192 1459 1255 1490 sub

242 1515 389 1545 diversis
408 1515 527 1545 formis
544 1514 676 1545 litteras
701 1514 903 1552 impetrasse
920 1513 1090 1548 dicuntur,
1110 1521 1254 1552 quorum

243 1568 380 1607 quidam
398 1568 437 1598 de
464 1568 589 1598 litteris
615 1567 701 1606 ipsis
727 1568 883 1598 effectum
912 1567 1061 1597 debitum
1086 1567 1155 1605 J‘am
1171 1566 1254 1596 obti-

241 1623 332 1656 nent,
354 1621 528 1652 nonnullis
548 1622 582 1651 in
607 1621 750 1651 ecclesia
769 1620 915 1659 receptis
935 1620 1053 1650 eadem
1072 1619 1179 1650 adhuc
1192 1619 1254 1649 sub

242 1675 474 1714 expectatione
492 1674 725 1714 provisionum
744 1673 974 1710 manentibus,
992 1675 1024 1703 et
1042 1673 1185 1712 reliquis
1200 1681 1254 1703 su—

242 1737 300 1768 per
317 1729 508 1767 receptione
532 1730 563 1759 et
580 1728 776 1767 provisione
796 1736 857 1758 sua
878 1736 939 1758 vos
958 1729 990 1758 et
1009 1727 1133 1757 dictam
1151 1726 1253 1757 eccle-

242 1782 340 1819 siam,
360 1791 461 1821 quam
481 1785 616 1821 pastore
630 1791 748 1812 vacare
768 1781 992 1820 prospiciunt,
1018 1780 1254 1819 multipliciter

241 1835 502 1866 molestantibus
512 1836 712 1866 auctoritate
723 1835 917 1873 hujusmodi
927 1834 1132 1865 litterarum.
1143 1834 1253 1869 Quare

241 1897 301 1928 pro
319 1891 412 1927 parte
438 1891 551 1919 vestra
574 1889 747 1918 humiliter
766 1887 941 1926 petebatur
962 1897 980 1917 a
998 1887 1097 1917 nobis
1116 1889 1153 1917 ut
1179 1896 1253 1926 pro-

241 1942 355 1972 videre
383 1950 484 1980 super
510 1942 570 1972 hoc
598 1944 710 1972 vestre
736 1941 843 1980 quieti
862 1942 1000 1979 paterna
1023 1940 1253 1971 sollicitudine

241 2003 449 2026 curaremus.
464 1995 534 2025 Nos
548 1995 672 2033 itaque,
694 1994 790 2024 vobis
809 1995 842 2024 et
860 1994 971 2024 eidem
989 1993 1130 2024 ecclesie
1151 2002 1253 2031 super

241 2050 290 2079 tot
317 2048 550 2087 provisionum
570 2048 763 2086 gravamine
783 2049 923 2086 paterno
942 2047 1186 2084 compatientes
1204 2047 1252 2076 at'-

242 2101 341 2138 fectu,
363 2110 400 2131 ac
425 2110 485 2131 vos
502 2103 533 2131 et
554 2101 662 2139 ipsam
681 2102 857 2139 quamtum
873 2108 947 2129 cum
964 2100 1034 2129 Deo
1054 2107 1251 2137 poSStiniuS‚

241 2155 361 2185 saltem
379 2163 417 2185 ea
441 2156 576 2193 pastore
598 2155 748 2187 vacante,
764 2161 866 2192 super
885 2153 952 2182 hiis
971 2152 1120 2183 relevare
1138 2152 1248 2182 volen-

240 2210 303 2245 tes,
322 2208 537 2238 universitati
567 2209 678 2238 vestre
704 2207 904 2237 auctoritate
930 2206 1115 2245 apostolica
1144 2206 1252 2235 indul-

240 2270 358 2300 gemus
376 2264 423 2297 ut,
455 2262 560 2291 donec
591 2261 693 2291 fuerit
719 2260 828 2290 eidem
849 2260 991 2290 ecclesie
1023 2259 1181 2289 canonice
1211 2259 1251 2289 de

240 2317 375 2354 pastore
402 2315 588 2354 provisum,
620 2314 661 2344 ad
693 2315 922 2352 receptionem
957 2315 989 2343 et.
1020 2313 1251 2352 provisionem

239 2368 467 2406 predictorum
494 2368 641 2398 nondum
670 2367 705 2397 in
721 2367 838 2397 eadem
857 2366 1001 2397 ecclesia
1026 2368 1250 2405 receptorum,

240 2421 364 2460 quibus
388 2430 447 2459 per
463 2421 657 2461 huJusmodi
683 2422 818 2451 nostras
834 2420 967 2450 litteras
985 2428 1045 2458 pro
1071 2420 1121 2449 eis
1137 2419 1250 2449 obten-

238 2476 302 2509 tas,
326 2483 392 2504 non
413 2476 463 2505 est
489 2475 545 2513 jus
570 2474 720 2513 plenarie
753 2474 973 2512 acquisitum,
999 2481 1035 2503 ac
1061 2472 1161 2503 etiam
1191 2481 1250 2511 per

238 2527 371 2558 litteras
397 2527 627 2566 quorumlibet
656 2527 800 2557 aliorum
821 2535 839 2557 a
856 2526 934 2556 sede
962 2525 1148 2565 apostolica
1169 2525 1249 2556 obti-

238 2580 379 2616 nendas,
398 2589 460 2619 que
488 2580 525 2609 de
544 2579 754 2618 indulgentia
772 2579 968 2618 huiusmodi
991 2579 1128 2618 plenam
1144 2580 1176 2609 et
1194 2588 1249 2608 ex-

238 2641 392 2672 pressam
421 2642 486 2663 non
505 2633 643 2663 fecerint
663 2633 880 2666 mentionem,
906 2632 1046 2662 minime
1066 2632 1247 2663 teneamini

238 2694 297 2716 nec
321 2686 362 2716 ad
386 2686 419 2716 id
442 2686 600 2724 compelli
626 2686 778 2725 possitis.
796 2686 867 2716 Nos
895 2686 985 2716 enim
1007 2684 1248 2715 nichilominus

238 2739 486 2778 suspensionis,
520 2739 689 2769 interdicti
715 2742 769 2769 aut
789 2738 1152 2769 excommunicationis
1172 2747 1248 2769 sen-

237 2792 371 2828 tentias,
392 2792 420 2822 si
447 2801 544 2822 secus
561 2794 698 2830 propter
724 2792 783 2822 hoc
805 2792 839 2822 in
857 2800 916 2822 vos
934 2792 988 2822 vel
1010 2791 1157 2830 aliquem
1175 2800 1245 2821 ves-

236 2847 326 2875 trum
353 2845 560 2884 promulgari
588 2845 778 2884 contigerit,
805 2854 841 2875 ae
865 2845 966 2875 etiam
996 2853 1192 2884 processum
1217 2845 1244 2874 si

238 2899 315 2937 quis
331 2899 530 2929 auctoritate
554 2898 743 2928 litterarum
770 2898 962 2937 hujusmodi
979 2897 1114 2928 habitus
1132 2897 1245 2933 fuerit,

999 206 1245 238 REGIsTREs
1271 206 1487 238 D’URBAIN
1515 207 1575 237 IV.

1321 300 1364 322 ex
1380 300 1467 321 nunc
1482 291 1697 322 decernimus
1711 291 1828 322 irritos
1842 294 1874 323 et
1887 292 2018 324 inanes.
2036 293 2206 324 Nolumus
2223 297 2335 326 autem

1320 345 1408 384 quod
1422 344 1544 375 dilecto
1559 345 1630 375 filio
1646 345 1818 376 Bonifatio
1833 346 1873 376 de
1886 346 2053 377 Cocanato
2067 346 2202 382 clerico,
2221 349 2335 387 nepoti

1319 398 1432 428 dilecti
1450 397 1512 428 filii
1527 398 1635 428 nostri
1652 399 1704 434 L'.‚
1719 399 1827 429 sancti
1840 399 2013 430 Eustachii
2030 400 2163 430 diaconi
2178 401 2332 432 cardina-

1318 451 1374 487 lis,
1395 459 1497 490 super
1515 451 1610 489 cujus
1636 452 1827 490 receptione
1846 454 1878 482 et
1902 453 2098 491 provisione
2121 453 2155 483 in
2182 454 2334 492 predicta

1320 504 1462 535 ecclesia
1492 504 1625 534 litteras
1653 507 1788 536 nostras
1806 506 1869 535 sub
1890 508 1981 536 certa
1999 506 2107 536 forma
2130 506 2331 541 direximus,

1319 557 1519 587 auctoritate
1528 557 1739 596 presentium
1749 558 1859 596 possit
1870 559 2025 597 generari
2035 559 2334 597 prejudicium,vel

1319 618 1420 649 super
1441 611 1630 648 receptione
1647 619 1684 641 ac
1702 611 1898 649 provisione
1915 611 2110 651 hujusmodi
2127 612 2265 652 aliquod
2280 613 2336 643 ob-

1319 663 1486 694 staculum
1517 664 1700 702 interponi,
1721 664 1775 695 vel
1805 665 1894 704 quod
1918 667 2096 704 presentes
2114 666 2156 696 ad
2172 675 2250 696 eum
2274 667 2334 697 ali-

1318 718 1486 755 quatenus
1502 725 1537 747 se
1555 717 1750 748 extendant.
1769 717 1865 748 Nulli
1877 727 1956 757 ergo
1972 721 2087 749 nostre
2101 719 2333 750 concessionis

1318 771 1349 800 et
1366 770 1621 800 constitutionis
1650 772 1712 801 etc.
1730 771 1856 802 Datum
1884 772 1973 810 apud
2002 772 2293 808 L’rbemveterem,
2315 783 2332 802 v

1317 823 1394 853 idus
1409 823 1500 862 julii,
1518 832 1605 854 anno
1622 825 1733 855 tertio.
1755 835 1770 853 »

1406 991 1502 1022 2021
1881 991 2006 1024 Orvieto,
2026 993 2056 1019 i?
2069 992 2165 1027 juillet
2182 993 2258 1020 1264.

1351 1073 1453 1100 Abbati
1470 1074 1639 1100 monasterii
1654 1082 1677 1101 s.
1692 1075 1809 1101 Auberti
1826 1075 1954 1110 indulget
1967 1077 2007 1106 ut,
2026 1078 2180 1110 postquam
2196 1076 2230 1103 de
2246 1076 2332 1104 bene-

1316 1123 1390 1155 ficio,
1405 1123 1441 1149 ad
1455 1123 1544 1157 ipsius
1560 1123 1744 1150 collationem
1762 1126 1921 1158 spectante,
1944 1125 1990 1151 uni
2007 1126 2040 1151 de
2064 1125 2120 1152 illis
2140 1134 2190 1160 pro
2209 1133 2333 1160 quorum

1314 1172 1478 1207 provisione
1495 1172 1602 1207 scripta
1624 1173 1783 1207 apostolica
1799 1174 1920 1208 accepit,
1937 1174 2105 1209 providerit⁷
2119 1174 2202 1202 alteri
2226 1175 2332 1203 clerico

1315 1221 1358 1248 sui
1378 1221 1467 1256 ipsius
1481 1222 1650 1248 monasterii
1666 1222 1699 1248 de
1713 1222 1804 1249 altero
1821 1223 1959 1249 beneficio
1968 1224 2117 1257 providere
2130 1224 2232 1250 valeat.
2250 1224 2330 1258 (Res.

1333 1271 1377 1302 29,
1394 1270 1442 1297 [οι.
1457 1271 1520 1301 210,
1535 1275 1564 1297 n⁰
1582 1271 1674 1303 1071.)

1355 1384 1371 1405 ((
1393 1398 1402 1406 .
1418 1399 1425 1405 .
1446 1375 1550 1405 abbati
1568 1376 1747 1406 monasterii
1760 1377 1857 1406 sancti
1875 1377 2005 1407 Auberti
2021 1378 2051 1406 in
2069 1377 2236 1414 Ardentia,
2249 1379 2333 1409 ordi-

1315 1428 1361 1457 nis
1385 1429 1486 1458 sancti
1514 1429 1684 1466 Benedicti,
1718 1429 1895 1460 Leodiensis
1926 1430 2062 1460 diocesis.
2095 1431 2166 1462 Tue
2197 1432 2331 1463 meritis

1314 1482 1506 1513 devotionis
1530 1483 1724 1513 inducimur
1749 1485 1785 1514 ut
1803 1486 1836 1514 te
1853 1484 1994 1523 speciali
2019 1485 2129 1523 gratia
2148 1493 2332 1524 prosequa-

1314 1544 1401 1565 mur.
1432 1536 1517 1567 Cum
1557 1536 1684 1575 itaque,
1716 1537 1803 1566 sicut
1842 1536 1940 1567 nobis
1966 1537 2158 1576 significare
2190 1539 2329 1575 curasti,

1313 1589 1447 1620 clericis
1464 1590 1670 1620 monasterio
1686 1591 1744 1620 tuo
1763 1592 1795 1620 et
1812 1589 1875 1620 tibi
1893 1590 2173 1629 obsequentibus,
2192 1594 2332 1631 propter

1314 1642 1467 1673 diversas
1496 1643 1629 1673 litteras
1659 1651 1723 1682 que
1755 1651 1858 1682 super
1886 1644 2082 1682 provisione
2112 1644 2264 1683 plurium
2295 1646 2330 1675 in

1312 1695 1468 1733 partibus
1486 1696 1557 1726 illis
1578 1705 1596 1726 a
1621 1696 1700 1726 sede
1719 1696 1906 1735 apostolica
1929 1705 2107 1727 emanasse
2129 1700 2328 1735 noscuntur,

1313 1748 1352 1778 de
1366 1748 1552 1783 beneficiis,
1569 1749 1609 1779 ad
1622 1752 1715 1780 tuam
1732 1749 1949 1780 collationem
1967 1758 2027 1780 seu
2040 1751 2329 1788 presentationem

1312 1803 1558 1841 spectantibus,
1587 1803 1766 1842 providere
1793 1811 1859 1833 non
1885 1804 2010 1841 possis,
2041 1813 2077 1834 ac
2107 1806 2244 1843 propter
2267 1804 2330 1836 hoc

1311 1855 1507 1895 hujusmodi
1524 1856 1785 1894 obsequentium
1807 1856 2007 1887 clericorum
2034 1857 2167 1888 devotio
2190 1858 2278 1888 circa
2296 1860 2329 1889 te

1312 1917 1349 1939 ac
1367 1909 1494 1939 dictum
1513 1910 1759 1940 monasterium
1780 1918 1846 1939 non
1864 1910 2034 1940 modicum
2051 1910 2236 1946 minuatur,
2252 1919 2328 1947 nos,

1311 1963 1381 1992 tuis
1415 1963 1546 1992 devotis
1576 1962 1886 2001 supplicationibus
1923 1963 2089 1997 inclinati,
2115 1964 2327 2002 presentium

1311 2015 1373 2046 tibi
1392 2016 1590 2046 auctoritate
1614 2015 1830 2046 concedimus
1848 2019 1895 2051 ut,
1919 2018 2098 2054 postquam
2117 2016 2176 2046 uni
2194 2016 2234 2047 de
2256 2017 2328 2047 illis

1311 2077 1372 2108 pro
1389 2077 1533 2107 quorum
1547 2069 1742 2107 provisione
1760 2069 1885 2107 scripta
1900 2072 2015 2099 nostra
2032 2069 2232 2103 direximus,
2250 2079 2327 2109 pro-

1311 2122 1423 2152 visum
1443 2122 1555 2155 fuerit,
1578 2122 1636 2151 alii
1652 2122 1773 2152 clerico
1789 2124 1846 2152 tuo
1865 2122 1974 2161 ipsius
1991 2123 2189 2153 monasterii
2209 2126 2239 2153 et
2257 2124 2327 2154 tuis

1311 2174 1485 2214 obsequiis
1502 2175 1686 2211 insistenti,
1714 2175 1896 2205 dummodo
1914 2176 1957 2205 sit
1979 2176 2144 2214 ydoneus,
2163 2176 2204 2206 de
2227 2177 2326 2207 unico

1309 2227 1550 2258 beneficiorum
1564 2228 1772 2266 hujusmodi,
1792 2229 1820 2258 si
1838 2229 1927 2267 quod
1947 2232 2039 2259 vacat
2056 2229 2096 2259 ad
2113 2238 2253 2268 presens
2271 2230 2325 2260 vel

1310 2281 1480 2320 quamcito
1499 2290 1534 2311 se
1564 2281 1706 2311 facultas
1734 2281 1909 2312 obtulerit,
1936 2282 2115 2321 providere
2143 2283 2270 2321 possis,
2288 2292 2326 2314 ac

1310 2343 1386 2364 eum
1403 2334 1564 2365 omnibus
1576 2335 1634 2373 qui
1652 2335 1866 2373 supradictas
1882 2335 2016 2365 litteras
2034 2336 2272 2374 impetrarunt,
2290 2337 2326 2366 in

1309 2388 1461 2426 ejusdem
1476 2388 1630 2418 beneficii
1648 2388 1762 2418 valeas
1777 2388 1990 2419 assecutione
2006 2389 2168 2427 preferre.
2187 2389 2326 2420 Contra-

1309 2441 1453 2471 dictorcs
1471 2443 1532 2471 etc.
1551 2441 1718 2471 Volumus
1732 2443 1844 2471 tamen
1862 2441 1950 2480 quod
1967 2444 2104 2480 propter
2117 2442 2179 2472 hoc
2195 2443 2325 2474 eisdem

1308 2494 1442 2525 clericis
1475 2495 1585 2533 quoad
1617 2495 1866 2525 assecutionem
1900 2494 2045 2525 aliorum
2082 2493 2324 2526 beneficiorum

1307 2548 1440 2578 nullum
1465 2548 1690 2587 prejudicium
1706 2550 1896 2587 generetur.
1926 2548 2050 2578 Datum
2069 2549 2157 2587 apud
2182 2549 2325 2580 Urbem·

1307 2603 1467 2637 veterem,
1489 2610 1543 2631 xv1
1566 2601 1730 2632 kalendas
1749 2601 1897 2639 augusti,
1918 2609 2004 2631 anno
2023 2602 2134 2632 tertio.
2155 2612 2170 2629 ι)

1397 2770 1494 2800 2022
1869 2768 1995 2801 ‹im-ictu,
2012 2769 2046 2796 30
2057 2768 2149 2802 juillet
2174 2769 2248 2796 1204.

1341 2853 1430 2880 Priori
1447 2862 1469 2880 s.
1488 2853 1597 2880 Nicolai
1615 2855 1648 2880 dc
1665 2855 1752 2880 Carro
1771 2861 1855 2887 super
1880 2853 1992 2884 Liduui,
2016 2853 2243 2880 Cenomanensis
2259 2853 2319 2880 dio·

1304 2902 1388 2933 cesis,
1402 2903 1518 2929 mandat
1532 2905 1559 2929 ut
1580 2902 1752 2937 magistrum
1770 2901 1929 2928 Johauuem
1945 2902 1978 2928 de
1992 2902 2088 2929 Carta.
2105 2901 2254 2934 clericum,
2270 2901 2317 2936 qui
