2519 3262
139 249 178 277 24
911 235 1138 267 tzuls'llilfjs
1169 233 1381 264 D'URBAlx
1414 233 1472 262 [v.

137 328 342 365 intendebat,
359 327 481 357 dilecto
507 325 575 356 tilio
599 325 713 354 nostro
736 322 789 358 G„
810 321 901 351 tituli
919 319 1027 350 sancti
1044 318 1147 349 Marci
1180 322 1182 363 1
1211 319 1261 347 est
1282 318 1315 347 ut
1341 334 1390 346 —.
1415 317 1502 347 Sane
1521 317 1638 355 petitio
1662 318 1720 348 tua
1742 317 1841 348 nobis
1860 318 2011 350 exhibita
2032 321 2224 352 continebat

138 383 338 423 presbytero
354 379 530 414 cardinali,
543 376 778 408 commisimus
797 373 932 404 oraculo
951 373 1025 401 vive
1043 371 1147 405 vocis,

139 439 185 470 ut,
207 436 247 466 ab
271 435 387 465 eodem
413 431 618 463 Theoderico
644 427 837 467 hujusmodi
866 425 1020 455 beneficii
1043 423 1150 453 libera

138 489 365 527 resignatione
395 488 538 524 recepta.r
572 482 768 513 beneticium
797 480 908 517 ipsum
933 478 1050 507 idonee
1076 485 1149 514 per-

137 551 218 573 sone
236 541 414 571 conferret.
432 539 522 568 Idem
534 545 612 566 vero
628 533 822 567 cardinalis,
836 531 1034 561 auctoritate
1049 529 1114 559 sibi
1131 538 1148 558 a

138 595 236 625 nobis
260 595 294 624 in
312 593 371 623 hac
399 594 491 630 parte
519 588 711 622 commissa,
733 596 749 615 a
768 585 916 624 predicto
942 582 1148 613 Theodorico

139 648 249 687 ipsius
269 645 419 676 beneficii
439 645 571 681 recepta
590 639 815 679 resignatione
834 637 951 671 libera,
972 636 1056 666 illud
1073 644 1147 665 cum

135 701 270 739 juribus
288 702 318 729 et
339 696 552 737 pertinentiis
569 695 641 724 suis
660 700 783 723 vacans
804 699 862 730 per
886 689 1148 729 resignationem
1179 729 1181 733 Ι

138 752 343 792 hujusmodi,
373 750 433 781 tibi
463 748 600 779 contulit
629 749 659 776 et
686 745 833 785 providit
854 745 894 773 de
911 743 982 779 illo,
1003 752 1039 773 ac
1059 745 1090 772 16
1109 742 1148 772 de
1180 773 1181 777 ,

138 807 211 845 ipso
234 815 291 844 per
317 803 495 843 quenulam
516 800 673 831 baculum
692 797 944 838 presentialiter
962 795 1146 831 investivit,

139 868 203 890 non
231 859 383 888 obstante
413 856 501 895 quod
523 855 556 885 in
581 854 670 884 certa
692 861 752 891 pro
774 854 807 882 te
827 860 845 881 a
868 851 946 881 sede
963 849 1149 889 apostolica

139 913 301 950 scriptum
321 913 370 941 est
391 909 544 944 ecclesia,
568 908 600 937 in
627 916 692 946 qua
716 906 865 936 nondum
887 913 923 935 es
947 903 1147 933 beneficium
1179 938 1180 941 Ἴ

138 967 325 1000 assecutus,
338 965 435 1002 prout
455 963 489 992 in
508 961 631 992 litteris
648 960 726 990 inde
743 958 917 993 confectis,
933 956 1092 996 sigillatis
1107 956 1150 985 si-

137 1018 219 1058 gillo
235 1016 417 1047 cardinalis
429 1015 550 1054 ipsius,
562 1013 697 1053 plenius
713 1012 913 1042 continetur.
930 1011 1002 1041 Nos
1022 1010 1146 1047 itaque,

137 1075 206 1104 tuis
227 1072 534 1112 supplicationibus
553 1070 719 1104 inclinati,
738 1069 826 1108 quod
844 1076 946 1106 super
962 1066 1022 1096 hoc
1041 1065 1081 1095 ab
1097 1074 1150 1095 eo-

137 1128 213 1157 dem
231 1126 395 1157 cardinali
416 1126 541 1156 factum
559 1126 620 1159 est,
641 1126 749 1154 ratum
771 1123 803 1152 et
823 1122 956 1151 firmum
975 1119 1148 1154 habentes,

139 1181 173 1211 id
209 1180 408 1210 auctoritate
441 1177 626 1218 apostolica
655 1176 894 1207 confirmamus
922 1175 953 1204 et
981 1173 1150 1212 presentis

139 1233 256 1272 scripti
281 1232 468 1272 patrocinio
495 1230 756 1263 communimus,
783 1230 934 1258 tenorem
959 1227 1149 1257 litterarum

139 1287 290 1326 ipsarum
315 1286 354 1316 de
378 1285 479 1315 verbo
503 1284 543 1314 ad
565 1283 704 1313 verbum
727 1281 943 1321 presentibus
974 1279 1078 1310 inseri
1104 1280 1150 1310 fa-

139 1340 277 1373 cientes,
298 1339 355 1377 qui
373 1338 451 1368 talis
473 1339 521 1368 est
546 1346 552 1366 t

180 1403 193 1421 «
217 1391 404 1427 Guillelmus,
417 1390 609 1420 miseratione
622 1389 724 1419 divina
742 1387 825 1417 tituli
839 1387 937 1416 sancti
953 1386 1050 1416 Marci
1067 1396 1150 1426 pres-

140 1445 223 1484 byter
243 1444 422 1479 cardinalis,
439 1443 549 1474 dilecto
568 1442 676 1472 clerico
693 1447 719 1471 ct
734 1441 886 1481 familiari
903 1444 1004 1469 nostro
1019 1440 1150 1470 Boberto

139 1498 173 1528 de
191 1497 354 1533 Floriferi,
366 1496 572 1526 Lauziuncnsis
591 1495 725 1530 diocesis,
741 1493 866 1523 salutem
883 1494 912 1523 in
932 1493 1059 1522 Domino
1077 1503 1148 1522 sem-

137 1552 302 1591 piternam.
319 1550 562 1581 Sanctissimus
576 1552 669 1588 pater
685 1548 843 1578 dominus
855 1565 902 1577 —.
922 1547 1046 1577 Datum
1062 1546 1151 1585 apud

141 1604 428 1638 Urbemveterein,
452 1611 538 1633 anno
558 1602 697 1633 Domini
716 1601 898 1631 millesimo
919 1600 1150 1630 ducentesimo

140 1657 352 1695 sexagesimo
366 1658 496 1695 quarto.
516 1664 630 1686 mense
646 1655 771 1689 martii,
785 1654 1001 1693 pontificatus
1022 1652 1149 1683 domini

140 1710 267 1741 Urbani
283 1719 368 1749 pape
387 1709 510 1748 quarti,
531 1717 617 1739 anno
636 1709 747 1739 tertio,
771 1718 784 1736 »

179 1763 273 1794 Nulli
304 1771 393 1802 crgo,
428 1765 490 1793 616.
527 1780 563 1783 -
591 1764 709 1792 Datum
740 1761 829 1800 apud
860 1760 1150 1795 t'i'bemveterem,

142 1826 160 1846 11
179 1817 254 1846 idus
274 1817 399 1852 martii,
419 1825 504 1846 anno
521 1816 631 1846 tertio.
654 1825 668 1843 1)

234 2007 328 2037 1022
712 2003 837 2036 Orvieto,
856 2003 887 2030 lt
907 2010 984 2029 mars
1003 2002 1079 2029 1264.

177 2089 278 2116 ‚inbuti
300 2088 626 2121 Δ110113516111-111-1105631,
652 2087 849 2114 Laudnncnsis
873 2087 1006 2113 diocesis.
1035 2087 1150 2113 mandat

138 2142 278 2172 qnatenus
307 2138 459 2165 ltobcrlum
487 2138 520 2164 de
549 2137 686 2164 Fltuicort
717 2137 745 2163 in
773 2136 985 2171 pussessionem
1013 2135 1150 2170 praedicti

140 2187 266 2213 bcnclicii
284 2187 411 2213 inducat
432 2187 514 2222 11136,
532 2187 575 2213 20.
596 2185 746 2215 t'01.35v0.
765 2191 793 2211 [1ο
811 2186 869 2218 Tr)

182 2307 195 2323 ι(
215 2294 324 2323 Abbati
342 2293 692 2328 Monasterii-in-Rosea,
715 2292 924 2322 Landzmensis
944 2292 1078 2321 diocesis.
1099 2292 1150 2322 In-

141 2348 263 2377 ducunt
290 2357 349 2377 nos
379 2348 492 2377 dilecti
522 2365 569 2377 —.
595 2347 718 2376 Datum
750 2346 838 2385 apud
861 2345 1150 2379 Urbemveterem,

142 2412 163 2430 11
184 2401 257 2430 idus
275 2401 400 2434 martii,
419 2409 504 2431 anno
523 2400 633 2431 tertio.
654 2410 668 2427 n

237 2589 330 2619 1023
709 2587 833 2618 Orvicto.
853 2588 887 2615 23
906 2595 983 2614 mars
1002 2587 1078 2614 1204.

179 2672 313 2705 Magistro
334 2671 448 2698 Nicolao
473 2672 505 2697 de
536 2671 651 2706 llsseyo,
676 2671 820 2706 Sugicnsis
846 2671 980 2705 diocesis,
1001 2672 1152 2699 canonica-

142 2723 202 2747 tum
219 2723 240 2745 ι·1
261 2720 450 2754 prm-bendani
468 2720 495 2746 111
512 2719 634 2746 ecclesia
651 2719 861 2747 Cenomanensi
877 2720 998 2747 confert.
1015 2720 1092 2755 (Res.
1107 2721 1151 2751 29,

144 2769 191 2795 sol.
207 2770 241 2795 :35
257 2777 294 2795 vo.
314 2774 342 2794 11ο
359 2769 418 2798 72.)

186 2876 200 2891 ι(
221 2865 367 2903 ,1111913110
385 2864 511 2894 Nicolaa
531 2864 566 2894 dc
582 2865 707 2905 Esseyo,
727 2866 885 2904 Saqiensis
900 2866 1040 2903 diocesis,
1055 2868 1154 2908 copol-

146 2917 214 2947 lnno
234 2917 411 2947 venerabilis
424 2918 534 2956 finiti-is
551 2918 645 2947 ›iaso-i
660 2920 795 2959 episcopi
808 2920 990 2951 Prcncstiui.
1007 2921 1151 2959 Dignum

1180 371 1181 388 ³
1211 370 1299 408 quod
1316 378 1387 404 1105,
1400 369 1571 400 intellecto
1590 371 1678 409 quod
1696 371 1865 409 quondam
1881 372 2100 410 Guillelmus,
2115 377 2224 405 rector

1180 419 1181 438 ³
1210 423 1350 453 ecclesie
1368 423 1474 453 sancti
1495 422 1660 453 ‚Iohannis
1683 424 1716 453 in
1738 424 2170 465 Villa—sancti-Leodegarii
2190 428 2223 457 in

1209 476 1384 514 Aquilina,
1396 476 1614 506 Carnotensis
1629 477 1787 513 diocesis,
1801 477 1993 508 intendebat
2004 478 2114 517 ipsam
2123 480 2226 510 eccle-

1179 553 1180 557 ,
1210 528 1322 566 513’111’ζ
1343 529 1525 567 resignare,
1538 529 1722 560 venerabili
1745 530 1840 560 fratri
1864 533 1978 561 nostro
1998 531 2044 566 S„
2065 532 2224 571 episcopo

1178 593 1180 610 ε
1210 581 1441 616 Prenestrino,
1468 583 1703 613 commisimus
1740 584 1817 614 viva
1839 593 1919 614 voce
1954 585 2002 620 ut,
2031 584 2072 613 ab
2105 585 2223 615 eodem

1209 634 1394 664 Guillelmo
1423 635 1475 665 vel
1505 638 1721 674 procuratore
1740 645 1813 671 suo,
1841 637 1915 675 ejus
1946 638 2093 672 nomine,
2114 638 2223 676 ipsius

1210 687 1350 717 ecclesie
1370 687 1475 718 libera
1494 689 1719 727 resignatione
1737 692 1882 729 recepta,
1895 699 1968 720 eam
1983 699 2126 729 persone
2144 691 2225 729 ydo-

1211 749 1271 771 nee
1299 741 1450 771 cont'erre
1478 744 1620 771 curaret.
1651 742 1742 772 Idem
1770 751 1850 773 vero
1867 743 2059 782 episcopus,
2091 746 2224 782 recepta

1211 794 1438 833 resignatione
1468 794 1574 824 libera
1603 794 1754 833 ejusdem
1787 796 1929 826 ecclesie
1961 805 1979 826 a
2006 799 2223 835 procuratore

1210 847 1291 877 dicti
1308 847 1485 877 Guillelmi
1501 856 1561 886 pro
1585 857 1636 883 eo,
1655 858 1673 878 a
1695 857 1761 887 quo
1782 849 1923 879 habebat
1944 850 1985 879 ad
2006 849 2065 879 hoc
2086 850 2222 888 plenum

1210 903 1241 931 et
1268 901 1414 939 speciale
1443 901 1651 932 mandatum.
1672 902 1781 940 ipsam
1810 901 1873 932 tibi
1901 902 2079 933 ecclesiam
2109 906 2223 933 sancte

1210 954 1329 985 Crucis
1339 954 1378 984 de
1389 954 1572 988 Fuschosa,
1586 955 1737 993 ejusdem
1752 955 1910 989 diocesis,
1919 955 2015 993 cujus
2026 958 2104 985 tunc
2115 959 2225 986 rector

1210 1015 1297 1042 eras,
1329 1007 1434 1037 libere
1466 1007 1499 1036 in
1532 1007 1604 1046 ejus
1632 1007 1788 1037 manibus
1810 1008 2008 1047 resignanti,
2027 1009 2224 1039 auctoritate

1211 1062 1327 1090 nostra
1348 1060 1445 1090 duxit
1466 1060 1624 1090 canonice
1642 1060 1892 1097 conferendam,
1915 1070 2043 1100 nosque
2062 1062 2151 1100 quod
2170 1070 2223 1092 su-

1210 1122 1270 1152 per
1296 1113 1357 1143 hoc
1388 1113 1429 1143 ab
1456 1113 1531 1151 ipso
1561 1113 1719 1152 episcopo
1751 1113 1875 1144 factum
1893 1114 2017 1149 extitit,
2048 1117 2158 1145 ratum
2192 1117 2223 1145 et

1211 1166 1346 1196 firmum
1372 1165 1544 1202 habentes,
1569 1166 1604 1196 id
1630 1167 1829 1197 auctoritate
1852 1168 2039 1206 apostolica
2062 1168 2225 1198 duximus

1211 1219 1490 1255 confirmandum,
1508 1219 1610 1250 certis
1628 1219 1690 1249 tibi
1709 1228 1810 1258 super
1834 1220 1894 1250 hoc
1915 1220 2154 1251 executoribus
2168 1221 2223 1251 de-

1211 1273 1355 1312 putatis;
1373 1273 1489 1312 sicque
1507 1272 1601 1303 fuisti
1620 1273 1653 1304 in
1663 1273 1872 1311 corporalem
1882 1274 2137 1312 possessionem
2153 1283 2227 1313 pre-

1211 1326 1298 1357 dicte
1306 1326 1413 1356 sancti
1426 1326 1591 1356 Johannis
1605 1326 1746 1356 ecclesie
1756 1327 1926 1363 inductus,
1936 1335 2036 1366 quam
2050 1327 2152 1357 etiam
2165 1327 2226 1357 ali-

1211 1379 1372 1419 quandiu,
1395 1381 1430 1409 ut
1458 1381 1594 1414 asseris,
1625 1379 1762 1418 pacifice
1784 1380 1980 1418 possedisti.
2003 1380 2224 1411 Postmodum

1210 1435 1322 1464 autem
1340 1433 1520 1463 Benedicto
1535 1433 1575 1463 de
1595 1433 1710 1467 Belna,
1731 1433 1928 1471 presbytero
1940 1433 2226 1464 Senonensisdio-

1209 1487 1308 1520 66515,
1324 1489 1496 1516 asserente
1513 1486 1612 1524 quod,
1628 1488 1785 1524 pretextu
1801 1486 2012 1525 quarundam
2032 1487 2222 1517 litterarum

1210 1549 1295 1579 quas
1310 1548 1412 1578 super
1429 1539 1623 1578 provisione
1639 1539 1792 1569 facienda
1805 1539 1870 1569 sibi
1887 1539 1926 1569 de
1943 1539 2105 1570 beneficio
2122 1539 2226 1570 eccle—

1211 1594 1361 1624 51351160.
1380 1601 1456 1623 cum
1477 1601 1555 1622 cura
1566 1592 1618 1622 vel
1637 1592 1709 1622 sine
1722 1601 1812 1627 cura,
1825 1593 1859 1622 in
1869 1593 2068 1623 Carnotensi
2088 1593 2226 1623 civitate

1211 1647 1263 1677 vel
1288 1646 1416 1676 diocesi
1431 1645 1493 1676 sub
1515 1648 1605 1676 certa
1622 1645 1730 1676 forma
1746 1645 1980 1676 direxeramus
1995 1646 2097 1676 certis
2107 1654 2228 1676 execu-

1211 1699 1354 1735 toribus,
1367 1699 1396 1729 ei
1409 1699 1466 1737 jus
1491 1699 1524 1728 in
1538 1699 1667 1737 prefata
1680 1699 1787 1728 sancti
1800 1699 1966 1729 ι1011311315
1979 1699 2123 1730 66616513
2137 1707 2226 1729 60111-

1212 1752 1357 1791 petebat,
1377 1751 1612 1790 placuitnobis
1623 1752 1712 1790 quod
1721 1752 1832 1782 dictus
1855 1751 2034 1791 presbyter
2047 1752 2225 1782 ecclesiam

1213 1805 1378 1836 obtineret
1403 1805 1554 1835 eandem.
1576 1805 1719 1835 Demum
1745 1813 1817 1841 nos,
1844 1807 1983 1844 paterno
2009 1805 2069 1835 tibi
2094 1813 2227 1844 compa-

1211 1859 1334 1889 tientes
1351 1859 1469 1888 ati'ectu
1489 1861 1519 1888 et
1543 1858 1798 1888 considerantes
1814 1858 1903 1897 quod
1920 1867 1995 1888 eras
2012 1860 2154 1897 utraque
2174 1867 2225 1888 66-

1212 1912 1315 1942 616513
1325 1912 1521 1942 destitutus.
1538 1920 1575 1941 ac
1591 1912 1744 1942 nolentes
1756 1913 1788 1942 te
1806 1912 1876 1941 fore
1892 1914 2006 1942 nostre
2017 1911 2227 1950 provisionis

1213 1968 1398 2003 expertem,
1430 1965 1588 2003 episcopo
1612 1965 1677 2003 ipsi
1705 1965 1840 1995 oraculo
1866 1965 1941 1994 vive
1967 1965 2060 1995 vocis
2085 1965 2223 1994 commi-

1213 2019 1321 2048 simus
1341 2020 1375 2048 ut
1397 2018 1459 2048 tibi
1482 2018 1522 2048 de
1549 2018 1747 2048 canonicatu
1765 2020 1795 2048 et
1819 2017 1989 2057 prebenda
2012 2018 2046 2048 in
2065 2018 2228 2048 Cenoma-

1214 2072 1308 2101 nensi
1329 2071 1470 2101 ecclesia
1496 2072 1699 2109 provideret,
1725 2072 1772 2102 ita
1793 2072 1881 2110 quod
1904 2072 1974 2110 jam
1999 2071 2110 2102 dictus
2134 2080 2226 2110 pres·

1212 2124 1311 2164 byter
1328 2124 1494 2155 obtineret
1508 2125 1614 2155 sancti
1629 2125 1793 2155 Johannis
1811 2125 1990 2155 ecclesiam
2006 2125 2226 2156 antedictam.

1212 2178 1308 2210 Unde
1328 2178 1415 2208 idem
1435 2178 1615 2216 episcopus
1632 2178 1832 2208 auctoritate
1852 2180 1965 2208 nostra
1981 2178 2092 2209 eidem
2114 2178 2148 2208 in
2165 2177 2225 2208 1136

1212 2234 1306 2270 parte
1340 2232 1533 2263 commissa.
1570 2231 1717 2262 decrevit.
1751 2232 1874 2262 dictam
1905 2231 2084 2262 ecclesiam
2116 2231 2223 2261 sancti

1210 2285 1374 2315 Jobannis
1406 2284 1447 2314 ad
1480 2285 1753 2323 prenominatum
1785 2284 2023 2323 presbyterum
2054 2285 2224 2323 pertinere

1211 2338 1331 2368 debere
1342 2347 1378 2368 ac
1392 2340 1427 2367 ut
1441 2347 1526 2369 eam.
1537 2347 1602 2367 non
1619 2338 1773 2368 obstante
1786 2338 1930 2377 alicujus
1944 2337 2222 2370 contradictione.

1211 2391 1347 2429 pacifice
1368 2391 1538 2430 possideat
1559 2393 1589 2421 et
1608 2391 1977 2430 qliiete,can011icat11111
1996 2391 2224 2421 Cenomanen—

1181 2465 1183 2472 .
1211 2445 1260 2474 sis
1267 2444 1420 2479 ecclesie,
1430 2453 1503 2474 cuni
1519 2443 1824 2482 plenitudinejuris
1835 2443 1985 2473 canonici
1996 2452 2032 2473 ac
2042 2443 2223 2482 prebenda.

1211 2498 1307 2536 cujus
1323 2498 1478 2535 pretextu
1501 2496 1638 2526 stallum
1662 2496 1693 2525 in
1715 2496 1814 2526 choro
1836 2498 1865 2526 et
1884 2496 1995 2526 locum
2019 2496 2052 2526 iu
2076 2496 2224 2535 capitulo

1212 2549 1336 2580 habeas
1361 2552 1391 2580 et
1410 2549 1671 2580 distributiones
1691 2549 1878 2579 cotidianas
1899 2550 2078 2588 percipias,
2105 2549 2133 2579 si
2160 2558 2227 2588 qua

1213 2602 1338 2632 ibidem
1359 2604 1453 2632 vacat
1474 2602 1514 2632 ad
1544 2611 1694 2640 presens.
1713 2602 1773 2632 tibi
1799 2602 1938 2632 contulit
1963 2605 1994 2633 et
2012 2602 2160 2641 providit
2185 2602 2225 2632 de

1214 2656 1294 2687 illis.
1315 2658 1413 2694 teque
1440 2655 1480 2685 de
1500 2655 1583 2693 ipsis
1602 2664 1661 2694 per
1683 2664 1780 2685 suum
1809 2655 1947 2685 anulum
1973 2655 2226 2695 presentialiter

1214 2708 1400 2738 investivit.
1417 2708 1451 2738 Si
1472 2716 1549 2738 vero
1564 2707 1677 2746 aliqua
1691 2708 1769 2737 talis
1786 2707 1955 2746 prebenda
1972 2707 2106 2737 indicta
2120 2707 2227 2738 Ceno-

1214 2761 1366 2791 manensi
1384 2761 1526 2791 ecclesia
1542 2769 1606 2791 non
1624 2765 1718 2791 vac-at
1733 2761 1771 2790 ad
1787 2769 1940 2799 presens,
1957 2761 2137 2799 episcopus
2153 2760 2226 2798 ipse

1214 2815 1419 2854 prebendam
1446 2814 1638 2852 hujusmodi
1661 2815 1770 2853 primo
1791 2816 1984 2844 vacaturam
2011 2813 2094 2843 inibi
2118 2812 2227 2843 conse-

1215 2869 1351 2899 rendam
1384 2867 1445 2898 tibi
1477 2867 1648 2898 donationi
1685 2867 1777 2897 sedis
1812 2866 1996 2905 apostolice
2026 2866 2223 2901 reservavit,

1216 2922 1399 2952 decernens
1427 2929 1556 2950 exnunc
1580 2920 1714 2950 irritum
1738 2922 1769 2950 et
1798 2919 1895 2949 inane
1917 2919 1946 2949 si
1971 2927 2068 2949 secus
2091 2919 2132 2949 de
2152 2927 2226 2958 pre-

2511 146 2519 212 .-«.
