2519 3262
1061 274 1300 313 TROISIEME
1320 274 1485 311 ANNEE.

228 377 244 397 »
259 367 340 397 bilis
358 367 679 406 pater..episcopus
698 367 1092 403 Came1·acensis,cont1‘a
1109 366 1238 405 predic·
1266 389 1269 396 ,

224 423 333 452 »tum
360 420 515 451 abbatem
540 429 642 459 super
666 421 870 459 quibusdam
897 419 1111 453 criminibus,
1136 427 1237 458 super
1267 455 1270 464 .

225 483 241 503 »
258 473 382 512 quibus
412 483 472 504 nec
501 474 651 504 clamosa
677 473 861 503 insinuatio
884 481 943 502 nec
961 473 1073 511 aliqua
1096 472 1237 502 infamia

225 536 240 556 »
256 529 478 565 precesserat,
494 527 534 557 de
552 527 648 560 facto,
667 535 742 556 cum
762 526 800 556 de
815 526 890 564 jure
909 534 974 555 non
991 528 1116 564 posset.
1134 525 1235 556 vellet

225 589 241 609 »
256 580 440 619 inquirere,
457 581 488 610 et
506 589 566 619 pro
585 581 678 618 parte
697 579 807 618 ipsius
824 578 956 608 abbatis
974 579 1096 609 fuisset
1114 579 1235 617 allega-

222 641 240 662 »
256 635 327 663 tum
346 634 434 672 quod
451 641 552 671 super
569 632 636 662 hiis
654 632 848 662 diffamatus
864 640 930 661 non
949 634 1030 667 erat,
1043 632 1131 662 idem
1149 632 1235 670 epis·
1264 665 1266 669 ,

1264 691 1265 698 ¹
1297 692 1314 712 »
1333 684 1645 714 commissariorum
1674 687 1703 715 et
1723 685 1882 724 quicquid
1907 695 1946 716 ex
1966 687 2015 717 eis
2034 688 2086 718 vel
2104 688 2144 718 ob
2165 690 2197 719 id
2214 700 2306 721 secu-

222 695 239 715 »
257 695 361 725 copus
388 686 551 724 quosdam
578 686 696 719 testes,
717 685 848 714 emulos
868 686 899 714 et
919 685 1169 723 conspiratores
1187 685 1235 723 ip-

223 749 238 768 »
255 740 327 769 sius
343 739 488 774 abbatis,
500 747 601 776 super
611 737 806 777 hujusmodi
822 738 962 767 infamia
970 738 1108 776 recepit,
1119 740 1235 768 contra

222 801 237 821 »
256 801 341 831 quos
358 801 399 822 ex
414 791 628 830 parteipsius
638 790 867 821 abbatisinter
879 791 945 821 alia
956 791 1017 821 fuit
1035 791 1233 829 excipiendo

220 853 238 874 »
258 845 469 883 propositum
496 844 586 883 quod
614 853 730 874 eorum
758 844 993 874 testimonium
1016 853 1080 874 non
1099 844 1232 874 valebat
1263 868 1264 871 ,

221 909 236 928 »
252 906 312 936 pro
329 906 367 927 eo
381 897 470 936 quod
486 897 553 936 ipsi
566 899 671 928 testes
686 898 780 928 erant
797 900 827 928 et
844 897 989 933 fuerant,
1002 899 1154 935 tempore
1172 906 1231 928 sue
1262 895 1264 939 ξ

218 959 236 980 »
254 950 488 989 depositionis,
516 959 575 989 per
602 950 733 989 priores
765 950 895 980 ordinis
922 950 1029 980 sancti
1058 950 1231 980 Benedicti
1262 940 1264 979 t

1262 1006 1263 1015 ³
1295 1011 1311 1030 »
1327 1002 1418 1032 nitus
1438 1011 1503 1033 non
1521 1005 1647 1038 tenere,
1664 1012 1700 1033 ac
1716 1013 1757 1034 ex
1776 1005 1825 1034 eis
1845 1005 1910 1035 sibi
1931 1006 2061 1036 nullum
2079 1008 2304 1046 prejildicium

218 1011 236 1032 »
252 1003 434 1034 Remensis
461 1003 646 1042 provincie,
675 1005 848 1042 tamquam
878 1004 1095 1042 proprietarii
1112 1004 1231 1042 majori

217 1064 235 1086 »
251 1056 600 1087 excommunicatione
622 1056 729 1095 ligati,
757 1057 845 1095 quod
861 1059 1058 1095 procurator
1079 1057 1231 1096 ejusdem

219 1118 234 1138 »
254 1109 387 1140 abbatis
416 1118 451 1140 se
472 1109 593 1140 obtulit
615 1109 837 1148 probaturum
856 1112 887 1140 et
913 1118 948 1140 se
975 1110 1072 1148 petiit
1090 1111 1131 1140 ad
1156 1119 1231 1149 pro-

217 1171 233 1191 »
251 1161 400 1192 bandum
418 1162 563 1192 admitti.
583 1163 722 1199 Verum,
746 1162 825 1201 quia
842 1162 997 1201 magistri
1013 1162 1165 1198 Gabriel,
1182 1172 1231 1193 ar-

216 1224 232 1244 »
249 1214 467 1245 chidiaconus
493 1215 750 1246 Cameracensis
779 1216 813 1245 in
840 1216 1054 1252 YalenceniS,
1076 1215 1229 1247 Ubaldus

214 1276 232 1297 »
249 1268 405 1298 officialis
415 1269 683 1304 Cameracensis,
694 1271 725 1299 et
741 1269 912 1299 ,lohannes
928 1269 1115 1299 Franconis
1133 1278 1229 1299 cano-
1259 1290 1260 1293 =

214 1329 231 1350 »
249 1322 346 1352 nicus
364 1322 633 1357 Cameracensis,
649 1322 739 1352 vices
758 1324 925 1361 gerentes,
939 1325 974 1352 ut
991 1322 1176 1358 dicebatur,
1194 1323 1228 1353 in

213 1382 230 1404 »
248 1374 308 1405 hac
334 1376 428 1413 parte
457 1375 537 1405 dicti
563 1375 713 1414 episcopi
733 1376 1000 1411 Cameracensis,
1024 1376 1148 1406 dictam
1172 1385 1227 1407 ex—

214 1437 229 1457 »
246 1428 434 1466 ceptionem
450 1428 640 1465 admittere,
652 1428 834 1468 ipsumque
848 1429 1003 1459 abbatem
1018 1430 1049 1459 et
1068 1429 1141 1468 ejus
1154 1439 1228 1469 pro-

213 1492 228 1508 »
246 1483 435 1512 curatorem
462 1490 563 1520 super
591 1482 652 1512 hoc
671 1483 788 1512 audire
807 1484 922 1512 contra
941 1483 1111 1521 justitiam
1130 1484 1227 1513 dene·
1257 1485 1258 1504 ³

212 1543 229 1564 »
245 1537 377 1574 garuni,
396 1543 455 1565 nec
481 1535 575 1573 ipsos
602 1535 643 1565 ad
668 1535 878 1574 probandum
905 1536 1090 1573 predictam
1110 1545 1226 1575 excep-

212 1596 229 1617 »
242 1588 370 1618 tionem
398 1588 618 1626 admiserunt,
649 1597 689 1618 ex
716 1590 810 1626 parte
835 1588 985 1627 ejusdem
1009 1588 1141 1619 abbatis
1162 1590 1225 1620 fuit

212 1650 228 1669 »
244 1641 278 1671 in
299 1641 435 1679 scriptis
460 1641 500 1670 ad
526 1641 716 1679 predictum
733 1641 930 1680 episcopum
946 1642 1096 1680 legitime
1115 1643 1226 1681 appel-

212 1704 227 1723 »
245 1693 364 1724 latum.
388 1694 428 1723 Et
456 1694 536 1732 quia
553 1702 654 1732 super
676 1694 737 1724 hac
755 1694 980 1733 appellatione
997 1695 1140 1733 predicti
1156 1704 1224 1725 ma-

210 1755 228 1776 »
245 1747 344 1785 gistri
361 1747 486 1785 petitos
505 1747 678 1785 apostolos
699 1756 774 1777 cum
793 1747 955 1777 instantia
973 1749 1154 1778 concedere
1171 1749 1225 1779 de-

211 1808 227 1829 »
244 1802 420 1839 negarunt,
440 1800 503 1830 fuit
519 1800 628 1830 denuo
647 1800 688 1830 ad
703 1801 845 1831 eundem
864 1801 1060 1840 episcopum
1073 1801 1223 1840 legitime

211 1863 226 1883 »
245 1853 465 1892 appellatum,
487 1855 518 1883 et
537 1853 571 1883 in
595 1854 732 1892 scriptis
751 1853 813 1883 fuit
831 1854 933 1884 etiam
954 1854 1162 1892 appellatum
1180 1855 1224 1885 le·
1253 1879 1255 1887 s

209 1915 226 1935 ›)
242 1907 358 1946 gitime
377 1906 417 1936 ab
445 1907 562 1936 eodem
588 1906 746 1945 episcopo
769 1915 809 1936 ex
825 1909 919 1945 parte
937 1907 1015 1937 dicti
1033 1907 1165 1938 abbatis
1182 1908 1223 1938 ad

210 1971 224 1986 n
243 1959 464 1998 apostolicam
491 1960 615 1995 sedem,
633 1968 694 1998 pro
721 1968 759 1990 eo
781 1960 869 1999 quod
883 1960 1004 1990 dictam
1025 1961 1223 1999 appellatio-

208 2021 225 2042 »
239 2021 316 2043 nem
347 2013 579 2051 pronuntiavit
611 2013 726 2043 minus
756 2013 951 2043 canonicam
981 2014 1154 2049 extitisse;
1191 2015 1222 2045 et

208 2074 224 2094 »
242 2065 321 2104 quia
335 2065 486 2104 prefatus
506 2066 686 2104 episcopus
702 2074 803 2104 super
819 2066 878 2096 hac
896 2066 1123 2105 appellatione
1138 2067 1222 2105 peti-

207 2127 224 2148 »
237 2121 291 2149 tos
306 2119 479 2157 apostolos
497 2119 679 2149 concedere
696 2119 885 2158 denegavit,
902 2127 942 2149 ex
959 2121 1054 2158 parte
1068 2121 1148 2151 dicti
1167 2121 1220 2150 ab·

206 2181 224 2202 »
240 2171 330 2202 batis
357 2172 517 2202 similiter
545 2172 609 2202 fuit
632 2173 673 2202 ad
701 2172 816 2202 sedem
834 2173 1043 2211 appellatum
1066 2174 1219 2204 eandem,

205 2233 222 2254 »
241 2225 305 2255 Sed
342 2225 431 2255 idem
466 2225 658 2265 episcopus,
702 2225 898 2264 hujusmodi
933 2226 1220 2265 appellationibus

206 2290 220 2306 »
238 2278 429 2317 vilipensis
451 2279 560 2309 eidem
584 2278 709 2315 abbati,
728 2279 805 2309 licet
825 2279 897 2318 ipse
918 2288 984 2310 non
1003 2282 1092 2310 esset
1112 2281 1151 2311 de
1172 2281 1220 2310 di-

204 2331 447 2370 »lapidatione
465 2334 657 2371 suspectus,
677 2332 716 2362 de
734 2333 833 2366 facto,
854 2341 931 2362 cum
953 2333 993 2362 de
1010 2333 1085 2372 jure
1105 2334 1220 2372 nequi-

205 2394 220 2414 »
237 2385 337 2420 verit,
368 2385 440 2415 sine
469 2394 570 2415 cause
599 2385 790 2424 cognitione
822 2387 853 2416 et
881 2385 1008 2424 absque
1035 2386 1103 2416 alia
1126 2387 1219 2425 justa

203 2445 221 2466 »
241 2446 354 2475 causa,
380 2439 560 2477 postquam
592 2439 694 2469 etiam
726 2439 815 2469 idem
832 2439 935 2469 abbas
962 2439 1024 2469 fuit
1044 2440 1078 2469 in
1096 2440 1217 2471 itinere

205 2498 221 2518 »
237 2491 444 2522 constitutus
469 2492 510 2522 ad
535 2492 650 2522 sedem
669 2492 855 2530 predictam
874 2493 1031 2523 veniendi
1048 2494 1088 2523 ad
1105 2502 1219 2532 prose-

205 2544 410 2582 »quendum
439 2544 686 2583 appellationes
716 2545 864 2582 easdem,
886 2546 1217 2578 administrationem

204 2595 403 2627 »bonorum
433 2597 515 2627 dicti
549 2599 747 2628 monasterii
777 2600 892 2629 contra
912 2599 1082 2638 justitiam
1116 2601 1218 2631 inter·
1247 2601 1248 2618 ³

204 2660 218 2679 »
241 2649 493 2689 dixit3pr0pter
510 2651 599 2689 quod
615 2659 655 2681 ex
671 2654 766 2690 parte
780 2652 933 2691 Jamdicti
951 2652 1216 2684 abbatisiterum

202 2711 219 2731 »
238 2703 300 2733 suit
319 2703 352 2732 in
379 2703 516 2741 scriptis
544 2703 585 2733 ad
608 2704 722 2734 sedem
746 2705 968 2743 apostolicam
992 2706 1143 2745 legitime
1160 2715 1217 2746 ap-

202 2756 400 2795 »pellatum
427 2758 459 2786 et
489 2756 634 2794 apostoli
664 2756 831 2787 instanter
857 2758 961 2788 etiam
987 2759 1097 2798 petiti,
1130 2769 1215 2799 quos

203 2819 218 2839 »
237 2809 316 2848 quia
331 2809 420 2839 idem
436 2809 616 2848 episcopus
636 2810 818 2840 concedere
835 2811 1024 2850 denegavit,
1042 2813 1082 2843 ad
1099 2813 1214 2844 sedem

200 2862 400 2901 »prefatam
424 2862 574 2901 legitime
594 2862 800 2901 appellatum
819 2863 882 2894 suit
901 2864 1060 2895 similiter
1080 2866 1211 2897 iterato.

201 2925 216 2945 »
234 2915 299 2946 Sed
326 2915 417 2945 idem
435 2915 616 2954 episcopus
638 2916 866 2953 postmodum,
885 2918 1047 2955 predictis
1070 2919 1213 2957 appella-

201 2968 384 2999 »tionibus
404 2968 617 3007 contemptis,
637 2971 752 2999 contra
778 2970 967 3008 predictum
985 2970 1141 3002 abbatem
1159 2971 1214 3002 ab·

2271 293 2309 321 77

1301 374 1317 393 »
1333 366 1474 399 sentem,
1486 365 1613 404 etjuris
1629 367 1744 396 ordine
1760 375 1825 396 non
1844 371 1988 402 servato,
2006 369 2045 399 de
2063 370 2159 407 facto,
2180 382 2254 403 cum
2269 375 2308 405 de

1300 418 1402 456 »jure
1421 419 1622 457 nequiverit.
1640 420 1820 450 amotionis
1837 422 2039 452 senteutiam
2056 423 2177 454 «licitur
2196 430 2307 463 protu-

1300 479 1316 499 »
1331 471 1425 505 iissev
1447 481 1465 501 a
1491 481 1556 510 qua
1574 473 1741 502 sententia
1757 475 1929 511 tamquam
1946 474 1986 504 ab
2006 475 2132 514 iniqua.
2155 486 2195 507 ex
2214 483 2307 516 parte

1266 527 1267 531 ’
1299 532 1315 552 >)
1337 524 1487 561 ejusdem
1502 524 1644 559 abbatis,
1659 525 1719 555 t'uit
1733 526 1773 555 ad
1789 526 1900 555 sedem
1919 528 2138 565 apostolicam
2158 530 2306 569 legitime

1298 588 1313 604 »
1333 578 1552 615 appellatum.
1577 582 1687 613 Quare
1712 579 1806 616 petit,
1827 580 1962 609 nmnine
1989 581 2138 619 ejusdem
2161 583 2304 621 abbatis,

1296 638 1509 668 »processus
1537 634 1565 661 et
1592 632 1793 662 sententiam
1819 632 1984 663 dictorum
2004 634 2153 674 episcopi
2181 638 2210 666 et
2235 638 2306 676 ejus

1296 745 1313 764 »
1329 738 1401 766 tum
1417 739 1480 771 est,
1495 739 1525 767 et
1546 738 1707 776 quicquid
1724 739 1822 768 etiam
1842 742 1916 778 post
1935 740 2041 771 dictas
2060 743 2306 780 appellationes

1296 798 1312 818 »
1328 791 1358 820 et
1376 799 1492 821 earum
1516 791 1701 829 quamlibet
1720 793 1954 830 attemljntatum
1972 796 2020 823 est
2038 795 2090 824 vel
2109 796 2210 825 etiam
2229 797 2306 827 sub-

1295 854 1310 869 »
1329 845 1495 880 secutum,
1516 853 1575 882 per
1595 853 1654 874 vos
1678 846 1925 876 sententialiter
1951 849 2101 877 revocari
2125 851 2155 878 et
2179 852 2305 881 cassari

1295 904 1312 924 »
1329 897 1361 926 et
1378 896 1481 926 etiam
1502 897 1642 933 irritari,
1667 900 1697 928 et
1721 907 1815 928 cassa
1833 899 1925 929 nulla
1945 902 1975 930 et
1999 900 2095 931 irrita
2110 902 2209 932 etiam
2230 913 2304 942 pro-

1295 957 1311 977 »
1329 949 1491 982 nuntiari,
1519 952 1549 980 et
1576 951 1710 981 decerni
1729 960 1765 981 ea
1783 954 1897 981 contra
1914 954 2054 983 eundem
2076 954 2230 985 abbatem
2250 965 2305 995 pe-

1293 1063 1310 1083 »
1327 1056 1492 1094 generari,
1512 1056 1605 1086 salvo
1620 1056 1695 1095 jure
1711 1060 1772 1087 etc.
1795 1068 1810 1085 »

1333 1118 1347 1137 (‹
1364 1109 1438 1139 Lite
1456 1109 1559 1148 igitur
1577 1119 1652 1140 cum
1672 1113 1889 1148 procuratore
1904 1115 2088 1143 conventus
2106 1117 2304 1146 monasterii

1293 1162 1454 1200 sepedicti
1475 1163 1626 1201 legitime
1644 1165 1841 1199 contestata,
1864 1167 1894 1194 et
1916 1167 2093 1204 questione
2110 1167 2303 1205 hujusmodi

1292 1223 1404 1245 coram
1421 1215 1519 1246 nobis
1546 1216 1744 1255 aliquandiu
1763 1218 1899 1256 agitata,
1923 1219 2059 1249 tandem
2077 1221 2228 1258 prefatus
2249 1223 2301 1257 G„

1291 1268 1406 1303 abbas,
1420 1277 1480 1307 pro
1499 1278 1546 1304 se,
1561 1271 1593 1300 et
1611 1270 1794 1301 Johannes.
1809 1274 1917 1301 rector
1933 1272 2074 1303 ecclesie
2086 1273 2182 1304 beate
2198 1275 2303 1306 Marie

1290 1322 1486 1361 Magdalene
1505 1323 1538 1352 in
1551 1323 1725 1359 Atrebate,
1743 1327 1938 1362 procurator
1957 1326 2118 1365 episcopi,
2137 1328 2302 1359 ,Iohannis

1289 1375 1440 1406 Douchet
1468 1378 1499 1406 et
1518 1380 1704 1407 conventus
1720 1377 1960 1416 predictormn,
1981 1387 2096 1409 eorum
2115 1381 2250 1411 nomine
2271 1384 2302 1413 et

1289 1437 1348 1467 pro
1368 1429 1466 1467 ipsis,
1486 1429 1519 1459 in
1546 1438 1607 1459 nos
1635 1431 1953 1469 compromiserunt,
1978 1441 2014 1462 se
2041 1434 2176 1464 omnino
2200 1443 2302 1473 super

1289 1482 1465 1520 questione
1478 1483 1626 1521 predicta
1640 1485 1766 1514 nostris
1784 1484 1896 1514 laudo.
1908 1486 2121 1523 ordinationi,
2134 1487 2299 1518 voluntati

1288 1537 1319 1565 et
1338 1535 1476 1566 arbitrio
1496 1536 1561 1566 alte
1580 1539 1610 1566 et
1630 1536 1728 1567 basse
1747 1541 1986 1575 supponentes,
2006 1542 2039 1569 ut
2066 1540 2104 1569 de
2131 1541 2246 1570 eadem
2266 1544 2297 1572 et

1287 1588 1326 1618 de
1337 1588 1495 1619 omnibus
1514 1590 1553 1619 ad
1567 1598 1639 1619 eam
1656 1590 1916 1627 pertinentibus,
1937 1594 2068 1622 servato
2085 1593 2136 1622 vel
2154 1602 2218 1623 non
2230 1603 2298 1624 ser-

1286 1642 1362 1671 vato
1377 1641 1465 1680 juris
1490 1642 1618 1678 ordine,
1644 1644 1819 1680 providere
1839 1645 1869 1674 et
1888 1645 1988 1674 etiam
2007 1645 2155 1675 diffinire
2184 1655 2297 1685 posse-

1286 1702 1362 1724 mus
1380 1703 1415 1724 ac
1432 1695 1489 1724 11111
1508 1704 1624 1725 eorum
1646 1696 1838 1734 adjudicare
1853 1697 1979 1727 dictum
2000 1700 2243 1730 monasterium
2263 1702 2296 1731 et

1286 1747 1402 1777 alteris
1426 1748 1466 1777 de
1483 1747 1581 1778 bonis
1599 1749 1748 1787 ejusdem
1768 1751 1965 1780 monasterii
1988 1752 2177 1789 providere,
2196 1756 2297 1792 prout

1285 1801 1383 1830 nobis
1410 1802 1594 1840 expediens
1624 1802 1806 1838 videretur,
1828 1803 1912 1833 sicut
1943 1804 1975 1833 in
1994 1804 2219 1836 instrumento
2234 1816 2294 1845 pu-

1284 1854 1372 1884 blico
1387 1855 1508 1885 exinde
1525 1855 1675 1885 confecto
1694 1856 1826 1894 plenius
1846 1858 2047 1892 continetur,
2075 1859 2171 1889 nobis
2192 1860 2296 1890 nichi-

1284 1907 1433 1938 lominus
1464 1917 1482 1937 a
1510 1908 1647 1938 domino
1667 1917 1751 1947 papa
1771 1909 1921 1948 plenaria
1940 1913 2105 1948 potestate
2122 1912 2244 1943 collata
2261 1916 2297 1945 ut

1284 1961 1407 1990 dictam
1434 1961 1713 1991 summissionem
1741 1965 1771 1992 et
1791 1963 2075 2001 compromissum
2090 1966 2239 2004 recipere
2259 1975 2296 1997 ac

1284 2014 1497 2053 questionem
1518 2014 1696 2052 prefatam,
1720 2016 1905 2045 secundum
1922 2017 2059 2047 modum
2076 2018 2109 2047 in
2123 2018 2212 2049 dicto
2230 2020 2296 2050 ins-

1282 2069 1453 2097 trumento
1472 2069 1677 2097 contentum.
1688 2070 1786 2106 prout
1797 2069 1989 2099 videremus
2001 2071 2196 2109 expediens,
2208 2073 2296 2103 diffi-

1252 2122 1253 2139 l
1282 2121 1354 2150 nire
1371 2129 1562 2159 possemus,
1582 2121 1744 2160 supplens
1760 2122 1848 2152 idem
1867 2122 2024 2153 dominus
2039 2133 2126 2162 papa
2144 2125 2295 2157 defectus

1282 2174 1371 2212 siqui
1387 2175 1465 2204 sunt
1480 2174 1514 2203 in
1531 2174 1840 2212 procurationibus,
1855 2184 1997 2214 quarum
2011 2178 2208 2209 auctoritate
2226 2180 2293 2210 dic-

1282 2228 1336 2257 tus
1358 2227 1542 2263 Johannes,
1562 2230 1760 2266 procurator
1777 2229 1938 2268 episcopi,
1961 2230 2125 2261 Johannis
2144 2232 2295 2263 Douchet

1280 2283 1311 2310 et
1329 2282 1514 2311 conventus
1529 2281 1758 2319 predictorum
1776 2282 1808 2311 in
1827 2291 1927 2312 causa
1943 2285 1973 2313 et
1988 2284 2165 2322 questione
2181 2285 2294 2324 hujus-

1280 2334 1372 2364 modi
1392 2334 1636 2372 compromisit.

1320 2397 1334 2415 «
1353 2388 1423 2417 Nos
1442 2396 1532 2423 vero,
1553 2387 1792 2425 indempnitati
1815 2388 1896 2418 dicti
1923 2390 2121 2420 monasterii
2140 2391 2292 2422 volentes

1279 2449 1467 2477 occurrere,
1494 2449 1535 2470 ne
1562 2449 1621 2479 per
1648 2441 1746 2479 longa
1773 2440 1882 2479 litigia
1907 2442 2018 2480 ipsum
2046 2445 2291 2474 monasterium

1278 2494 1427 2524 incurrat
1456 2493 1490 2523 111
1518 2493 1756 2532 spiritualibus
1784 2496 1814 2524 et
1838 2495 2082 2533 temporalibus
2109 2496 2289 2527 detrimen-

1248 2551 1249 2563 ³
1277 2547 1361 2582 tum,
1395 2547 1521 2577 dictum
1554 2546 1755 2584 recipient-es
1791 2548 2087 2586 compromissum,
2120 2552 2291 2580 reservata

1277 2600 1376 2631 nobis
1397 2600 1579 2639 judiciaria
1602 2602 1780 2638 potestate,
1804 2601 1888 2631 visis
1912 2601 2196 2640 appellationibus
2217 2612 2290 2642 pre-

1277 2654 1357 2684 dicti
1374 2653 1413 2684 G.
1432 2653 1565 2684 abbatis
1584 2662 1619 2683 ac
1636 2653 1857 2692 inquisitione
1876 2655 1908 2684 et
1927 2655 2143 2693 processibus
2162 2656 2289 2687 habitis

1276 2708 1392 2737 contra
1407 2715 1495 2742 eum,
1515 2706 1696 2745 diligenter
1712 2707 1905 2737 audivimus
1922 2710 1952 2738 et
1973 2708 2207 2739 intelleximus
2223 2718 2288 2748 que

1274 2759 2288 2800 partescoramnohisproponerecuraverunt.Proponehatur

1276 2813 1445 2853 siquidem
1452 2821 1511 2852 pro
1518 2814 1613 2851 parte
1620 2813 2000 2852 procuratorispredicti
2009 2815 2096 2853 quod
2106 2823 2286 2853 processus

1244 2881 1246 2903 1
1275 2866 1355 2896 dicti
1369 2865 1518 2904 episcopi
1534 2865 1708 2904 legitimus
1721 2865 1903 2904 apparebat
1915 2875 1956 2896 ex
1969 2875 2007 2896 eo
2020 2867 2166 2897 maxime
2183 2867 2284 2906 quod,

1275 2928 1350 2949 cum
1369 2919 1435 2958 ipsi
1450 2918 1608 2957 episcopo
1626 2918 1846 2954 constitisset,
1861 2919 1947 2949 sicut
1961 2919 2201 2958 ‹licebat‚qu0d
2213 2929 2286 2959 pre-

1275 2972 1364 3004 fatus
1380 2972 1419 3003 G.
1439 2972 1509 3002 erat
1527 2979 1628 3010 super
1645 2972 1842 3001 memoratis
1862 2972 2062 3002 criminibus
2077 2972 2282 3007 diffamatus,
