2519 3262
234 216 289 248 186

236 308 267 339 in
285 308 344 338 hac
365 308 469 346 parte,
490 303 693 336 fraternitati
711 304 766 334 tue
796 302 996 332 mandamus
1014 303 1191 340 qnatenus,
1213 300 1241 328 si

237 363 287 392 est
311 362 368 396 ita,
398 360 523 390 faciens
545 358 585 388 ab
603 357 720 388 eodem
744 356 872 395 Angelo
900 355 1027 385 dictum
1057 353 1242 391 archipres-

238 415 426 453 byteratum
446 413 479 442 in
494 412 563 442 tuis
584 409 739 440 manibus
753 408 930 448 resignari,
948 407 1163 446 postmodum
1177 405 1242 435 sihi
1268 399 1269 415 ¹

238 468 363 498 dictum
394 464 772 503 archipresbyteratum,
806 461 988 492 dummodo
1019 461 1062 490 sit
1092 459 1243 499 ydoneus

239 522 271 552 et
287 528 350 550 non
370 519 413 549 sit
428 519 483 558 jus
508 518 539 547 in
559 526 597 547 eo
614 515 713 546 alicui
737 523 795 554 per
819 514 1023 553 apostolicas
1044 513 1176 543 litteras
1195 520 1244 540 ac-

239 572 415 612 quisitum,
442 580 500 610 per
526 571 558 600 te
577 569 628 599 vel
656 577 715 608 per
731 568 835 598 alium
855 567 1052 597 auctoritate
1074 567 1189 595 nostra
1205 564 1244 593 de

240 634 324 655 novo
338 624 490 655 conferas
502 624 533 653 et
545 623 709 661 assignes,
720 621 881 651 inducens
897 619 1020 650 eumin
1036 618 1244 656 corporalem

241 678 491 718 possessionem
513 675 621 715 ipsius
639 676 671 705 et
696 674 879 705 defendens
902 673 1086 703 inductum.
1109 672 1246 701 Contra-

241 732 384 761 dictores
411 730 472 759 etc.
502 736 607 766 usque
631 726 885 765 compescendo
914 726 965 755 Ita
982 727 1092 755 tamen
1110 741 1156 753 —.
1181 723 1244 753 Da-

241 786 310 814 tum
329 782 417 822 apud
438 781 727 816 Urbemveterem,
753 789 799 809 vn
824 779 986 809 kalendas
1012 777 1138 813 martii,
1160 784 1245 806 anno

241 836 350 867 tertio.
368 844 384 865 »

1273 927 1274 959 l

778 1007 906 1038 Orvieto,
926 1007 959 1033 26
977 1005 1080 1032 sevricr
1099 1005 1175 1032 1:302.
1273 1000 1275 1025 l

334 1013 428 1043 1356

277 1095 441 1130 Praeposito
456 1094 594 1122 ecclesiae
611 1102 634 1121 s.
652 1092 801 1120 Gandcntii
820 1090 1002 1118 Novariensis
1018 1091 1136 1117 mandat
1152 1091 1181 1116 ut
1199 1090 1248 1115 Ar·
1274 1100 1275 1111 i

242 1145 384 1175 dizonum,
413 1144 521 1171 dictum
547 1144 728 1172 Frumentum,
757 1141 866 1167 nullum
889 1139 1119 1166 ecclesiasticum
1144 1138 1247 1164 beneti—
1274 1113 1276 1187 l

243 1193 318 1221 cium
348 1195 522 1220 assecutum,
551 1194 684 1226 nepotem
713 1189 845 1224 magistri
870 1188 1022 1222 (Iainpani,
1049 1187 1188 1221 capellani
1206 1187 1248 1218 0,,
1274 1189 1276 1224 ξ

244 1250 267 1269 s,
291 1241 406 1268 Adriani
426 1241 536 1268 diaconi
562 1239 726 1269 cardinalis,
756 1239 873 1265 obtentu
897 1237 1024 1271 ejusdem
1050 1236 1202 1270 capellani,
1222 1235 1249 1261 iu
1275 1226 1276 1248 ¹

243 1290 364 1317 ecclesia
379 1299 401 1316 s.
418 1290 484 1316 Julii
503 1290 537 1315 de
554 1288 648 1315 insula
668 1286 848 1316 Novaricnsi,
871 1286 898 1312 in
914 1285 1084 1312 canonicum
1107 1284 1194 1318 recipi
1213 1284 1250 1310 l'a-
1275 1296 1276 1300 =

244 1339 297 1365 ciat
328 1339 408 1373 cique
433 1339 467 1365 de
495 1338 654 1372 praebenda
686 1336 843 1370 provident.
877 1335 953 1365 (tinae.
983 1335 1026 1365 29,
1055 1333 1104 1360 l'ol.
1136 1334 1184 1360 119
1212 1339 1249 1366 νῦ,

244 1393 276 1414 11⁰
293 1388 367 1419 tuo.)

283 1507 298 1525 «
319 1492 605 1534 Proposiloecclesie
618 1502 640 1521 s.
658 1491 822 1521 Gaztslcntii
836 1489 1043 1519 Abrariensis.
1058 1489 1134 1519 Etsi
1152 1489 1248 1518 ad—.
1277 1498 1278 1513 i

244 1550 366 1579 Datum
386 1547 473 1586 apud
492 1546 780 1580 Urbemveterem,
800 1553 818 1573 v
837 1543 1000 1573 kalendas
1017 1542 1142 1578 martii,
1163 1551 1250 1572 anno

243 1602 353 1632 tertio.
375 1611 389 1630 »

337 1771 427 1801 1357
786 1765 909 1795 Orvicto,
932 1765 960 1791 17
980 1764 1084 1791 sevrier
1101 1763 1177 1790 1261.

279 1854 379 1880 Abbati
400 1851 624 1880 Calmosiacensi
644 1852 760 1877 mandat
778 1852 808 1877 ut
830 1850 1001 1883 magistrum
1019 1848 1198 1875 'l'hierricuin
1216 1848 1250 1873 dc.

243 1904 335 1937 Cui-ny
362 1902 508 1932 clericum,
533 1901 676 1934 quondam
699 1899 853 1926 officialem
882 1899 1050 1929 Mctcuscin,
1078 1897 1105 1923 in
1132 1895 1249 1922 Meu-nsi

243 1950 363 1977 cvi-lesia
379 1951 407 1976 iu
421 1950 589 1976 canonicum
607 1948 695 1982 recipi
720 1947 805 1974 saciat
827 1947 908 1981 eique
929 1947 962 1972 ‹le
980 1945 1143 1980 praebenda
1159 1945 1251 1979 provi-

243 2001 316 2027 deat.
334 2000 410 2034 (Rau.
432 2000 476 2029 29,
499 1998 546 2024 sol.
568 1998 616 2024 119
632 2003 668 2023 νο,
684 2002 712 2022 11⁰
726 1996 803 2029 407.)

283 2123 297 2142 «
319 2111 430 2142 ithbali
456 2108 702 2144 calmosiacensi,
722 2107 838 2137 ordinis
861 2106 958 2135 suncti
979 2105 1157 2144 Athuste'ni,
1182 2103 1251 2133 Tul-

244 2165 332 2194 [nnsis
349 2164 483 2194 diocesis.
513 2163 666 2193 Dilectus
691 2161 780 2190 silius
809 2159 970 2197 magister
998 2158 1192 2188 'sitierricus
1211 2157 1250 2187 de

244 2220 368 2257 Curuy,
387 2217 529 2247 clericus
547 2215 717 2254 quondam
732 2237 738 2242 .
754 2237 759 2242 .
778 2212 935 2243 officialis
958 2211 1129 2245 Motene-is,
1150 2218 1252 2248 expo-

244 2272 311 2302 suit
330 2280 442 2301 coram
461 2269 557 2299 nobis
572 2268 672 2307 quod,
692 2275 767 2297 cum
784 2266 865 2296 olim
880 2265 987 2295 felicis
1006 2263 1250 2295 recordationis
1277 2297 1279 2317 1

244 2326 282 2356 Α.
301 2333 397 2363 papa,
414 2322 631 2362 predecessor
646 2321 772 2356 noster,
796 2328 897 2358 super
915 2317 1103 2356 receptione
1121 2325 1158 2346 ac
1176 2325 1249 2355 pro-
1277 2345 1279 2371 1

243 2377 373 2407 visione
393 2385 454 2406 sua
468 2375 501 2405 in
513 2374 657 2405 Metensi
674 2372 816 2404 ecclesia
826 2371 974 2410 capitulo
990 2370 1098 2409 ipsius
1108 2369 1249 2400 ecclesie
1278 2385 1279 2389 =

244 2439 322 2461 suas
341 2429 403 2460 sub
430 2430 519 2459 certa
539 2428 647 2458 forma
671 2426 802 2456 litteras
826 2424 1021 2459 direxisset,
1051 2423 1184 2453 tandem
1204 2422 1250 2451 vi-
1278 2391 1279 2461 i

244 2483 478 2522 gintiquinque
513 2481 687 2512 dumtaxat
725 2478 875 2509 canonici
917 2477 1068 2516 ejusdem
1108 2475 1250 2506 ecclesie
1278 2464 1280 2495 Ὺ

245 2537 356 2575 ipsum
383 2535 580 2574 magistrum
611 2542 676 2563 non
700 2531 923 2563 communiter
951 2530 1009 2560 sed
1032 2528 1251 2567 singulariter

246 2589 444 2628 receperunt
466 2588 498 2617 in
528 2587 724 2617 canonicum
748 2586 779 2615 ot
799 2585 832 2614 in
855 2584 1006 2614 fratrem.
1027 2582 1066 2612 Et
1094 2582 1171 2612 licet
1191 2590 1253 2611 nos
1279 2600 1281 2613 t

245 2641 459 2680 postmodum
477 2640 542 2679 ipsi
560 2638 706 2678 capitulo
723 2637 848 2668 nostris
865 2635 1059 2667 dederimus
1076 2634 1200 2665 litteris
1220 2634 1251 2663 in

246 2694 413 2724 mandatis
430 2695 465 2724 ut
479 2692 601 2731 reliqui
620 2691 872 2722 eorumdictum
886 2689 1087 2728 magistrum
1104 2687 1252 2725 recipere

247 2756 282 2777 ac
300 2748 329 2777 ei
348 2747 387 2777 de
405 2745 572 2785 prebenda
587 2743 854 2783 ipsiuseeclesie‚
875 2743 909 2773 in
921 2750 987 2781 qua
1003 2740 1253 2780 prebendarum

247 2800 381 2831 collatio
400 2799 441 2829 ad
457 2799 583 2828 dictum
604 2797 790 2835 capitulum
814 2795 970 2834 pertinet,
987 2794 1083 2832 juxta
1101 2792 1254 2831 ejusdem

248 2852 496 2891 predecessoris
513 2851 703 2881 litterarum
725 2848 979 2883 continentiam,
1005 2845 1182 2885 providere
1200 2854 1253 2875 cu-
1280 2883 1281 2886 Ἴ

248 2906 371 2940 rarent,
396 2904 546 2943 prefatus
570 2904 683 2933 tamen
708 2902 868 2941 magister
894 2900 1025 2930 nullum
1053 2900 1103 2929 est
1132 2907 1173 2929 ex
1194 2897 1255 2929 hoc

983 215 1225 249 REGISTRES
1252 214 1465 247 D'URBAIN
1495 214 1551 244 IV.

1294 298 1507 328 commodum
1532 298 1720 327 assecutus.
1746 296 1910 326 Nolentes
1939 296 2042 334 igitur
2068 296 2156 334 quod
2173 296 2212 326 de
2234 296 2308 334 ipso

1295 351 1456 389 magistro
1467 350 1609 389 gratiose
1626 350 1794 388 inceptum
1810 350 1872 384 est,
1890 349 1978 379 circa
1993 348 2053 379 hoc
2071 348 2305 387 imperfectum

1295 404 1453 442 relinqui,
1474 402 1670 432 discretioni
1688 404 1743 432 tue
1760 402 1961 432 mandamus
1977 404 2143 440 quatenus
2165 401 2307 432 eundem

1296 457 1494 495 magistrum
1513 456 1545 485 in
1562 456 1634 494 ipsa
1654 455 1797 485 ecclesia
1813 464 1871 493 per
1888 457 1918 485 te
1934 455 1985 484 vel
2005 463 2063 493 per
2080 455 2185 484 alium
2205 454 2309 493 recipi

1269 500 1270 522 ³
1296 510 1400 539 facias
1413 509 1510 548 eique
1523 509 1562 538 de
1575 508 1743 547 prebenda
1758 508 1856 546 siqua
1868 507 1993 537 ibidem
2007 507 2046 537 ad
2058 515 2199 546 presens
2214 508 2310 537 vacat

1270 561 1271 567 ¹
1296 563 1347 592 vel
1364 562 1614 601 quamprimum
1630 561 1670 591 ad
1685 561 1717 590 id
1734 569 1768 591 se
1784 561 1927 591 facultas
1944 560 2114 596 obtulerit,
2132 559 2311 599 providere

1297 624 1466 655 procures,
1493 615 1591 653 juxta
1618 614 1801 644 earundem
1834 614 2076 644 continentiam
2104 613 2310 643 litterarum.

1299 669 1570 700 Contradictores
1604 670 1666 697 etc.
1702 676 1809 706 usque
1843 667 2098 706 compescendo.
2128 667 2203 696 Non
2236 667 2309 696 obs-

1297 723 1388 752 tante
1411 740 1460 749 —.
1481 722 1603 751 Datum
1621 721 1709 759 apud
1731 720 2024 755 Urbemveterem,
2051 729 2125 749 xiiii
2151 719 2312 749 kalendas

1272 772 1273 780 ¹
1298 775 1424 810 martii,
1445 783 1530 804 anno
1548 774 1656 804 tertio.
1677 784 1691 802 n

1392 956 1485 987 1358

1840 953 1966 987 Orvieto,
1985 954 2016 981 21
2035 953 2140 980 ferricr
2159 953 2237 980 1264Α

1337 1040 1475 1074 Episcopo
1492 1038 1646 1066 Parisiensi
1663 1039 1781 1065 mandat
1794 1041 1822 1066 ut
1840 1038 1869 1065 in
1886 1047 1937 1066 sua
1950 1038 2039 1073 ipsius
2053 1038 2159 1065 diocesi
2175 1037 2314 1073 publicari

1302 1089 1384 1116 saciat
1410 1088 1567 1115 sententias
1581 1088 1616 1115 ab
1640 1087 1855 1123 archiepiscopo
1871 1087 2070 1114 (Iantuaricnsi
2086 1088 2223 1114 adversus
2244 1095 2314 1114 non-

1274 1152 1275 1155 =
1301 1138 1393 1165 nullos
1415 1137 1589 1172 Anglicauos
1610 1137 1694 1163 latas.
1709 1137 1786 1170 (Rite.
1803 1138 1847 1168 29,
1868 1136 1914 1163 sot.
1937 1137 1997 1170 120,
2019 1142 2047 1163 11⁰
2067 1137 2135 1169 208.)

1341 1260 1358 1280 ‹<
1379 1250 1533 1288 Episcopo
1556 1248 1738 1277 I’a1·isz‘ensi.
1758 1248 1809 1278 Ad
1827 1247 1949 1278 tuenda
1970 1246 2138 1277 libertatis
2158 1263 2206 1274 -.
2229 1247 2314 1277 Cum

1304 1304 1429 1342 itaque,
1443 1303 1529 1332 sicut
1543 1301 1749 1332 venerabilis
1764 1300 1867 1331 frater
1880 1302 1995 1330 noster
2012 1325 2017 1330 .
2035 1324 2040 1328 .
2056 1300 2315 1330 Cantuariensis

1276 1391 1277 1397 ἵ
1304 1356 1591 1395 archiepiscopus,
1613 1354 1710 1385 nobis
1737 1354 1894 1384 intimare
1910 1353 2052 1387 curavit,
2073 1352 2227 1383 nonnulli
2244 1361 2311 1383 ma·

1276 1406 1277 1439 j
1303 1410 1496 1441 ledictionis
1525 1408 1677 1447 alumpni
1700 1408 1843 1446 quedam
1867 1408 1993 1437 statuta
2019 1405 2181 1445 nepharia
2201 1406 2235 1436 in
2260 1405 2314 1436 de-

1276 1476 1278 1486 2
1303 1463 1515 1503 pressionem
1535 1461 1703 1492 libertatis
1721 1460 1873 1500 ejusdem
1894 1460 2128 1498 promulgasse
2147 1459 2312 1496 dicantur,

1303 1517 1459 1547 videlicet
1471 1516 1559 1554 quod
1572 1515 1762 1553 quicunque
1776 1514 1907 1544 litteras
1920 1513 2124 1552 apostolicas
2136 1514 2192 1543 aut
2205 1512 2315 1551 ipsius

1305 1569 1548 1608 archiepiscopi
1569 1568 1602 1597 in
1630 1568 1787 1607 Angliam
1806 1567 1937 1597 deferre
1960 1565 2218 1605 presumpserit,
2241 1574 2316 1605 gra·

1276 1634 1278 1643 t
1303 1624 1388 1654 viter
1406 1622 1579 1662 puniatur,
1598 1630 1670 1656 nos,
1688 1621 1900 1651 intendentes
1917 1628 2018 1658 super
2034 1619 2095 1650 hoc
2112 1620 2316 1658 oportunum

1304 1676 1490 1707 remedium
1509 1674 1679 1708 adhibere,
1699 1683 1738 1704 ne
1752 1674 1870 1704 talium
1886 1673 2190 1711 insole11tia,quam
2207 1680 2314 1702 rema-

1304 1738 1382 1759 nere
1411 1738 1476 1758 non
1506 1728 1661 1758 convenit
1694 1726 1906 1765 impunitam,
1938 1726 1971 1755 in
2005 1725 2115 1764 ipsius
2146 1725 2317 1755 libertatis

1276 1808 1277 1811 ,
1304 1782 1520 1821 dispendium
1547 1780 1761 1816 debat-betur,
1790 1781 1915 1809 statuta
1944 1778 2137 1817 hujusmodi
2167 1778 2316 1808 cassavi-

1304 1845 1391 1872 mus,
1410 1844 1506 1865 cassa
1525 1835 1555 1864 et
1574 1834 1670 1864 irrita
1690 1833 1886 1863 nuntiamus
1901 1841 1937 1862 ac
1956 1832 2168 1862 decernimus
2186 1831 2316 1861 nullius

1304 1889 1450 1919 existere
1480 1888 1663 1922 firmitatis,
1691 1887 1814 1916 dilecto
1844 1886 1913 1915 filio
1935 1885 2089 1915 Michaeli
2114 1885 2154 1915 de
2178 1885 2312 1921 Fienes,

1305 1942 1463 1972 canonico
1485 1940 1682 1975 Morinensi‚
1714 1939 1840 1969 nostris
1867 1939 1992 1968 litteris
2017 1938 2261 1968 demandantes
2281 1939 2315 1967 ut

1306 1995 1384 2025 illos
1402 1994 1457 2033 qui
1477 1994 1593 2023 eadem
1614 1993 1748 2023 edidere
1766 1993 1902 2025 statuta,
1920 2000 1979 2029 per
2004 2000 2039 2020 se
2060 1991 2111 2020 vel
2132 1999 2190 2029 per
2209 1990 2315 2020 alium

1305 2056 1441 2077 monere
1457 2049 1611 2085 procuret
1630 2047 1676 2082 ut,
1701 2045 1788 2074 infra
1805 2044 1996 2083 quindecim
2017 2044 2089 2074 dies
2113 2046 2189 2082 post
2211 2043 2317 2073 moni-

1304 2101 1430 2131 tionem
1458 2109 1567 2135 suam,
1601 2100 1726 2128 statuta
1746 2098 1893 2137 predicta
1917 2098 1956 2127 de
1979 2097 2051 2127 suis
2072 2096 2316 2135 capitularibus

1306 2163 1444 2193 prorsus
1455 2153 1652 2187 alilnadant,
1664 2152 1885 2190 imposterum
1897 2150 2090 2180 nullatenus
2099 2150 2315 2180 resumenda:

1306 2207 1395 2246 quod
1413 2207 1441 2236 si
1461 2206 1586 2236 monita
1602 2214 1662 2235 sua
1682 2205 1765 2234 forte
1783 2203 2058 2242 contempserint,
2076 2203 2194 2242 ipsein
2209 2211 2267 2234 eos
2285 2205 2316 2234 et

1278 2250 1279 2269 ³
1306 2260 1391 2290 alios
1409 2268 1552 2298 quorum
1581 2258 1724 2289 consilio
1752 2257 1804 2288 vel
1830 2257 1944 2287 favore
1962 2256 2096 2296 publice
2116 2257 2168 2287 vel
2188 2256 2317 2287 occulte

1277 2320 1279 2325 ⁴
1305 2313 1386 2343 talia
1407 2315 1485 2342 suut
1505 2314 1712 2351 presumpta,
1730 2311 1759 2340 si
1777 2318 1940 2349 personas
1959 2319 2076 2340 eorum
2093 2309 2243 2343 sciverit,
2262 2317 2318 2340 no—

1306 2366 1473 2399 minatim,
1493 2365 1644 2404 alioquin
1661 2364 1862 2404 generaliter
1888 2362 2212 2393 excomunicationis
2230 2362 2317 2393 ferre

1306 2420 1507 2450 sententiam
1528 2427 1593 2448 non
1609 2418 1753 2454 omittat,
1778 2417 1862 2447 alias
1882 2418 1996 2447 contra
2017 2416 2110 2455 ipsos
2128 2415 2316 2446 nichilomi-

1306 2482 1369 2503 nus
1385 2480 1618 2511 processurus,
1636 2472 1734 2510 prout
1753 2470 1901 2509 exegerit
1915 2469 2090 2500 temeritas
2106 2468 2316 2499 eorumdem.

1306 2527 1462 2556 Invocato
1480 2525 1520 2555 ad
1538 2525 1608 2558 hoc,
1623 2524 1651 2554 si
1665 2532 1749 2562 opus
1763 2523 1874 2558 fuerit,
1894 2522 2023 2552 auxilio
2043 2521 2172 2552 brachii
2191 2521 2319 2552 secula-

1307 2580 1365 2610 rIs.
1384 2579 1548 2615 Quocirca
1567 2577 1771 2608 fraternitati
1789 2578 1843 2606 tue
1857 2575 2059 2606 mandamus
2077 2577 2258 2614 quatenus,
2277 2574 2319 2605 ad

1307 2632 1564 2671 requisitionem
1588 2630 1697 2669 ipsius
1722 2628 1980 2668 archiepiscopi,
2007 2627 2194 2667 predictam
2220 2635 2317 2658 exco-

1307 2684 1547 2716 municationis
1563 2685 1593 2714 et
1610 2682 1778 2722 quaslibet
1789 2682 1875 2712 alias
1890 2681 2089 2716 sententias,
2107 2689 2194 2719 quas
2205 2682 2319 2711 contra

1308 2739 1392 2769 tales
1411 2737 1618 2776 promulgari
1637 2735 1825 2775 contigerit,
1840 2735 1874 2764 in
1891 2734 2028 2764 civitate
2052 2733 2239 2764 Parisieusi
2259 2741 2318 2772 pu-

1309 2791 1412 2822 blices
1431 2793 1462 2821 et
1482 2799 1540 2829 per
1555 2789 1640 2820 alios
1657 2789 1761 2819 sacias
1778 2788 1812 2818 in
1829 2787 1913 2818 locis
1929 2787 1986 2816 ubi
2004 2786 2165 2825 expedire
2179 2785 2317 2820 videris,

1308 2843 1543 2882 sollempniter
1552 2841 1731 2881 publicari,
1742 2841 1851 2871 eidem
1863 2839 2116 2878 archiepiscopo
2127 2847 2230 2877 super
2245 2837 2317 2873 hoc,

1308 2898 1471 2936 quantum
1490 2895 1674 2926 secundum
1692 2894 1800 2925 Deum
1820 2895 1851 2924 et
1870 2893 2030 2923 honorem
2048 2890 2253 2922 universalis
2269 2899 2317 2922 ec-
