<?xml version="1.0" encoding="UTF-8"?>
<!DOCTYPE html PUBLIC "-//W3C//DTD XHTML 1.0 Transitional//EN"
    "http://www.w3.org/TR/xhtml1/DTD/xhtml1-transitional.dtd">
<html xmlns="http://www.w3.org/1999/xhtml" xml:lang="en" lang="en">
 <head>
  <title>
</title>
<meta http-equiv="Content-Type" content="text/html;charset=utf-8" />
  <meta name='ocr-system' content='tesseract 3.04.00' />
  <meta name='ocr-capabilities' content='ocr_page ocr_carea ocr_par ocr_line ocrx_word'/>
</head>
<body>
  <div class='ocr_page' id='page_1' title='image "./lesregistresdurb34cath/lesregistresdurb34cath_0096.png"; bbox 0 0 2519 3262; ppageno 0'>
   <div class='ocr_carea' id='block_1_1' title="bbox 183 227 1514 260">
    <p class='ocr_par' dir='ltr' id='par_1_1' title="bbox 183 227 1514 260">
     <span class='ocr_line' id='line_1_1' title="bbox 183 227 1514 260; baseline -0.002 0"><span class='ocrx_word' id='word_1_1' title='bbox 183 232 222 260; x_wconf 77' lang='lat'>72</span> <span class='ocrx_word' id='word_1_2' title='bbox 933 227 1177 259; x_wconf 75' lang='lat' dir='ltr'>REGIs&#39;sRES</span> <span class='ocrx_word' id='word_1_3' title='bbox 1208 228 1421 258; x_wconf 75' lang='lat' dir='ltr'>D&#39;URBAIN</span> <span class='ocrx_word' id='word_1_4' title='bbox 1458 228 1514 257; x_wconf 65' lang='lat' dir='ltr'>iv.</span> 
     </span>
    </p>
   </div>
   <div class='ocr_carea' id='block_1_2' title="bbox 180 312 1223 353">
    <p class='ocr_par' dir='ltr' id='par_1_2' title="bbox 180 312 1223 353">
     <span class='ocr_line' id='line_1_2' title="bbox 180 312 1223 353; baseline -0.004 -8"><span class='ocrx_word' id='word_1_5' title='bbox 180 315 282 350; x_wconf 85' lang='lat' dir='ltr'>natis,</span> <span class='ocrx_word' id='word_1_6' title='bbox 302 314 482 353; x_wconf 79' lang='lat' dir='ltr'>habitoque</span> <span class='ocrx_word' id='word_1_7' title='bbox 502 322 603 351; x_wconf 89' lang='lat' dir='ltr'>super</span> <span class='ocrx_word' id='word_1_8' title='bbox 618 314 667 343; x_wconf 86' lang='lat' dir='ltr'>eis</span> <span class='ocrx_word' id='word_1_9' title='bbox 684 313 871 351; x_wconf 88' lang='lat' dir='ltr'>peritorum</span> <span class='ocrx_word' id='word_1_10' title='bbox 889 313 1032 343; x_wconf 90' lang='lat' dir='ltr'>consilio</span> <span class='ocrx_word' id='word_1_11' title='bbox 1049 314 1079 342; x_wconf 86' lang='lat' dir='ltr'>et</span> <span class='ocrx_word' id='word_1_12' title='bbox 1092 312 1192 351; x_wconf 89' lang='lat' dir='ltr'>plena</span> <span class='ocrx_word' id='word_1_13' title='bbox 1221 331 1223 336; x_wconf 85' lang='lat'><em>-</em></span> 
     </span>
    </p>
   </div>
   <div class='ocr_carea' id='block_1_3' title="bbox 180 366 1191 404">
    <p class='ocr_par' dir='ltr' id='par_1_3' title="bbox 180 366 1191 404">
     <span class='ocr_line' id='line_1_3' title="bbox 180 366 1191 404; baseline -0.003 -6"><span class='ocrx_word' id='word_1_14' title='bbox 180 368 422 398; x_wconf 75' lang='lat' dir='ltr'>deliberatione</span> <span class='ocrx_word' id='word_1_15' title='bbox 439 367 625 402; x_wconf 85' lang='lat' dir='ltr'>nobiscum,</span> <span class='ocrx_word' id='word_1_16' title='bbox 646 366 734 396; x_wconf 83' lang='lat' dir='ltr'>dicto</span> <span class='ocrx_word' id='word_1_17' title='bbox 752 368 970 404; x_wconf 76' lang='lat' dir='ltr'>procuratore</span> <span class='ocrx_word' id='word_1_18' title='bbox 988 366 1136 396; x_wconf 72' lang='lat' dir='ltr'>instante</span> <span class='ocrx_word' id='word_1_19' title='bbox 1157 367 1191 395; x_wconf 88' lang='lat' dir='ltr'>ut</span> 
     </span>
    </p>
   </div>
   <div class='ocr_carea' id='block_1_4' title="bbox 179 418 1222 458">
    <p class='ocr_par' dir='ltr' id='par_1_4' title="bbox 179 418 1222 458">
     <span class='ocr_line' id='line_1_4' title="bbox 179 418 1222 458; baseline -0.001 -7"><span class='ocrx_word' id='word_1_20' title='bbox 179 421 221 451; x_wconf 87' lang='lat' dir='ltr'>ad</span> <span class='ocrx_word' id='word_1_21' title='bbox 238 421 454 451; x_wconf 82' lang='lat' dir='ltr'>diffinitivam</span> <span class='ocrx_word' id='word_1_22' title='bbox 468 420 555 449; x_wconf 86' lang='lat' dir='ltr'>dicte</span> <span class='ocrx_word' id='word_1_23' title='bbox 568 428 666 449; x_wconf 82' lang='lat' dir='ltr'>cause</span> <span class='ocrx_word' id='word_1_24' title='bbox 684 419 884 449; x_wconf 87' lang='lat' dir='ltr'>sententiam</span> <span class='ocrx_word' id='word_1_25' title='bbox 900 419 1080 458; x_wconf 79' lang='lat' dir='ltr'>procedere</span> <span class='ocrx_word' id='word_1_26' title='bbox 1096 418 1191 448; x_wconf 77' lang='lat' dir='ltr'>‹lebe-</span> <span class='ocrx_word' id='word_1_27' title='bbox 1220 448 1222 450; x_wconf 79' lang='grc'>,</span> 
     </span>
    </p>
   </div>
   <div class='ocr_carea' id='block_1_5' title="bbox 170 472 1191 1629">
    <p class='ocr_par' dir='ltr' id='par_1_5' title="bbox 170 472 1191 1629">
     <span class='ocr_line' id='line_1_5' title="bbox 180 472 1190 511; baseline -0.003 -7"><span class='ocrx_word' id='word_1_28' title='bbox 180 482 306 508; x_wconf 88' lang='lat' dir='ltr'>remus,</span> <span class='ocrx_word' id='word_1_29' title='bbox 326 474 459 503; x_wconf 87' lang='lat' dir='ltr'>nemine</span> <span class='ocrx_word' id='word_1_30' title='bbox 489 482 567 503; x_wconf 79' lang='lat' dir='ltr'>vero</span> <span class='ocrx_word' id='word_1_31' title='bbox 592 481 651 511; x_wconf 89' lang='lat' dir='ltr'>pro</span> <span class='ocrx_word' id='word_1_32' title='bbox 674 475 767 510; x_wconf 87' lang='lat' dir='ltr'>parte</span> <span class='ocrx_word' id='word_1_33' title='bbox 787 472 865 507; x_wconf 88' lang='lat' dir='ltr'>alia,</span> <span class='ocrx_word' id='word_1_34' title='bbox 895 472 1052 510; x_wconf 78' lang='lat' dir='ltr'>quamvis</span> <span class='ocrx_word' id='word_1_35' title='bbox 1078 473 1111 501; x_wconf 87' lang='lat' dir='ltr'>in</span> <span class='ocrx_word' id='word_1_36' title='bbox 1135 481 1190 501; x_wconf 85' lang='lat' dir='ltr'>au-</span> 
     </span>
     <span class='ocr_line' id='line_1_6' title="bbox 181 525 1190 565; baseline -0.002 -9"><span class='ocrx_word' id='word_1_37' title='bbox 181 527 308 557; x_wconf 88' lang='lat' dir='ltr'>dientia</span> <span class='ocrx_word' id='word_1_38' title='bbox 327 526 462 565; x_wconf 85' lang='lat' dir='ltr'>publica</span> <span class='ocrx_word' id='word_1_39' title='bbox 482 526 522 556; x_wconf 85' lang='lat' dir='ltr'>ad</span> <span class='ocrx_word' id='word_1_40' title='bbox 544 528 734 564; x_wconf 79' lang='lat' dir='ltr'>presentem</span> <span class='ocrx_word' id='word_1_41' title='bbox 759 525 962 555; x_wconf 83' lang='lat' dir='ltr'>audiendam</span> <span class='ocrx_word' id='word_1_42' title='bbox 987 525 1190 556; x_wconf 87' lang='lat' dir='ltr'>sententiam</span> 
     </span>
     <span class='ocr_line' id='line_1_7' title="bbox 177 579 1190 619; baseline -0.003 -8"><span class='ocrx_word' id='word_1_43' title='bbox 177 581 307 619; x_wconf 88' lang='lat' dir='ltr'>pluries</span> <span class='ocrx_word' id='word_1_44' title='bbox 334 580 558 619; x_wconf 79' lang='lat' dir='ltr'>peremptorie</span> <span class='ocrx_word' id='word_1_45' title='bbox 590 579 691 609; x_wconf 86' lang='lat' dir='ltr'>citata</span> <span class='ocrx_word' id='word_1_46' title='bbox 719 579 820 608; x_wconf 77' lang='lat' dir='ltr'>fuerit</span> <span class='ocrx_word' id='word_1_47' title='bbox 847 581 878 608; x_wconf 92' lang='lat' dir='ltr'>et</span> <span class='ocrx_word' id='word_1_48' title='bbox 908 580 982 617; x_wconf 89' lang='lat' dir='ltr'>post</span> <span class='ocrx_word' id='word_1_49' title='bbox 1014 580 1190 617; x_wconf 77' lang='lat' dir='ltr'>expectata</span> 
     </span>
     <span class='ocr_line' id='line_1_8' title="bbox 178 632 1190 672; baseline -0.002 -8"><span class='ocrx_word' id='word_1_50' title='bbox 178 634 319 669; x_wconf 84' lang='lat' dir='ltr'>diutius,</span> <span class='ocrx_word' id='word_1_51' title='bbox 338 636 563 672; x_wconf 78' lang='lat' dir='ltr'>comparente,</span> <span class='ocrx_word' id='word_1_52' title='bbox 590 633 700 671; x_wconf 84' lang='lat' dir='ltr'>ipsius</span> <span class='ocrx_word' id='word_1_53' title='bbox 732 632 921 662; x_wconf 80' lang='lat' dir='ltr'>absentiam</span> <span class='ocrx_word' id='word_1_54' title='bbox 945 632 1008 662; x_wconf 89' lang='lat' dir='ltr'>Dei</span> <span class='ocrx_word' id='word_1_55' title='bbox 1039 632 1190 670; x_wconf 83' lang='lat' dir='ltr'>replente</span> 
     </span>
     <span class='ocr_line' id='line_1_9' title="bbox 177 685 1191 726; baseline -0.003 -9"><span class='ocrx_word' id='word_1_56' title='bbox 177 687 361 726; x_wconf 82' lang='lat' dir='ltr'>presentia,</span> <span class='ocrx_word' id='word_1_57' title='bbox 373 687 460 725; x_wconf 84' lang='lat' dir='ltr'>juris</span> <span class='ocrx_word' id='word_1_58' title='bbox 477 686 593 716; x_wconf 86' lang='lat' dir='ltr'>ordine</span> <span class='ocrx_word' id='word_1_59' title='bbox 614 685 803 721; x_wconf 72' lang='lat' dir='ltr'>observato,</span> <span class='ocrx_word' id='word_1_60' title='bbox 824 685 978 715; x_wconf 78' lang='lat' dir='ltr'>invocato</span> <span class='ocrx_word' id='word_1_61' title='bbox 991 685 1117 716; x_wconf 85' lang='lat' dir='ltr'>Christi</span> <span class='ocrx_word' id='word_1_62' title='bbox 1135 694 1191 715; x_wconf 92' lang='lat' dir='ltr'>no-</span> 
     </span>
     <span class='ocr_line' id='line_1_10' title="bbox 178 738 1191 778; baseline -0.002 -8"><span class='ocrx_word' id='word_1_63' title='bbox 178 741 279 776; x_wconf 89' lang='lat' dir='ltr'>mine,</span> <span class='ocrx_word' id='word_1_64' title='bbox 307 740 491 778; x_wconf 89' lang='lat' dir='ltr'>predictam</span> <span class='ocrx_word' id='word_1_65' title='bbox 517 739 732 769; x_wconf 85' lang='lat' dir='ltr'>collationem</span> <span class='ocrx_word' id='word_1_66' title='bbox 759 739 798 769; x_wconf 82' lang='lat' dir='ltr'>de</span> <span class='ocrx_word' id='word_1_67' title='bbox 826 739 901 777; x_wconf 89' lang='lat' dir='ltr'>ipso</span> <span class='ocrx_word' id='word_1_68' title='bbox 918 738 1191 769; x_wconf 75' lang='lat' dir='ltr'>archidiaconatu</span> 
     </span>
     <span class='ocr_line' id='line_1_11' title="bbox 178 792 1188 831; baseline -0.002 -8"><span class='ocrx_word' id='word_1_69' title='bbox 178 793 266 823; x_wconf 86' lang='lat' dir='ltr'>dicto</span> <span class='ocrx_word' id='word_1_70' title='bbox 277 793 382 823; x_wconf 70' lang='lat' dir='ltr'>Vitali</span> <span class='ocrx_word' id='word_1_71' title='bbox 397 793 530 827; x_wconf 79' lang='lat' dir='ltr'>factam,</span> <span class='ocrx_word' id='word_1_72' title='bbox 542 792 802 831; x_wconf 81' lang='lat' dir='ltr'>pronuntiamus</span> <span class='ocrx_word' id='word_1_73' title='bbox 812 792 1008 822; x_wconf 86' lang='lat' dir='ltr'>canonicam</span> <span class='ocrx_word' id='word_1_74' title='bbox 1019 792 1188 829; x_wconf 78' lang='lat' dir='ltr'>extitisse,</span> 
     </span>
     <span class='ocr_line' id='line_1_12' title="bbox 176 846 1189 885; baseline 0 -9"><span class='ocrx_word' id='word_1_75' title='bbox 176 846 354 885; x_wconf 79' lang='lat' dir='ltr'>ipsamque</span> <span class='ocrx_word' id='word_1_76' title='bbox 388 846 635 876; x_wconf 78' lang='lat' dir='ltr'>sententialiter</span> <span class='ocrx_word' id='word_1_77' title='bbox 671 846 922 879; x_wconf 77' lang='lat' dir='ltr'>confirmamus,</span> <span class='ocrx_word' id='word_1_78' title='bbox 954 847 1128 875; x_wconf 78' lang='lat' dir='ltr'>cassantes</span> <span class='ocrx_word' id='word_1_79' title='bbox 1159 847 1189 876; x_wconf 87' lang='lat' dir='ltr'>et</span> 
     </span>
     <span class='ocr_line' id='line_1_13' title="bbox 176 899 1190 937; baseline 0 -8"><span class='ocrx_word' id='word_1_80' title='bbox 176 899 350 929; x_wconf 85' lang='lat' dir='ltr'>irritantes</span> <span class='ocrx_word' id='word_1_81' title='bbox 376 908 435 929; x_wconf 88' lang='lat' dir='ltr'>seu</span> <span class='ocrx_word' id='word_1_82' title='bbox 465 908 597 929; x_wconf 82' lang='lat' dir='ltr'>cassam</span> <span class='ocrx_word' id='word_1_83' title='bbox 624 901 655 928; x_wconf 90' lang='lat' dir='ltr'>et</span> <span class='ocrx_word' id='word_1_84' title='bbox 679 899 811 929; x_wconf 85' lang='lat' dir='ltr'>irritam</span> <span class='ocrx_word' id='word_1_85' title='bbox 840 899 974 937; x_wconf 88' lang='lat' dir='ltr'>penitus</span> <span class='ocrx_word' id='word_1_86' title='bbox 994 899 1190 929; x_wconf 72' lang='lat' dir='ltr'>nuntiantes</span> 
     </span>
     <span class='ocr_line' id='line_1_14' title="bbox 176 952 1190 991; baseline -0.001 -9"><span class='ocrx_word' id='word_1_87' title='bbox 176 952 376 983; x_wconf 81' lang='lat' dir='ltr'>electionem</span> <span class='ocrx_word' id='word_1_88' title='bbox 394 961 458 991; x_wconf 89' lang='lat' dir='ltr'>que</span> <span class='ocrx_word' id='word_1_89' title='bbox 477 953 516 982; x_wconf 89' lang='lat' dir='ltr'>de</span> <span class='ocrx_word' id='word_1_90' title='bbox 534 952 623 982; x_wconf 86' lang='lat' dir='ltr'>dicto</span> <span class='ocrx_word' id='word_1_91' title='bbox 643 952 814 982; x_wconf 86' lang='lat' dir='ltr'>Bernardo</span> <span class='ocrx_word' id='word_1_92' title='bbox 834 952 875 981; x_wconf 89' lang='lat' dir='ltr'>ad</span> <span class='ocrx_word' id='word_1_93' title='bbox 895 952 1008 991; x_wconf 86' lang='lat' dir='ltr'>ipsum</span> <span class='ocrx_word' id='word_1_94' title='bbox 1026 952 1190 982; x_wconf 87' lang='lat' dir='ltr'>archidia-</span> 
     </span>
     <span class='ocr_line' id='line_1_15' title="bbox 175 1005 1189 1044; baseline 0 -9"><span class='ocrx_word' id='word_1_95' title='bbox 175 1008 331 1036; x_wconf 89' lang='lat' dir='ltr'>conatum</span> <span class='ocrx_word' id='word_1_96' title='bbox 354 1006 477 1036; x_wconf 84' lang='lat' dir='ltr'>dicitur</span> <span class='ocrx_word' id='word_1_97' title='bbox 504 1005 684 1041; x_wconf 84' lang='lat' dir='ltr'>celebrata,</span> <span class='ocrx_word' id='word_1_98' title='bbox 710 1009 739 1035; x_wconf 88' lang='lat' dir='ltr'>et</span> <span class='ocrx_word' id='word_1_99' title='bbox 764 1005 926 1044; x_wconf 74' lang='lat' dir='ltr'>quicquid</span> <span class='ocrx_word' id='word_1_100' title='bbox 948 1014 989 1035; x_wconf 80' lang='lat' dir='ltr'>ex</span> <span class='ocrx_word' id='word_1_101' title='bbox 1014 1014 1052 1035; x_wconf 89' lang='lat' dir='ltr'>ea</span> <span class='ocrx_word' id='word_1_102' title='bbox 1073 1005 1125 1035; x_wconf 75' lang='lat' dir='ltr'>vel</span> <span class='ocrx_word' id='word_1_103' title='bbox 1149 1005 1189 1035; x_wconf 88' lang='lat' dir='ltr'>ob</span> 
     </span>
     <span class='ocr_line' id='line_1_16' title="bbox 176 1058 1187 1097; baseline 0 -9"><span class='ocrx_word' id='word_1_104' title='bbox 176 1067 251 1089; x_wconf 86' lang='lat' dir='ltr'>eam</span> <span class='ocrx_word' id='word_1_105' title='bbox 268 1061 421 1089; x_wconf 86' lang='lat' dir='ltr'>secutum</span> <span class='ocrx_word' id='word_1_106' title='bbox 433 1059 486 1088; x_wconf 75' lang='lat' dir='ltr'>vel</span> <span class='ocrx_word' id='word_1_107' title='bbox 501 1059 675 1088; x_wconf 83' lang='lat' dir='ltr'>occasione</span> <span class='ocrx_word' id='word_1_108' title='bbox 689 1058 799 1097; x_wconf 85' lang='lat' dir='ltr'>ipsius</span> <span class='ocrx_word' id='word_1_109' title='bbox 815 1059 927 1088; x_wconf 78' lang='lat' dir='ltr'>extitit</span> <span class='ocrx_word' id='word_1_110' title='bbox 940 1060 1187 1096; x_wconf 85' lang='lat' dir='ltr'>attemptatum,</span> 
     </span>
     <span class='ocr_line' id='line_1_17' title="bbox 175 1112 1188 1150; baseline 0 -9"><span class='ocrx_word' id='word_1_111' title='bbox 175 1112 326 1150; x_wconf 87' lang='lat' dir='ltr'>predicto</span> <span class='ocrx_word' id='word_1_112' title='bbox 343 1112 513 1142; x_wconf 86' lang='lat' dir='ltr'>Bernardo</span> <span class='ocrx_word' id='word_1_113' title='bbox 535 1112 574 1141; x_wconf 87' lang='lat' dir='ltr'>de</span> <span class='ocrx_word' id='word_1_114' title='bbox 594 1112 747 1142; x_wconf 71' lang='lat' dir='ltr'>Andorra</span> <span class='ocrx_word' id='word_1_115' title='bbox 772 1120 873 1150; x_wconf 88' lang='lat' dir='ltr'>super</span> <span class='ocrx_word' id='word_1_116' title='bbox 893 1112 967 1150; x_wconf 89' lang='lat' dir='ltr'>ipso</span> <span class='ocrx_word' id='word_1_117' title='bbox 985 1112 1188 1142; x_wconf 88' lang='lat' dir='ltr'>archidiaco-</span> 
     </span>
     <span class='ocr_line' id='line_1_18' title="bbox 175 1165 1188 1204; baseline 0.002 -10"><span class='ocrx_word' id='word_1_118' title='bbox 175 1167 255 1195; x_wconf 92' lang='lat' dir='ltr'>natu</span> <span class='ocrx_word' id='word_1_119' title='bbox 280 1167 481 1203; x_wconf 87' lang='lat' dir='ltr'>perpetuum</span> <span class='ocrx_word' id='word_1_120' title='bbox 501 1165 676 1194; x_wconf 87' lang='lat' dir='ltr'>silentium</span> <span class='ocrx_word' id='word_1_121' title='bbox 695 1165 909 1203; x_wconf 79' lang='lat' dir='ltr'>imponendo,</span> <span class='ocrx_word' id='word_1_122' title='bbox 927 1165 1036 1195; x_wconf 89' lang='lat' dir='ltr'>dictos</span> <span class='ocrx_word' id='word_1_123' title='bbox 1056 1174 1188 1204; x_wconf 76' lang='lat' dir='ltr'>quoque</span> 
     </span>
     <span class='ocr_line' id='line_1_19' title="bbox 175 1218 1189 1257; baseline 0.001 -9"><span class='ocrx_word' id='word_1_124' title='bbox 175 1218 362 1256; x_wconf 87' lang='lat' dir='ltr'>capitulum</span> <span class='ocrx_word' id='word_1_125' title='bbox 392 1227 451 1248; x_wconf 86' lang='lat' dir='ltr'>seu</span> <span class='ocrx_word' id='word_1_126' title='bbox 475 1218 653 1248; x_wconf 82' lang='lat' dir='ltr'>canonicos</span> <span class='ocrx_word' id='word_1_127' title='bbox 683 1218 717 1248; x_wconf 90' lang='lat' dir='ltr'>in</span> <span class='ocrx_word' id='word_1_128' title='bbox 748 1218 907 1256; x_wconf 77' lang='lat' dir='ltr'>expensis</span> <span class='ocrx_word' id='word_1_129' title='bbox 937 1218 1101 1257; x_wconf 82' lang='lat' dir='ltr'>legitimis</span> <span class='ocrx_word' id='word_1_130' title='bbox 1122 1219 1189 1257; x_wconf 86' lang='lat' dir='ltr'>ipsi</span> 
     </span>
     <span class='ocr_line' id='line_1_20' title="bbox 174 1271 1189 1310; baseline 0.002 -10"><span class='ocrx_word' id='word_1_131' title='bbox 174 1271 397 1309; x_wconf 82' lang='lat' dir='ltr'>procuratori,</span> <span class='ocrx_word' id='word_1_132' title='bbox 409 1271 640 1310; x_wconf 83' lang='lat' dir='ltr'>procuratorio</span> <span class='ocrx_word' id='word_1_133' title='bbox 658 1271 795 1301; x_wconf 90' lang='lat' dir='ltr'>nomine</span> <span class='ocrx_word' id='word_1_134' title='bbox 811 1280 869 1309; x_wconf 88' lang='lat' dir='ltr'>pro</span> <span class='ocrx_word' id='word_1_135' title='bbox 884 1271 988 1301; x_wconf 73' lang='lat' dir='ltr'>Vitali</span> <span class='ocrx_word' id='word_1_136' title='bbox 1003 1272 1145 1309; x_wconf 79' lang='lat' dir='ltr'>prefato,</span> <span class='ocrx_word' id='word_1_137' title='bbox 1158 1274 1189 1302; x_wconf 86' lang='lat' dir='ltr'>et</span> 
     </span>
     <span class='ocr_line' id='line_1_21' title="bbox 173 1324 1189 1363; baseline 0.001 -9"><span class='ocrx_word' id='word_1_138' title='bbox 173 1332 234 1363; x_wconf 87' lang='lat' dir='ltr'>per</span> <span class='ocrx_word' id='word_1_139' title='bbox 256 1333 332 1354; x_wconf 90' lang='lat' dir='ltr'>eum</span> <span class='ocrx_word' id='word_1_140' title='bbox 350 1324 416 1363; x_wconf 87' lang='lat' dir='ltr'>ipsi</span> <span class='ocrx_word' id='word_1_141' title='bbox 438 1324 543 1354; x_wconf 71' lang='lat' dir='ltr'>Vitali</span> <span class='ocrx_word' id='word_1_142' title='bbox 561 1324 801 1354; x_wconf 79' lang='lat' dir='ltr'>nichilominus</span> <span class='ocrx_word' id='word_1_143' title='bbox 819 1325 1119 1363; x_wconf 71' lang='lat' dir='ltr'>comtempnamus,</span> <span class='ocrx_word' id='word_1_144' title='bbox 1137 1334 1189 1355; x_wconf 90' lang='lat' dir='ltr'>eo-</span> 
     </span>
     <span class='ocr_line' id='line_1_22' title="bbox 174 1377 1186 1417; baseline 0.002 -11"><span class='ocrx_word' id='word_1_145' title='bbox 174 1385 249 1406; x_wconf 89' lang='lat' dir='ltr'>rum</span> <span class='ocrx_word' id='word_1_146' title='bbox 266 1378 474 1408; x_wconf 83' lang='lat' dir='ltr'>taxationem</span> <span class='ocrx_word' id='word_1_147' title='bbox 493 1377 591 1407; x_wconf 89' lang='lat' dir='ltr'>nobis</span> <span class='ocrx_word' id='word_1_148' title='bbox 611 1378 649 1407; x_wconf 84' lang='lat' dir='ltr'>de</span> <span class='ocrx_word' id='word_1_149' title='bbox 668 1378 840 1408; x_wconf 77' lang='lat' dir='ltr'>voluntate</span> <span class='ocrx_word' id='word_1_150' title='bbox 863 1379 1091 1416; x_wconf 75' lang='lat' dir='ltr'>procuratoris</span> <span class='ocrx_word' id='word_1_151' title='bbox 1113 1387 1186 1417; x_wconf 87' lang='lat' dir='ltr'>pie-</span> 
     </span>
     <span class='ocr_line' id='line_1_23' title="bbox 174 1430 1184 1469; baseline 0.001 -9"><span class='ocrx_word' id='word_1_152' title='bbox 174 1430 254 1460; x_wconf 88' lang='lat' dir='ltr'>dicti</span> <span class='ocrx_word' id='word_1_153' title='bbox 264 1431 298 1460; x_wconf 91' lang='lat' dir='ltr'>in</span> <span class='ocrx_word' id='word_1_154' title='bbox 309 1432 484 1469; x_wconf 89' lang='lat' dir='ltr'>posterum</span> <span class='ocrx_word' id='word_1_155' title='bbox 494 1434 718 1461; x_wconf 74' lang='lat' dir='ltr'>reservantes.</span> <span class='ocrx_word' id='word_1_156' title='bbox 727 1431 763 1461; x_wconf 89' lang='lat' dir='ltr'>In</span> <span class='ocrx_word' id='word_1_157' title='bbox 773 1431 868 1469; x_wconf 82' lang='lat' dir='ltr'>cujus</span> <span class='ocrx_word' id='word_1_158' title='bbox 879 1431 925 1460; x_wconf 88' lang='lat' dir='ltr'>rei</span> <span class='ocrx_word' id='word_1_159' title='bbox 937 1431 1184 1467; x_wconf 84' lang='lat' dir='ltr'>testimonium,</span> 
     </span>
     <span class='ocr_line' id='line_1_24' title="bbox 172 1483 1186 1522; baseline 0.002 -10"><span class='ocrx_word' id='word_1_160' title='bbox 172 1486 364 1521; x_wconf 85' lang='lat' dir='ltr'>presentem</span> <span class='ocrx_word' id='word_1_161' title='bbox 380 1484 583 1514; x_wconf 86' lang='lat' dir='ltr'>sententiam</span> <span class='ocrx_word' id='word_1_162' title='bbox 600 1484 702 1513; x_wconf 82' lang='lat' dir='ltr'>scribi</span> <span class='ocrx_word' id='word_1_163' title='bbox 722 1487 751 1513; x_wconf 85' lang='lat' dir='ltr'>et</span> <span class='ocrx_word' id='word_1_164' title='bbox 769 1483 934 1522; x_wconf 85' lang='lat' dir='ltr'>publicari</span> <span class='ocrx_word' id='word_1_165' title='bbox 950 1484 1186 1514; x_wconf 67' lang='lat' dir='ltr'>mandavimus</span> 
     </span>
     <span class='ocr_line' id='line_1_25' title="bbox 172 1536 1185 1575; baseline 0.001 -9"><span class='ocrx_word' id='word_1_166' title='bbox 172 1544 231 1574; x_wconf 87' lang='lat' dir='ltr'>per</span> <span class='ocrx_word' id='word_1_167' title='bbox 247 1537 416 1566; x_wconf 86' lang='lat' dir='ltr'>notarium</span> <span class='ocrx_word' id='word_1_168' title='bbox 433 1537 689 1575; x_wconf 75' lang='lat' dir='ltr'>infrascriptum</span> <span class='ocrx_word' id='word_1_169' title='bbox 705 1540 734 1566; x_wconf 87' lang='lat' dir='ltr'>ct</span> <span class='ocrx_word' id='word_1_170' title='bbox 750 1537 858 1566; x_wconf 86' lang='lat' dir='ltr'>nostri</span> <span class='ocrx_word' id='word_1_171' title='bbox 874 1536 979 1575; x_wconf 81' lang='lat' dir='ltr'>sigilli</span> <span class='ocrx_word' id='word_1_172' title='bbox 998 1537 1185 1567; x_wconf 86' lang='lat' dir='ltr'>munimine</span> 
     </span>
     <span class='ocr_line' id='line_1_26' title="bbox 170 1589 1186 1629; baseline 0.001 -10"><span class='ocrx_word' id='word_1_173' title='bbox 170 1589 334 1619; x_wconf 73' lang='lat' dir='ltr'>roborari.</span> <span class='ocrx_word' id='word_1_174' title='bbox 350 1590 432 1619; x_wconf 86' lang='lat' dir='ltr'>Lata</span> <span class='ocrx_word' id='word_1_175' title='bbox 443 1592 474 1619; x_wconf 91' lang='lat' dir='ltr'>et</span> <span class='ocrx_word' id='word_1_176' title='bbox 487 1590 703 1628; x_wconf 85' lang='lat' dir='ltr'>pronuntiata</span> <span class='ocrx_word' id='word_1_177' title='bbox 720 1590 779 1619; x_wconf 83' lang='lat' dir='ltr'>suit</span> <span class='ocrx_word' id='word_1_178' title='bbox 795 1598 936 1627; x_wconf 84' lang='lat' dir='ltr'>presens</span> <span class='ocrx_word' id='word_1_179' title='bbox 949 1590 1117 1620; x_wconf 85' lang='lat' dir='ltr'>sententia</span> <span class='ocrx_word' id='word_1_180' title='bbox 1127 1599 1186 1629; x_wconf 88' lang='lat' dir='ltr'>per</span> 
     </span>
    </p>
   </div>
   <div class='ocr_carea' id='block_1_6' title="bbox 169 1642 2264 1792">
    <p class='ocr_par' dir='ltr' id='par_1_6' title="bbox 169 1642 2264 1792">
     <span class='ocr_line' id='line_1_27' title="bbox 169 1642 1216 1682; baseline 0.002 -10"><span class='ocrx_word' id='word_1_181' title='bbox 169 1643 359 1682; x_wconf 89' lang='lat' dir='ltr'>predictum</span> <span class='ocrx_word' id='word_1_182' title='bbox 382 1643 555 1672; x_wconf 89' lang='lat' dir='ltr'>dominum</span> <span class='ocrx_word' id='word_1_183' title='bbox 581 1643 768 1674; x_wconf 80' lang='lat' dir='ltr'>auditorem</span> <span class='ocrx_word' id='word_1_184' title='bbox 788 1643 876 1682; x_wconf 87' lang='lat' dir='ltr'>apud</span> <span class='ocrx_word' id='word_1_185' title='bbox 895 1643 1183 1679; x_wconf 76' lang='lat' dir='ltr'>Urbemveterem,</span> <span class='ocrx_word' id='word_1_186' title='bbox 1215 1642 1216 1679; x_wconf 69' lang='grc' dir='ltr'>Ῐ</span> 
     </span>
     <span class='ocr_line' id='line_1_28' title="bbox 170 1696 1216 1735; baseline 0.001 -9"><span class='ocrx_word' id='word_1_187' title='bbox 170 1696 205 1726; x_wconf 90' lang='grc'>111</span> <span class='ocrx_word' id='word_1_188' title='bbox 228 1696 353 1735; x_wconf 83' lang='lat' dir='ltr'>palatio</span> <span class='ocrx_word' id='word_1_189' title='bbox 378 1696 506 1726; x_wconf 86' lang='lat' dir='ltr'>domini</span> <span class='ocrx_word' id='word_1_190' title='bbox 530 1705 626 1735; x_wconf 77' lang='lat' dir='ltr'>pape,</span> <span class='ocrx_word' id='word_1_191' title='bbox 646 1705 731 1726; x_wconf 85' lang='lat' dir='ltr'>anno</span> <span class='ocrx_word' id='word_1_192' title='bbox 756 1697 892 1726; x_wconf 87' lang='lat' dir='ltr'>Domini</span> <span class='ocrx_word' id='word_1_193' title='bbox 914 1696 1184 1732; x_wconf 68' lang='lat' dir='ltr'>M⁰CC⁰LXIIII⁰,</span> <span class='ocrx_word' id='word_1_194' title='bbox 1215 1711 1216 1719; x_wconf 55' lang='lat'>1</span> 
     </span>
     <span class='ocr_line' id='line_1_29' title="bbox 1215 1752 2264 1792; baseline 0 -9"><span class='ocrx_word' id='word_1_195' title='bbox 1215 1752 1216 1755; x_wconf 76' lang='grc'>’</span> <span class='ocrx_word' id='word_1_196' title='bbox 1247 1755 1355 1784; x_wconf 78' lang='lat' dir='ltr'>videri</span> <span class='ocrx_word' id='word_1_197' title='bbox 1377 1754 1417 1784; x_wconf 84' lang='lat' dir='ltr'>de</span> <span class='ocrx_word' id='word_1_198' title='bbox 1438 1754 1513 1792; x_wconf 84' lang='lat' dir='ltr'>ipsa</span> <span class='ocrx_word' id='word_1_199' title='bbox 1534 1754 1567 1783; x_wconf 90' lang='lat' dir='ltr'>in</span> <span class='ocrx_word' id='word_1_200' title='bbox 1592 1756 1689 1783; x_wconf 89' lang='lat' dir='ltr'>tuum</span> <span class='ocrx_word' id='word_1_201' title='bbox 1709 1753 1934 1792; x_wconf 85' lang='lat' dir='ltr'>prejudicium</span> <span class='ocrx_word' id='word_1_202' title='bbox 1951 1755 1983 1783; x_wconf 92' lang='lat' dir='ltr'>et</span> <span class='ocrx_word' id='word_1_203' title='bbox 1999 1761 2193 1792; x_wconf 83' lang='lat' dir='ltr'>gravamen.</span> <span class='ocrx_word' id='word_1_204' title='bbox 2213 1753 2264 1784; x_wconf 91' lang='lat' dir='ltr'>Tu</span> 
     </span>
    </p>
   </div>
   <div class='ocr_carea' id='block_1_7' title="bbox 166 1749 1184 2107">
    <p class='ocr_par' dir='ltr' id='par_1_7' title="bbox 166 1749 1184 2107">
     <span class='ocr_line' id='line_1_30' title="bbox 169 1749 1184 1789; baseline 0.001 -10"><span class='ocrx_word' id='word_1_205' title='bbox 169 1749 385 1788; x_wconf 82' lang='lat' dir='ltr'>pontificatus</span> <span class='ocrx_word' id='word_1_206' title='bbox 407 1750 535 1780; x_wconf 89' lang='lat' dir='ltr'>domini</span> <span class='ocrx_word' id='word_1_207' title='bbox 553 1749 679 1780; x_wconf 70' lang='lat' dir='ltr'>Urbani</span> <span class='ocrx_word' id='word_1_208' title='bbox 698 1759 781 1789; x_wconf 87' lang='lat' dir='ltr'>pape</span> <span class='ocrx_word' id='word_1_209' title='bbox 802 1750 879 1784; x_wconf 81' lang='lat'>1111,</span> <span class='ocrx_word' id='word_1_210' title='bbox 898 1759 985 1780; x_wconf 83' lang='lat' dir='ltr'>anno</span> <span class='ocrx_word' id='word_1_211' title='bbox 1002 1751 1115 1786; x_wconf 78' lang='lat' dir='ltr'>tertio,</span> <span class='ocrx_word' id='word_1_212' title='bbox 1137 1751 1184 1781; x_wconf 93' lang='lat' dir='ltr'>in-</span> 
     </span>
     <span class='ocr_line' id='line_1_31' title="bbox 170 1802 1184 1842; baseline 0.003 -11"><span class='ocrx_word' id='word_1_213' title='bbox 170 1802 315 1833; x_wconf 74' lang='lat' dir='ltr'>dictione</span> <span class='ocrx_word' id='word_1_214' title='bbox 329 1808 514 1833; x_wconf 77' lang='lat' dir='ltr'>v11³1nense</span> <span class='ocrx_word' id='word_1_215' title='bbox 531 1803 612 1833; x_wconf 91' lang='lat' dir='ltr'>maii</span> <span class='ocrx_word' id='word_1_216' title='bbox 625 1803 678 1834; x_wconf 90' lang='lat' dir='ltr'>die</span> <span class='ocrx_word' id='word_1_217' title='bbox 689 1811 804 1839; x_wconf 69' lang='lat' dir='ltr'>xxv11³‚</span> <span class='ocrx_word' id='word_1_218' title='bbox 820 1803 1036 1842; x_wconf 79' lang='lat' dir='ltr'>presentibus</span> <span class='ocrx_word' id='word_1_219' title='bbox 1049 1804 1184 1834; x_wconf 85' lang='lat' dir='ltr'>domino</span> 
     </span>
     <span class='ocr_line' id='line_1_32' title="bbox 169 1856 1184 1896; baseline 0.001 -10"><span class='ocrx_word' id='word_1_220' title='bbox 169 1856 363 1890; x_wconf 77' lang='lat' dir='ltr'>Ardicione,</span> <span class='ocrx_word' id='word_1_221' title='bbox 381 1856 576 1895; x_wconf 85' lang='lat' dir='ltr'>primicerio</span> <span class='ocrx_word' id='word_1_222' title='bbox 607 1857 687 1886; x_wconf 83' lang='lat' dir='ltr'>cleri</span> <span class='ocrx_word' id='word_1_223' title='bbox 715 1857 1000 1892; x_wconf 83' lang='lat' dir='ltr'>Mediolanensis;</span> <span class='ocrx_word' id='word_1_224' title='bbox 1022 1857 1184 1896; x_wconf 76' lang='lat' dir='ltr'>magistro</span> 
     </span>
     <span class='ocr_line' id='line_1_33' title="bbox 169 1909 1183 1945; baseline 0.001 -7"><span class='ocrx_word' id='word_1_225' title='bbox 169 1909 268 1938; x_wconf 90' lang='lat' dir='ltr'>Petro</span> <span class='ocrx_word' id='word_1_226' title='bbox 292 1909 459 1945; x_wconf 76' lang='lat' dir='ltr'>Saunerii,</span> <span class='ocrx_word' id='word_1_227' title='bbox 486 1912 614 1939; x_wconf 82' lang='lat' dir='ltr'>rectore</span> <span class='ocrx_word' id='word_1_228' title='bbox 646 1909 786 1939; x_wconf 83' lang='lat' dir='ltr'>ecclesie</span> <span class='ocrx_word' id='word_1_229' title='bbox 815 1909 854 1939; x_wconf 86' lang='lat' dir='ltr'>de</span> <span class='ocrx_word' id='word_1_230' title='bbox 880 1909 1008 1945; x_wconf 76' lang='lat' dir='ltr'>Ucello,</span> <span class='ocrx_word' id='word_1_231' title='bbox 1033 1910 1183 1940; x_wconf 74' lang='lat' dir='ltr'>Lemovi-</span> 
     </span>
     <span class='ocr_line' id='line_1_34' title="bbox 167 1962 1183 2001; baseline 0.002 -10"><span class='ocrx_word' id='word_1_232' title='bbox 167 1962 278 1991; x_wconf 81' lang='lat' dir='ltr'>censis</span> <span class='ocrx_word' id='word_1_233' title='bbox 298 1962 461 1997; x_wconf 69' lang='lat' dir='ltr'>diocesis,</span> <span class='ocrx_word' id='word_1_234' title='bbox 494 1962 656 2001; x_wconf 82' lang='lat' dir='ltr'>magistro</span> <span class='ocrx_word' id='word_1_235' title='bbox 685 1963 886 2001; x_wconf 65' lang='lat' dir='ltr'>Raymunslo</span> <span class='ocrx_word' id='word_1_236' title='bbox 915 1963 1047 1993; x_wconf 82' lang='lat' dir='ltr'>Radulti</span> <span class='ocrx_word' id='word_1_237' title='bbox 1076 1963 1183 1993; x_wconf 87' lang='lat' dir='ltr'>Biter-</span> 
     </span>
     <span class='ocr_line' id='line_1_35' title="bbox 167 2015 1181 2054; baseline 0.002 -10"><span class='ocrx_word' id='word_1_238' title='bbox 167 2015 299 2050; x_wconf 66' lang='lat' dir='ltr'>rensisg</span> <span class='ocrx_word' id='word_1_239' title='bbox 319 2017 348 2045; x_wconf 87' lang='lat' dir='ltr'>et</span> <span class='ocrx_word' id='word_1_240' title='bbox 367 2015 534 2054; x_wconf 80' lang='lat' dir='ltr'>Stephano</span> <span class='ocrx_word' id='word_1_241' title='bbox 554 2015 656 2045; x_wconf 81' lang='lat' dir='ltr'>Fabri</span> <span class='ocrx_word' id='word_1_242' title='bbox 681 2015 970 2054; x_wconf 77' lang='lat' dir='ltr'>Petragoricensis</span> <span class='ocrx_word' id='word_1_243' title='bbox 995 2016 1181 2046; x_wconf 86' lang='lat' dir='ltr'>diocesium</span> 
     </span>
     <span class='ocr_line' id='line_1_36' title="bbox 166 2067 1181 2107; baseline 0.002 -10"><span class='ocrx_word' id='word_1_244' title='bbox 166 2067 315 2103; x_wconf 61' lang='lat' dir='ltr'>clericisg</span> <span class='ocrx_word' id='word_1_245' title='bbox 330 2070 360 2098; x_wconf 91' lang='lat' dir='ltr'>et</span> <span class='ocrx_word' id='word_1_246' title='bbox 377 2068 550 2107; x_wconf 84' lang='lat' dir='ltr'>magistris</span> <span class='ocrx_word' id='word_1_247' title='bbox 564 2068 673 2098; x_wconf 84' lang='lat' dir='ltr'>Bardo</span> <span class='ocrx_word' id='word_1_248' title='bbox 687 2068 725 2098; x_wconf 87' lang='lat' dir='ltr'>de</span> <span class='ocrx_word' id='word_1_249' title='bbox 742 2068 977 2098; x_wconf 58' lang='lat' dir='ltr'>Pollio-bonizi</span> <span class='ocrx_word' id='word_1_250' title='bbox 993 2070 1020 2099; x_wconf 88' lang='lat' dir='ltr'>et</span> <span class='ocrx_word' id='word_1_251' title='bbox 1034 2069 1181 2099; x_wconf 77' lang='lat' dir='ltr'>Ber-ardo</span> 
     </span>
    </p>
   </div>
   <div class='ocr_carea' id='block_1_8' title="bbox 165 2120 1213 2221">
    <p class='ocr_par' dir='ltr' id='par_1_8' title="bbox 165 2120 1213 2221">
     <span class='ocr_line' id='line_1_37' title="bbox 166 2120 1213 2162; baseline 0.003 -12"><span class='ocrx_word' id='word_1_252' title='bbox 166 2121 205 2150; x_wconf 90' lang='lat' dir='ltr'>de</span> <span class='ocrx_word' id='word_1_253' title='bbox 223 2121 377 2151; x_wconf 81' lang='lat' dir='ltr'>Mevania</span> <span class='ocrx_word' id='word_1_254' title='bbox 395 2121 549 2158; x_wconf 82' lang='lat' dir='ltr'>notariis,</span> <span class='ocrx_word' id='word_1_255' title='bbox 572 2121 717 2151; x_wconf 83' lang='lat' dir='ltr'>testibus</span> <span class='ocrx_word' id='word_1_256' title='bbox 737 2122 812 2152; x_wconf 92' lang='lat' dir='ltr'>inde</span> <span class='ocrx_word' id='word_1_257' title='bbox 831 2122 968 2161; x_wconf 74' lang='lat' dir='ltr'>rogatis.</span> <span class='ocrx_word' id='word_1_258' title='bbox 990 2123 1029 2152; x_wconf 86' lang='lat' dir='ltr'>Et</span> <span class='ocrx_word' id='word_1_259' title='bbox 1047 2131 1106 2161; x_wconf 77' lang='lat' dir='ltr'>ego</span> <span class='ocrx_word' id='word_1_260' title='bbox 1128 2123 1182 2153; x_wconf 78' lang='lat' dir='ltr'>‚Ja-</span> <span class='ocrx_word' id='word_1_261' title='bbox 1210 2120 1213 2162; x_wconf 72' lang='lat' dir='ltr'>J</span> 
     </span>
     <span class='ocr_line' id='line_1_38' title="bbox 165 2173 1211 2221; baseline 0.001 -17"><span class='ocrx_word' id='word_1_262' title='bbox 165 2173 269 2204; x_wconf 81' lang='lat' dir='ltr'>cobus</span> <span class='ocrx_word' id='word_1_263' title='bbox 284 2175 323 2204; x_wconf 90' lang='lat' dir='ltr'>de</span> <span class='ocrx_word' id='word_1_264' title='bbox 338 2175 475 2210; x_wconf 82' lang='lat' dir='ltr'>Marsia,</span> <span class='ocrx_word' id='word_1_265' title='bbox 489 2175 674 2213; x_wconf 85' lang='lat' dir='ltr'>apostolice</span> <span class='ocrx_word' id='word_1_266' title='bbox 692 2175 783 2205; x_wconf 84' lang='lat' dir='ltr'>sedis</span> <span class='ocrx_word' id='word_1_267' title='bbox 799 2176 997 2206; x_wconf 85' lang='lat' dir='ltr'>auctoritate</span> <span class='ocrx_word' id='word_1_268' title='bbox 1014 2176 1179 2212; x_wconf 88' lang='lat' dir='ltr'>notarius,</span> <span class='ocrx_word' id='word_1_269' title='bbox 1210 2217 1211 2221; x_wconf 13' lang='grc' dir='ltr'><strong>Ἰ</strong></span> 
     </span>
    </p>
   </div>
   <div class='ocr_carea' id='block_1_9' title="bbox 164 2226 1180 2372">
    <p class='ocr_par' dir='ltr' id='par_1_9' title="bbox 164 2226 1180 2372">
     <span class='ocr_line' id='line_1_39' title="bbox 164 2226 1180 2267; baseline 0.002 -11"><span class='ocrx_word' id='word_1_270' title='bbox 164 2226 326 2265; x_wconf 80' lang='lat' dir='ltr'>predictis</span> <span class='ocrx_word' id='word_1_271' title='bbox 347 2226 485 2257; x_wconf 87' lang='lat' dir='ltr'>intert&#39;ui</span> <span class='ocrx_word' id='word_1_272' title='bbox 513 2229 545 2257; x_wconf 90' lang='lat' dir='ltr'>et</span> <span class='ocrx_word' id='word_1_273' title='bbox 571 2236 618 2263; x_wconf 84' lang='lat' dir='ltr'>ea,</span> <span class='ocrx_word' id='word_1_274' title='bbox 638 2228 677 2257; x_wconf 87' lang='lat' dir='ltr'>de</span> <span class='ocrx_word' id='word_1_275' title='bbox 704 2228 860 2258; x_wconf 86' lang='lat' dir='ltr'>mandato</span> <span class='ocrx_word' id='word_1_276' title='bbox 886 2228 1029 2267; x_wconf 73' lang='lat' dir='ltr'>predicti</span> <span class='ocrx_word' id='word_1_277' title='bbox 1051 2228 1180 2258; x_wconf 85' lang='lat' dir='ltr'>domini</span> 
     </span>
     <span class='ocr_line' id='line_1_40' title="bbox 165 2279 1179 2320; baseline 0.003 -11"><span class='ocrx_word' id='word_1_278' title='bbox 165 2280 344 2315; x_wconf 87' lang='lat' dir='ltr'>auditoris,</span> <span class='ocrx_word' id='word_1_279' title='bbox 365 2280 399 2309; x_wconf 92' lang='lat' dir='ltr'>in</span> <span class='ocrx_word' id='word_1_280' title='bbox 423 2279 595 2319; x_wconf 84' lang='lat' dir='ltr'>publicam</span> <span class='ocrx_word' id='word_1_281' title='bbox 622 2280 765 2311; x_wconf 86' lang='lat' dir='ltr'>sormam</span> <span class='ocrx_word' id='word_1_282' title='bbox 790 2281 903 2320; x_wconf 81' lang='lat' dir='ltr'>redegi</span> <span class='ocrx_word' id='word_1_283' title='bbox 923 2290 1064 2320; x_wconf 83' lang='lat' dir='ltr'>meoque</span> <span class='ocrx_word' id='word_1_284' title='bbox 1084 2282 1179 2320; x_wconf 76' lang='lat' dir='ltr'>signo</span> 
     </span>
     <span class='ocr_line' id='line_1_41' title="bbox 166 2333 344 2372; baseline -0.006 -10"><span class='ocrx_word' id='word_1_285' title='bbox 166 2333 308 2372; x_wconf 77' lang='lat' dir='ltr'>signavi.</span> <span class='ocrx_word' id='word_1_286' title='bbox 330 2343 344 2362; x_wconf 79' lang='lat'>&gt;›</span> 
     </span>
    </p>
   </div>
   <div class='ocr_carea' id='block_1_10' title="bbox 206 2386 1209 2428">
    <p class='ocr_par' dir='ltr' id='par_1_10' title="bbox 206 2386 1209 2428">
     <span class='ocr_line' id='line_1_42' title="bbox 206 2386 1209 2428; baseline 0.002 -11"><span class='ocrx_word' id='word_1_287' title='bbox 206 2386 300 2417; x_wconf 88' lang='lat' dir='ltr'>Nulli</span> <span class='ocrx_word' id='word_1_288' title='bbox 319 2395 397 2426; x_wconf 81' lang='lat' dir='ltr'>ergo</span> <span class='ocrx_word' id='word_1_289' title='bbox 420 2389 534 2418; x_wconf 87' lang='lat' dir='ltr'>nostre</span> <span class='ocrx_word' id='word_1_290' title='bbox 557 2387 835 2423; x_wconf 81' lang='lat' dir='ltr'>confirmationis,</span> <span class='ocrx_word' id='word_1_291' title='bbox 861 2390 922 2418; x_wconf 87' lang='lat' dir='ltr'>etc.</span> <span class='ocrx_word' id='word_1_292' title='bbox 947 2389 1072 2419; x_wconf 88' lang='lat' dir='ltr'>Datum</span> <span class='ocrx_word' id='word_1_293' title='bbox 1091 2389 1179 2427; x_wconf 86' lang='lat' dir='ltr'>apud</span> <span class='ocrx_word' id='word_1_294' title='bbox 1208 2420 1209 2428; x_wconf 14' lang='grc' dir='ltr'>ἵ</span> 
     </span>
    </p>
   </div>
   <div class='ocr_carea' id='block_1_11' title="bbox 165 2439 1003 2480">
    <p class='ocr_par' dir='ltr' id='par_1_11' title="bbox 165 2439 1003 2480">
     <span class='ocr_line' id='line_1_43' title="bbox 165 2439 1003 2480; baseline 0 -10"><span class='ocrx_word' id='word_1_295' title='bbox 165 2439 456 2477; x_wconf 82' lang='lat' dir='ltr'>Urbemveterem,</span> <span class='ocrx_word' id='word_1_296' title='bbox 477 2450 526 2470; x_wconf 84' lang='lat'>1111</span> <span class='ocrx_word' id='word_1_297' title='bbox 545 2441 621 2470; x_wconf 83' lang='lat' dir='ltr'>idus</span> <span class='ocrx_word' id='word_1_298' title='bbox 635 2441 733 2480; x_wconf 85' lang='lat' dir='ltr'>junii,</span> <span class='ocrx_word' id='word_1_299' title='bbox 752 2450 837 2472; x_wconf 82' lang='lat' dir='ltr'>anno</span> <span class='ocrx_word' id='word_1_300' title='bbox 857 2442 967 2472; x_wconf 84' lang='lat' dir='ltr'>tertio.</span> <span class='ocrx_word' id='word_1_301' title='bbox 988 2452 1003 2470; x_wconf 88' lang='lat'>»</span> 
     </span>
    </p>
   </div>
   <div class='ocr_carea' id='block_1_12' title="bbox 256 2633 1103 2670">
    <p class='ocr_par' dir='ltr' id='par_1_12' title="bbox 256 2633 1103 2670">
     <span class='ocr_line' id='line_1_44' title="bbox 256 2633 1103 2670; baseline -0.002 -6"><span class='ocrx_word' id='word_1_302' title='bbox 256 2633 352 2665; x_wconf 79' lang='lat'>1080</span> <span class='ocrx_word' id='word_1_303' title='bbox 758 2635 882 2665; x_wconf 75' lang='lat' dir='ltr'>orvieto‚</span> <span class='ocrx_word' id='word_1_304' title='bbox 902 2635 933 2662; x_wconf 87' lang='grc'>10</span> <span class='ocrx_word' id='word_1_305' title='bbox 943 2634 1007 2670; x_wconf 89' lang='lat' dir='ltr'>juin</span> <span class='ocrx_word' id='word_1_306' title='bbox 1026 2635 1103 2663; x_wconf 67' lang='lat'>1204.</span> 
     </span>
    </p>
   </div>
   <div class='ocr_carea' id='block_1_13' title="bbox 164 2717 1176 2801">
    <p class='ocr_par' dir='ltr' id='par_1_13' title="bbox 164 2717 1176 2801">
     <span class='ocr_line' id='line_1_45' title="bbox 201 2717 1176 2753; baseline 0.004 -10"><span class='ocrx_word' id='word_1_307' title='bbox 201 2717 372 2752; x_wconf 83' lang='lat' dir='ltr'>Episcopum</span> <span class='ocrx_word' id='word_1_308' title='bbox 392 2718 604 2753; x_wconf 77' lang='lat' dir='ltr'>Bigorritanum</span> <span class='ocrx_word' id='word_1_309' title='bbox 630 2719 793 2753; x_wconf 79' lang='lat' dir='ltr'>praedictae</span> <span class='ocrx_word' id='word_1_310' title='bbox 819 2720 979 2747; x_wconf 79' lang='lat' dir='ltr'>sententiae</span> <span class='ocrx_word' id='word_1_311' title='bbox 995 2723 1176 2747; x_wconf 68' lang='lat' dir='ltr'>executorem</span> 
     </span>
     <span class='ocr_line' id='line_1_46' title="bbox 164 2766 786 2801; baseline 0.003 -8"><span class='ocrx_word' id='word_1_312' title='bbox 164 2766 323 2794; x_wconf 84' lang='lat' dir='ltr'>constituit.</span> <span class='ocrx_word' id='word_1_313' title='bbox 339 2767 417 2801; x_wconf 67' lang='lat' dir='ltr'>(Rae.</span> <span class='ocrx_word' id='word_1_314' title='bbox 437 2768 481 2801; x_wconf 72' lang='lat'>29,</span> <span class='ocrx_word' id='word_1_315' title='bbox 498 2767 546 2794; x_wconf 82' lang='lat' dir='ltr'>fol.</span> <span class='ocrx_word' id='word_1_316' title='bbox 563 2768 597 2795; x_wconf 73' lang='lat'>56</span> <span class='ocrx_word' id='word_1_317' title='bbox 615 2773 652 2800; x_wconf 74' lang='lat' dir='ltr'>r0,</span> <span class='ocrx_word' id='word_1_318' title='bbox 668 2774 698 2794; x_wconf 75' lang='lat' dir='ltr'>u⁰</span> <span class='ocrx_word' id='word_1_319' title='bbox 716 2769 786 2798; x_wconf 61' lang='lat'>129.)</span> 
     </span>
    </p>
   </div>
   <div class='ocr_carea' id='block_1_14' title="bbox 206 2866 1207 2911">
    <p class='ocr_par' dir='ltr' id='par_1_14' title="bbox 206 2866 1207 2911">
     <span class='ocr_line' id='line_1_47' title="bbox 206 2866 1207 2911; baseline 0.007 -16"><span class='ocrx_word' id='word_1_320' title='bbox 206 2877 219 2895; x_wconf 85' lang='lat'>«</span> <span class='ocrx_word' id='word_1_321' title='bbox 248 2866 406 2906; x_wconf 83' lang='lat' dir='ltr'>Episcopo</span> <span class='ocrx_word' id='word_1_322' title='bbox 428 2866 639 2906; x_wconf 77' lang='lat' dir='ltr'>Biyorritano.</span> <span class='ocrx_word' id='word_1_323' title='bbox 661 2869 711 2898; x_wconf 80' lang='lat' dir='ltr'>Ex</span> <span class='ocrx_word' id='word_1_324' title='bbox 729 2870 823 2907; x_wconf 87' lang='lat' dir='ltr'>parte</span> <span class='ocrx_word' id='word_1_325' title='bbox 843 2869 957 2899; x_wconf 89' lang='lat' dir='ltr'>dilecti</span> <span class='ocrx_word' id='word_1_326' title='bbox 979 2887 1029 2898; x_wconf 84' lang='lat'>-.</span> <span class='ocrx_word' id='word_1_327' title='bbox 1052 2870 1176 2901; x_wconf 85' lang='lat' dir='ltr'>Datum</span> <span class='ocrx_word' id='word_1_328' title='bbox 1206 2900 1207 2911; x_wconf 26' lang='lat'>¹</span> 
     </span>
    </p>
   </div>
   <div class='ocr_carea' id='block_1_15' title="bbox 165 2919 1103 2961">
    <p class='ocr_par' dir='ltr' id='par_1_15' title="bbox 165 2919 1103 2961">
     <span class='ocr_line' id='line_1_48' title="bbox 165 2919 1103 2961; baseline 0.001 -11"><span class='ocrx_word' id='word_1_329' title='bbox 165 2920 253 2959; x_wconf 87' lang='lat' dir='ltr'>apud</span> <span class='ocrx_word' id='word_1_330' title='bbox 270 2919 560 2956; x_wconf 80' lang='lat' dir='ltr'>Urbemvetereni,</span> <span class='ocrx_word' id='word_1_331' title='bbox 579 2930 628 2951; x_wconf 84' lang='lat'>1111</span> <span class='ocrx_word' id='word_1_332' title='bbox 644 2922 720 2952; x_wconf 89' lang='lat' dir='ltr'>idus</span> <span class='ocrx_word' id='word_1_333' title='bbox 735 2922 836 2961; x_wconf 87' lang='lat' dir='ltr'>junii,</span> <span class='ocrx_word' id='word_1_334' title='bbox 854 2931 940 2953; x_wconf 81' lang='lat' dir='ltr'>anno</span> <span class='ocrx_word' id='word_1_335' title='bbox 957 2923 1070 2954; x_wconf 85' lang='lat' dir='ltr'>tertio.</span> <span class='ocrx_word' id='word_1_336' title='bbox 1089 2936 1103 2951; x_wconf 85' lang='lat'>»</span> 
     </span>
    </p>
   </div>
   <div class='ocr_carea' id='block_1_16' title="bbox 1213 337 1227 2071">
    <p class='ocr_par' dir='ltr' id='par_1_16' title="bbox 1213 337 1227 2071">
     <span class='ocr_line' id='line_1_49' title="bbox 1213 337 1227 2071; baseline 0 0"><span class='ocrx_word' id='word_1_337' title='bbox 1213 337 1227 2071; x_wconf 95' lang='lat' dir='ltr'> </span> 
     </span>
    </p>
   </div>
   <div class='ocr_carea' id='block_1_17' title="bbox 1344 312 2195 344">
    <p class='ocr_par' dir='ltr' id='par_1_17' title="bbox 1344 312 2195 344">
     <span class='ocr_line' id='line_1_50' title="bbox 1344 312 2195 344; baseline 0.007 -10"><span class='ocrx_word' id='word_1_338' title='bbox 1344 313 1438 343; x_wconf 79' lang='lat'>1081</span> <span class='ocrx_word' id='word_1_339' title='bbox 1850 312 1976 344; x_wconf 74' lang='lat' dir='ltr'>orvieto,</span> <span class='ocrx_word' id='word_1_340' title='bbox 1992 313 2024 339; x_wconf 78' lang='grc'>14</span> <span class='ocrx_word' id='word_1_341' title='bbox 2039 313 2097 339; x_wconf 79' lang='lat' dir='ltr'>mai</span> <span class='ocrx_word' id='word_1_342' title='bbox 2117 313 2195 340; x_wconf 69' lang='lat'><strong>1264.</strong></span> 
     </span>
    </p>
   </div>
   <div class='ocr_carea' id='block_1_18' title="bbox 1254 391 2270 524">
    <p class='ocr_par' dir='ltr' id='par_1_18' title="bbox 1254 391 2270 524">
     <span class='ocr_line' id='line_1_51' title="bbox 1290 391 2269 426; baseline 0.003 -10"><span class='ocrx_word' id='word_1_343' title='bbox 1290 391 1391 417; x_wconf 70' lang='lat' dir='ltr'>Abbati</span> <span class='ocrx_word' id='word_1_344' title='bbox 1411 399 1433 417; x_wconf 89' lang='grc'><strong>3.</strong></span> <span class='ocrx_word' id='word_1_345' title='bbox 1457 391 1565 417; x_wconf 76' lang='lat' dir='ltr'>Nicolai</span> <span class='ocrx_word' id='word_1_346' title='bbox 1585 392 1619 417; x_wconf 87' lang='lat' dir='ltr'>de</span> <span class='ocrx_word' id='word_1_347' title='bbox 1638 391 1725 418; x_wconf 82' lang='lat' dir='ltr'>Bosco</span> <span class='ocrx_word' id='word_1_348' title='bbox 1747 392 1867 418; x_wconf 86' lang='lat' dir='ltr'>mandat</span> <span class='ocrx_word' id='word_1_349' title='bbox 1886 393 2030 426; x_wconf 84' lang='lat' dir='ltr'>quatenus</span> <span class='ocrx_word' id='word_1_350' title='bbox 2055 393 2269 420; x_wconf 82' lang='lat' dir='ltr'>ordinationem</span> 
     </span>
     <span class='ocr_line' id='line_1_52' title="bbox 1255 439 2270 476; baseline 0.004 -11"><span class='ocrx_word' id='word_1_351' title='bbox 1255 439 1422 474; x_wconf 62' lang='lat' dir='ltr'>praedictam</span> <span class='ocrx_word' id='word_1_352' title='bbox 1439 440 1488 471; x_wconf 83' lang='lat' dir='ltr'>(cs.</span> <span class='ocrx_word' id='word_1_353' title='bbox 1505 446 1534 466; x_wconf 72' lang='lat' dir='ltr'>n⁰</span> <span class='ocrx_word' id='word_1_354' title='bbox 1550 441 1628 473; x_wconf 70' lang='lat'>1072)</span> <span class='ocrx_word' id='word_1_355' title='bbox 1644 441 1672 467; x_wconf 90' lang='lat' dir='ltr'>in</span> <span class='ocrx_word' id='word_1_356' title='bbox 1688 449 1722 467; x_wconf 82' lang='lat' dir='ltr'>eo</span> <span class='ocrx_word' id='word_1_357' title='bbox 1733 441 1809 474; x_wconf 87' lang='lat' dir='ltr'>quod</span> <span class='ocrx_word' id='word_1_358' title='bbox 1824 449 1877 476; x_wconf 88' lang='lat' dir='ltr'>pro</span> <span class='ocrx_word' id='word_1_359' title='bbox 1892 441 2035 476; x_wconf 71' lang='lat' dir='ltr'>Raynerio</span> <span class='ocrx_word' id='word_1_360' title='bbox 2053 442 2087 468; x_wconf 86' lang='lat' dir='ltr'>de</span> <span class='ocrx_word' id='word_1_361' title='bbox 2105 442 2176 468; x_wconf 89' lang='lat' dir='ltr'>llum</span> <span class='ocrx_word' id='word_1_362' title='bbox 2194 441 2270 469; x_wconf 76' lang='lat' dir='ltr'>facta</span> 
     </span>
     <span class='ocr_line' id='line_1_53' title="bbox 1254 488 2144 524; baseline 0.002 -9"><span class='ocrx_word' id='word_1_363' title='bbox 1254 492 1307 520; x_wconf 70' lang='lat' dir='ltr'>est,</span> <span class='ocrx_word' id='word_1_364' title='bbox 1327 488 1670 516; x_wconf 74' lang='lat' dir='ltr'>executioni-demandet.</span> <span class='ocrx_word' id='word_1_365' title='bbox 1688 490 1768 516; x_wconf 56' lang='lat' dir='ltr'>dim.</span> <span class='ocrx_word' id='word_1_366' title='bbox 1783 490 1828 524; x_wconf 80' lang='lat'>29,</span> <span class='ocrx_word' id='word_1_367' title='bbox 1844 489 1894 516; x_wconf 85' lang='lat' dir='ltr'>fol.</span> <span class='ocrx_word' id='word_1_368' title='bbox 1911 491 1946 517; x_wconf 83' lang='lat'>56</span> <span class='ocrx_word' id='word_1_369' title='bbox 1964 494 2006 524; x_wconf 67' lang='grc' dir='ltr'>νο,</span> <span class='ocrx_word' id='word_1_370' title='bbox 2021 494 2053 516; x_wconf 86' lang='lat' dir='ltr'>n⁰</span> <span class='ocrx_word' id='word_1_371' title='bbox 2070 491 2144 521; x_wconf 79' lang='lat'><strong>130.)</strong></span> 
     </span>
    </p>
   </div>
   <div class='ocr_carea' id='block_1_19' title="bbox 1253 591 2271 737">
    <p class='ocr_par' dir='ltr' id='par_1_19' title="bbox 1253 591 2271 737">
     <span class='ocr_line' id='line_1_54' title="bbox 1297 591 2271 628; baseline 0.002 -7"><span class='ocrx_word' id='word_1_372' title='bbox 1297 603 1311 617; x_wconf 65' lang='grc' dir='ltr'>(ι</span> <span class='ocrx_word' id='word_1_373' title='bbox 1332 591 1446 621; x_wconf 66' lang='lat' dir='ltr'>Abbati</span> <span class='ocrx_word' id='word_1_374' title='bbox 1460 602 1484 621; x_wconf 86' lang='lat' dir='ltr'>s.</span> <span class='ocrx_word' id='word_1_375' title='bbox 1504 591 1627 621; x_wconf 63' lang='lat' dir='ltr'>Nicolai</span> <span class='ocrx_word' id='word_1_376' title='bbox 1643 591 1679 621; x_wconf 84' lang='lat' dir='ltr'>de</span> <span class='ocrx_word' id='word_1_377' title='bbox 1692 592 1800 628; x_wconf 86' lang='lat' dir='ltr'>Bosco,</span> <span class='ocrx_word' id='word_1_378' title='bbox 1824 591 1941 622; x_wconf 80' lang='lat' dir='ltr'>ordinis</span> <span class='ocrx_word' id='word_1_379' title='bbox 1957 602 1982 622; x_wconf 85' lang='lat' dir='ltr'>s.</span> <span class='ocrx_word' id='word_1_380' title='bbox 2006 593 2173 628; x_wconf 81' lang='lat' dir='ltr'>Benedicti,</span> <span class='ocrx_word' id='word_1_381' title='bbox 2192 593 2271 623; x_wconf 82' lang='lat' dir='ltr'>Lau-</span> 
     </span>
     <span class='ocr_line' id='line_1_55' title="bbox 1256 644 2268 685; baseline 0.004 -12"><span class='ocrx_word' id='word_1_382' title='bbox 1256 644 1398 674; x_wconf 75' lang='lat' dir='ltr'>dunensis</span> <span class='ocrx_word' id='word_1_383' title='bbox 1424 644 1560 674; x_wconf 79' lang='lat' dir='ltr'>diocesis.</span> <span class='ocrx_word' id='word_1_384' title='bbox 1586 645 1686 676; x_wconf 85' lang='lat' dir='ltr'>Olim&#39;</span> <span class='ocrx_word' id='word_1_385' title='bbox 1704 654 1805 684; x_wconf 87' lang='lat' dir='ltr'>super</span> <span class='ocrx_word' id='word_1_386' title='bbox 1840 646 2032 685; x_wconf 86' lang='lat' dir='ltr'>receptione</span> <span class='ocrx_word' id='word_1_387' title='bbox 2065 663 2113 677; x_wconf 95' lang='lat'>—.</span> <span class='ocrx_word' id='word_1_388' title='bbox 2144 647 2268 677; x_wconf 87' lang='lat' dir='ltr'>Datum</span> 
     </span>
     <span class='ocr_line' id='line_1_56' title="bbox 1253 698 2160 737; baseline 0 -9"><span class='ocrx_word' id='word_1_389' title='bbox 1253 698 1341 737; x_wconf 85' lang='lat' dir='ltr'>apud</span> <span class='ocrx_word' id='word_1_390' title='bbox 1356 698 1646 729; x_wconf 66' lang='lat' dir='ltr'>tjrhenweterem.</span> <span class='ocrx_word' id='word_1_391' title='bbox 1667 708 1687 728; x_wconf 86' lang='lat' dir='ltr'>n</span> <span class='ocrx_word' id='word_1_392' title='bbox 1705 699 1781 729; x_wconf 86' lang='lat' dir='ltr'>idus</span> <span class='ocrx_word' id='word_1_393' title='bbox 1799 699 1892 733; x_wconf 86' lang='lat' dir='ltr'>maii,</span> <span class='ocrx_word' id='word_1_394' title='bbox 1910 708 1997 729; x_wconf 88' lang='lat' dir='ltr'>anno</span> <span class='ocrx_word' id='word_1_395' title='bbox 2014 700 2126 730; x_wconf 90' lang='lat' dir='ltr'>tertio.</span> <span class='ocrx_word' id='word_1_396' title='bbox 2146 710 2160 728; x_wconf 75' lang='lat' dir='ltr'>n</span> 
     </span>
    </p>
   </div>
   <div class='ocr_carea' id='block_1_20' title="bbox 1342 880 2191 916">
    <p class='ocr_par' dir='ltr' id='par_1_20' title="bbox 1342 880 2191 916">
     <span class='ocr_line' id='line_1_57' title="bbox 1342 880 2191 916; baseline -0.007 -2"><span class='ocrx_word' id='word_1_397' title='bbox 1342 883 1439 914; x_wconf 76' lang='lat'><strong>1082</strong></span> <span class='ocrx_word' id='word_1_398' title='bbox 1844 880 1969 913; x_wconf 80' lang='lat' dir='ltr'>Orvieto,</span> <span class='ocrx_word' id='word_1_399' title='bbox 1987 882 2020 907; x_wconf 69' lang='lat'>29</span> <span class='ocrx_word' id='word_1_400' title='bbox 2031 880 2095 916; x_wconf 89' lang='lat' dir='ltr'>juin</span> <span class='ocrx_word' id='word_1_401' title='bbox 2114 881 2191 908; x_wconf 63' lang='lat'><strong>1204.</strong></span> 
     </span>
    </p>
   </div>
   <div class='ocr_carea' id='block_1_21' title="bbox 1251 964 2271 1101">
    <p class='ocr_par' dir='ltr' id='par_1_21' title="bbox 1251 964 2271 1101">
     <span class='ocr_line' id='line_1_58' title="bbox 1252 964 2270 1001; baseline -0.002 -8"><span class='ocrx_word' id='word_1_402' title='bbox 1252 968 1275 984; x_wconf 63' lang='grc' dir='ltr'>’ἓ</span> <span class='ocrx_word' id='word_1_403' title='bbox 1290 967 1427 1001; x_wconf 80' lang='lat' dir='ltr'>Magistro</span> <span class='ocrx_word' id='word_1_404' title='bbox 1443 965 1566 992; x_wconf 77' lang='lat' dir='ltr'>Johanni</span> <span class='ocrx_word' id='word_1_405' title='bbox 1582 966 1617 992; x_wconf 87' lang='lat' dir='ltr'>de</span> <span class='ocrx_word' id='word_1_406' title='bbox 1644 966 1840 992; x_wconf 83' lang='lat' dir='ltr'>l&#39;endemonte</span> <span class='ocrx_word' id='word_1_407' title='bbox 1865 965 2067 991; x_wconf 82' lang='lat' dir='ltr'>canonicatum</span> <span class='ocrx_word' id='word_1_408' title='bbox 2092 964 2121 991; x_wconf 91' lang='lat' dir='ltr'>in</span> <span class='ocrx_word' id='word_1_409' title='bbox 2147 964 2270 992; x_wconf 86' lang='lat' dir='ltr'>ecclesia</span> 
     </span>
     <span class='ocr_line' id='line_1_59' title="bbox 1252 1002 2271 1050; baseline -0.001 -8"><span class='ocrx_word' id='word_1_410' title='bbox 1252 1002 1456 1042; x_wconf 41' lang='lat' dir='ltr'>sffffsementis</span> <span class='ocrx_word' id='word_1_411' title='bbox 1476 1015 1725 1050; x_wconf 66' lang='grc'><strong>110100000100313,</strong></span> <span class='ocrx_word' id='word_1_412' title='bbox 1744 1013 1957 1041; x_wconf 83' lang='lat' dir='ltr'>Suessionensis</span> <span class='ocrx_word' id='word_1_413' title='bbox 1976 1014 2110 1044; x_wconf 87' lang='lat' dir='ltr'>diocesis,</span> <span class='ocrx_word' id='word_1_414' title='bbox 2129 1022 2146 1041; x_wconf 84' lang='lat' dir='ltr'>a</span> <span class='ocrx_word' id='word_1_415' title='bbox 2163 1014 2271 1049; x_wconf 80' lang='lat' dir='ltr'>magis·</span> 
     </span>
     <span class='ocr_line' id='line_1_60' title="bbox 1251 1051 2266 1101; baseline 0 -9"><span class='ocrx_word' id='word_1_416' title='bbox 1251 1051 1455 1092; x_wconf 51' lang='lat' dir='ltr'>tffiDalfinate</span> <span class='ocrx_word' id='word_1_417' title='bbox 1471 1066 1505 1092; x_wconf 71' lang='lat' dir='ltr'>«le</span> <span class='ocrx_word' id='word_1_418' title='bbox 1525 1065 1871 1101; x_wconf 56' lang='lat' dir='ltr'>Neapolig&#39;adjudicatam‚</span> <span class='ocrx_word' id='word_1_419' title='bbox 1883 1064 2047 1091; x_wconf 84' lang='lat' dir='ltr'>confirmat.</span> <span class='ocrx_word' id='word_1_420' title='bbox 2064 1064 2142 1097; x_wconf 67' lang='grc' dir='ltr'><strong>(Περ.</strong></span> <span class='ocrx_word' id='word_1_421' title='bbox 2158 1065 2202 1095; x_wconf 69' lang='grc'>29,</span> <span class='ocrx_word' id='word_1_422' title='bbox 2219 1064 2266 1092; x_wconf 85' lang='lat' dir='ltr'>sol.</span> 
     </span>
    </p>
   </div>
   <div class='ocr_carea' id='block_1_22' title="bbox 1250 1114 1483 1148">
    <p class='ocr_par' dir='ltr' id='par_1_22' title="bbox 1250 1114 1483 1148">
     <span class='ocr_line' id='line_1_61' title="bbox 1250 1114 1483 1148; baseline -0.009 -6"><span class='ocrx_word' id='word_1_423' title='bbox 1250 1116 1284 1142; x_wconf 70' lang='lat'>56</span> <span class='ocrx_word' id='word_1_424' title='bbox 1302 1120 1344 1146; x_wconf 62' lang='grc' dir='ltr'>νο,</span> <span class='ocrx_word' id='word_1_425' title='bbox 1362 1114 1483 1148; x_wconf 75' lang='lat' dir='ltr'>n0131.)</span> 
     </span>
    </p>
   </div>
   <div class='ocr_carea' id='block_1_23' title="bbox 1292 1218 2270 1260">
    <p class='ocr_par' dir='ltr' id='par_1_23' title="bbox 1292 1218 2270 1260">
     <span class='ocr_line' id='line_1_62' title="bbox 1292 1218 2270 1260; baseline -0.001 -11"><span class='ocrx_word' id='word_1_426' title='bbox 1292 1233 1306 1249; x_wconf 78' lang='grc' dir='ltr'>(ι</span> <span class='ocrx_word' id='word_1_427' title='bbox 1326 1221 1476 1260; x_wconf 73' lang='lat' dir='ltr'>Mayislro</span> <span class='ocrx_word' id='word_1_428' title='bbox 1496 1220 1631 1249; x_wconf 58' lang='lat' dir='ltr'>„Iohanni</span> <span class='ocrx_word' id='word_1_429' title='bbox 1656 1220 1691 1250; x_wconf 86' lang='lat' dir='ltr'>de</span> <span class='ocrx_word' id='word_1_430' title='bbox 1711 1219 1927 1256; x_wconf 77' lang='lat' dir='ltr'>Pendemonle,</span> <span class='ocrx_word' id='word_1_431' title='bbox 1951 1219 2138 1249; x_wconf 78' lang='lat' dir='ltr'>abreviatori</span> <span class='ocrx_word' id='word_1_432' title='bbox 2164 1218 2270 1249; x_wconf 82' lang='lat' dir='ltr'>dilecti</span> 
     </span>
    </p>
   </div>
   <div class='ocr_carea' id='block_1_24' title="bbox 1251 1272 2273 1313">
    <p class='ocr_par' dir='ltr' id='par_1_24' title="bbox 1251 1272 2273 1313">
     <span class='ocr_line' id='line_1_63' title="bbox 1251 1272 2273 1313; baseline -0.001 -11"><span class='ocrx_word' id='word_1_433' title='bbox 1251 1273 1312 1312; x_wconf 77' lang='lat' dir='ltr'>filii</span> <span class='ocrx_word' id='word_1_434' title='bbox 1328 1274 1471 1313; x_wconf 64' lang='lat' dir='ltr'>inngyistri</span> <span class='ocrx_word' id='word_1_435' title='bbox 1484 1273 1616 1303; x_wconf 71' lang='lat' dir='ltr'>Berarcli</span> <span class='ocrx_word' id='word_1_436' title='bbox 1634 1273 1669 1302; x_wconf 82' lang='lat' dir='ltr'>de</span> <span class='ocrx_word' id='word_1_437' title='bbox 1685 1273 1828 1313; x_wconf 60' lang='lat' dir='ltr'>Neapoli,</span> <span class='ocrx_word' id='word_1_438' title='bbox 1845 1272 2024 1302; x_wconf 78' lang='lat' dir='ltr'>subdiaconi</span> <span class='ocrx_word' id='word_1_439' title='bbox 2038 1278 2065 1302; x_wconf 81' lang='lat' dir='ltr'>et</span> <span class='ocrx_word' id='word_1_440' title='bbox 2078 1273 2193 1302; x_wconf 77' lang='lat' dir='ltr'>notarii</span> <span class='ocrx_word' id='word_1_441' title='bbox 2205 1282 2273 1302; x_wconf 78' lang='lat' dir='ltr'>nos·</span> 
     </span>
    </p>
   </div>
   <div class='ocr_carea' id='block_1_25' title="bbox 1250 1325 2269 1473">
    <p class='ocr_par' dir='ltr' id='par_1_25' title="bbox 1250 1325 2269 1473">
     <span class='ocr_line' id='line_1_64' title="bbox 1251 1325 2269 1366; baseline 0 -10"><span class='ocrx_word' id='word_1_442' title='bbox 1251 1328 1305 1363; x_wconf 77' lang='lat' dir='ltr'>eri,</span> <span class='ocrx_word' id='word_1_443' title='bbox 1321 1328 1466 1356; x_wconf 80' lang='lat' dir='ltr'>canonico</span> <span class='ocrx_word' id='word_1_444' title='bbox 1481 1327 1602 1356; x_wconf 82' lang='lat' dir='ltr'>ecclesie</span> <span class='ocrx_word' id='word_1_445' title='bbox 1620 1327 1719 1356; x_wconf 77' lang='lat' dir='ltr'>sancti</span> <span class='ocrx_word' id='word_1_446' title='bbox 1733 1326 1894 1357; x_wconf 74' lang='lat' dir='ltr'>Clementis</span> <span class='ocrx_word' id='word_1_447' title='bbox 1908 1326 2169 1366; x_wconf 78' lang='lat' dir='ltr'>Compendiensis,</span> <span class='ocrx_word' id='word_1_448' title='bbox 2179 1325 2269 1356; x_wconf 78' lang='lat' dir='ltr'>Sues-</span> 
     </span>
     <span class='ocr_line' id='line_1_65' title="bbox 1250 1379 2266 1418; baseline 0 -9"><span class='ocrx_word' id='word_1_449' title='bbox 1250 1381 1397 1410; x_wconf 79' lang='lat' dir='ltr'>sionensis</span> <span class='ocrx_word' id='word_1_450' title='bbox 1413 1381 1550 1410; x_wconf 74' lang='lat' dir='ltr'>dioc-esis.</span> <span class='ocrx_word' id='word_1_451' title='bbox 1576 1380 1627 1410; x_wconf 71' lang='lat' dir='ltr'>Ex</span> <span class='ocrx_word' id='word_1_452' title='bbox 1651 1383 1767 1410; x_wconf 89' lang='lat' dir='ltr'>tenore</span> <span class='ocrx_word' id='word_1_453' title='bbox 1790 1382 1847 1410; x_wconf 90' lang='lat' dir='ltr'>tue</span> <span class='ocrx_word' id='word_1_454' title='bbox 1871 1379 2048 1418; x_wconf 86' lang='lat' dir='ltr'>petitionis</span> <span class='ocrx_word' id='word_1_455' title='bbox 2073 1379 2266 1418; x_wconf 88' lang='lat' dir='ltr'>accepimus</span> 
     </span>
     <span class='ocr_line' id='line_1_66' title="bbox 1250 1432 2263 1473; baseline -0.002 -9"><span class='ocrx_word' id='word_1_456' title='bbox 1250 1434 1350 1473; x_wconf 83' lang='lat' dir='ltr'>quod,</span> <span class='ocrx_word' id='word_1_457' title='bbox 1363 1434 1444 1464; x_wconf 90' lang='lat' dir='ltr'>olim</span> <span class='ocrx_word' id='word_1_458' title='bbox 1454 1434 1488 1463; x_wconf 93' lang='lat' dir='ltr'>in</span> <span class='ocrx_word' id='word_1_459' title='bbox 1498 1433 1640 1464; x_wconf 87' lang='lat' dir='ltr'>ecclesia</span> <span class='ocrx_word' id='word_1_460' title='bbox 1652 1433 1759 1463; x_wconf 86' lang='lat' dir='ltr'>sancti</span> <span class='ocrx_word' id='word_1_461' title='bbox 1770 1433 1957 1463; x_wconf 87' lang='lat' dir='ltr'>Clementis</span> <span class='ocrx_word' id='word_1_462' title='bbox 1968 1432 2263 1472; x_wconf 88' lang='lat' dir='ltr'>Compendiensis,</span> 
     </span>
    </p>
   </div>
   <div class='ocr_carea' id='block_1_26' title="bbox 1215 1485 2266 1525">
    <p class='ocr_par' dir='ltr' id='par_1_26' title="bbox 1215 1485 2266 1525">
     <span class='ocr_line' id='line_1_67' title="bbox 1215 1485 2266 1525; baseline -0.002 -7"><span class='ocrx_word' id='word_1_463' title='bbox 1215 1494 1217 1499; x_wconf 78' lang='grc'>’</span> <span class='ocrx_word' id='word_1_464' title='bbox 1248 1487 1507 1518; x_wconf 78' lang='lat' dir='ltr'>Suessionensis</span> <span class='ocrx_word' id='word_1_465' title='bbox 1523 1487 1681 1520; x_wconf 80' lang='lat' dir='ltr'>diocesis,</span> <span class='ocrx_word' id='word_1_466' title='bbox 1702 1486 1849 1525; x_wconf 85' lang='lat' dir='ltr'>quadam</span> <span class='ocrx_word' id='word_1_467' title='bbox 1865 1485 2035 1525; x_wconf 88' lang='lat' dir='ltr'>prebenda</span> <span class='ocrx_word' id='word_1_468' title='bbox 2049 1489 2190 1516; x_wconf 75' lang='lat' dir='ltr'>vacante</span> <span class='ocrx_word' id='word_1_469' title='bbox 2206 1495 2266 1525; x_wconf 91' lang='lat' dir='ltr'>per</span> 
     </span>
    </p>
   </div>
   <div class='ocr_carea' id='block_1_27' title="bbox 1248 1539 2264 1578">
    <p class='ocr_par' dir='ltr' id='par_1_27' title="bbox 1248 1539 2264 1578">
     <span class='ocr_line' id='line_1_68' title="bbox 1248 1539 2264 1578; baseline 0 -8"><span class='ocrx_word' id='word_1_470' title='bbox 1248 1543 1393 1571; x_wconf 91' lang='lat' dir='ltr'>mortem</span> <span class='ocrx_word' id='word_1_471' title='bbox 1421 1540 1559 1570; x_wconf 84' lang='lat' dir='ltr'>Ricardi</span> <span class='ocrx_word' id='word_1_472' title='bbox 1577 1540 1658 1570; x_wconf 83' lang='lat' dir='ltr'>dicti</span> <span class='ocrx_word' id='word_1_473' title='bbox 1676 1539 1804 1575; x_wconf 80' lang='lat' dir='ltr'>Lebocu,</span> <span class='ocrx_word' id='word_1_474' title='bbox 1831 1539 1983 1578; x_wconf 90' lang='lat' dir='ltr'>ejusdem</span> <span class='ocrx_word' id='word_1_475' title='bbox 2007 1539 2149 1569; x_wconf 84' lang='lat' dir='ltr'>ecclesie</span> <span class='ocrx_word' id='word_1_476' title='bbox 2166 1548 2264 1570; x_wconf 86' lang='grc' dir='ltr'><strong>03οο-</strong></span> 
     </span>
    </p>
   </div>
   <div class='ocr_carea' id='block_1_28' title="bbox 1215 1592 2266 1637">
    <p class='ocr_par' dir='ltr' id='par_1_28' title="bbox 1215 1592 2266 1637">
     <span class='ocr_line' id='line_1_69' title="bbox 1215 1592 2266 1637; baseline -0.002 -13"><span class='ocrx_word' id='word_1_477' title='bbox 1215 1592 1217 1637; x_wconf 41' lang='lat'><em>}</em></span> <span class='ocrx_word' id='word_1_478' title='bbox 1248 1594 1327 1630; x_wconf 86' lang='lat' dir='ltr'>nici,</span> <span class='ocrx_word' id='word_1_479' title='bbox 1347 1596 1378 1624; x_wconf 90' lang='lat' dir='ltr'>et</span> <span class='ocrx_word' id='word_1_480' title='bbox 1395 1602 1433 1624; x_wconf 91' lang='lat' dir='ltr'>ea</span> <span class='ocrx_word' id='word_1_481' title='bbox 1450 1593 1609 1623; x_wconf 85' lang='lat' dir='ltr'>canonice</span> <span class='ocrx_word' id='word_1_482' title='bbox 1627 1593 1689 1622; x_wconf 89' lang='lat' dir='ltr'>tibi</span> <span class='ocrx_word' id='word_1_483' title='bbox 1707 1593 1840 1629; x_wconf 81' lang='lat' dir='ltr'>collata,</span> <span class='ocrx_word' id='word_1_484' title='bbox 1860 1593 2063 1623; x_wconf 80' lang='lat' dir='ltr'>Fredericus</span> <span class='ocrx_word' id='word_1_485' title='bbox 2083 1593 2124 1622; x_wconf 91' lang='lat' dir='ltr'>de</span> <span class='ocrx_word' id='word_1_486' title='bbox 2137 1593 2266 1623; x_wconf 85' lang='lat' dir='ltr'>Monte-</span> 
     </span>
    </p>
   </div>
   <div class='ocr_carea' id='block_1_29' title="bbox 1248 1645 2264 1739">
    <p class='ocr_par' dir='ltr' id='par_1_29' title="bbox 1248 1645 2264 1739">
     <span class='ocr_line' id='line_1_70' title="bbox 1248 1645 2264 1685; baseline -0.001 -8"><span class='ocrx_word' id='word_1_487' title='bbox 1248 1647 1335 1683; x_wconf 88' lang='lat' dir='ltr'>culo,</span> <span class='ocrx_word' id='word_1_488' title='bbox 1349 1647 1492 1677; x_wconf 87' lang='lat' dir='ltr'>clericus</span> <span class='ocrx_word' id='word_1_489' title='bbox 1505 1646 1761 1677; x_wconf 82' lang='lat' dir='ltr'>Cameracensis</span> <span class='ocrx_word' id='word_1_490' title='bbox 1775 1645 1932 1682; x_wconf 87' lang='lat' dir='ltr'>diocesis,</span> <span class='ocrx_word' id='word_1_491' title='bbox 1952 1654 2110 1676; x_wconf 84' lang='lat' dir='ltr'>asserens</span> <span class='ocrx_word' id='word_1_492' title='bbox 2123 1645 2264 1685; x_wconf 89' lang='lat' dir='ltr'>preben-</span> 
     </span>
     <span class='ocr_line' id='line_1_71' title="bbox 1248 1698 2264 1739; baseline -0.002 -8"><span class='ocrx_word' id='word_1_493' title='bbox 1248 1702 1325 1731; x_wconf 89' lang='lat' dir='ltr'>dam</span> <span class='ocrx_word' id='word_1_494' title='bbox 1341 1701 1451 1739; x_wconf 88' lang='lat' dir='ltr'>ipsam</span> <span class='ocrx_word' id='word_1_495' title='bbox 1463 1700 1505 1730; x_wconf 88' lang='lat' dir='ltr'>ad</span> <span class='ocrx_word' id='word_1_496' title='bbox 1520 1708 1555 1730; x_wconf 87' lang='lat' dir='ltr'>se</span> <span class='ocrx_word' id='word_1_497' title='bbox 1573 1702 1736 1738; x_wconf 79' lang='lat' dir='ltr'>spectare,</span> <span class='ocrx_word' id='word_1_498' title='bbox 1748 1699 1940 1738; x_wconf 84' lang='lat' dir='ltr'>procuravit</span> <span class='ocrx_word' id='word_1_499' title='bbox 1953 1699 1993 1729; x_wconf 92' lang='lat' dir='ltr'>de</span> <span class='ocrx_word' id='word_1_500' title='bbox 2006 1698 2092 1730; x_wconf 88' lang='lat' dir='ltr'>facto</span> <span class='ocrx_word' id='word_1_501' title='bbox 2109 1698 2175 1729; x_wconf 87' lang='lat' dir='ltr'>sibi</span> <span class='ocrx_word' id='word_1_502' title='bbox 2188 1707 2264 1739; x_wconf 91' lang='lat' dir='ltr'>pro-</span> 
     </span>
    </p>
   </div>
   <div class='ocr_carea' id='block_1_30' title="bbox 1247 1806 2266 1899">
    <p class='ocr_par' dir='ltr' id='par_1_30' title="bbox 1247 1806 2266 1899">
     <span class='ocr_line' id='line_1_72' title="bbox 1248 1806 2264 1846; baseline 0 -10"><span class='ocrx_word' id='word_1_503' title='bbox 1248 1816 1338 1843; x_wconf 76' lang='lat' dir='ltr'>vero,</span> <span class='ocrx_word' id='word_1_504' title='bbox 1355 1808 1524 1846; x_wconf 76' lang='lat' dir='ltr'>quamcito</span> <span class='ocrx_word' id='word_1_505' title='bbox 1540 1807 1572 1836; x_wconf 88' lang='lat' dir='ltr'>id</span> <span class='ocrx_word' id='word_1_506' title='bbox 1589 1807 1630 1837; x_wconf 90' lang='lat' dir='ltr'>ad</span> <span class='ocrx_word' id='word_1_507' title='bbox 1644 1810 1736 1837; x_wconf 89' lang='lat' dir='ltr'>tuam</span> <span class='ocrx_word' id='word_1_508' title='bbox 1748 1806 1901 1846; x_wconf 86' lang='lat' dir='ltr'>pervenit</span> <span class='ocrx_word' id='word_1_509' title='bbox 1916 1806 2084 1843; x_wconf 86' lang='lat' dir='ltr'>notitiam,</span> <span class='ocrx_word' id='word_1_510' title='bbox 2097 1806 2139 1836; x_wconf 91' lang='lat' dir='ltr'>ad</span> <span class='ocrx_word' id='word_1_511' title='bbox 2147 1806 2264 1836; x_wconf 85' lang='lat' dir='ltr'>sedem</span> 
     </span>
     <span class='ocr_line' id='line_1_73' title="bbox 1247 1859 2266 1899; baseline 0 -9"><span class='ocrx_word' id='word_1_512' title='bbox 1247 1861 1468 1899; x_wconf 85' lang='lat' dir='ltr'>apostolicam</span> <span class='ocrx_word' id='word_1_513' title='bbox 1496 1860 1677 1899; x_wconf 83' lang='lat' dir='ltr'>appellasti</span> <span class='ocrx_word' id='word_1_514' title='bbox 1702 1869 1739 1890; x_wconf 80' lang='lat' dir='ltr'>ac</span> <span class='ocrx_word' id='word_1_515' title='bbox 1763 1862 1917 1898; x_wconf 86' lang='lat' dir='ltr'>tempora</span> <span class='ocrx_word' id='word_1_516' title='bbox 1939 1859 2193 1890; x_wconf 87' lang='lat' dir='ltr'>constitutionis</span> <span class='ocrx_word' id='word_1_517' title='bbox 2211 1868 2266 1890; x_wconf 88' lang='lat' dir='ltr'>su·</span> 
     </span>
    </p>
   </div>
   <div class='ocr_carea' id='block_1_31' title="bbox 1214 1902 2264 1952">
    <p class='ocr_par' dir='ltr' id='par_1_31' title="bbox 1214 1902 2264 1952">
     <span class='ocr_line' id='line_1_74' title="bbox 1214 1902 2264 1952; baseline 0.001 -9"><span class='ocrx_word' id='word_1_518' title='bbox 1214 1902 1215 1911; x_wconf 41' lang='lat'>¹</span> <span class='ocrx_word' id='word_1_519' title='bbox 1245 1922 1304 1952; x_wconf 87' lang='lat' dir='ltr'>per</span> <span class='ocrx_word' id='word_1_520' title='bbox 1318 1914 1378 1943; x_wconf 86' lang='lat' dir='ltr'>hoc</span> <span class='ocrx_word' id='word_1_521' title='bbox 1392 1914 1479 1944; x_wconf 87' lang='lat' dir='ltr'>edite</span> <span class='ocrx_word' id='word_1_522' title='bbox 1498 1922 1650 1949; x_wconf 76' lang='lat' dir='ltr'>servans,</span> <span class='ocrx_word' id='word_1_523' title='bbox 1667 1922 1779 1944; x_wconf 87' lang='lat' dir='ltr'>coram</span> <span class='ocrx_word' id='word_1_524' title='bbox 1795 1913 1918 1944; x_wconf 90' lang='lat' dir='ltr'>dilecto</span> <span class='ocrx_word' id='word_1_525' title='bbox 1932 1913 2003 1943; x_wconf 87' lang='lat' dir='ltr'>filio</span> <span class='ocrx_word' id='word_1_526' title='bbox 2012 1913 2176 1952; x_wconf 86' lang='lat' dir='ltr'>magistro</span> <span class='ocrx_word' id='word_1_527' title='bbox 2188 1913 2264 1944; x_wconf 86' lang='lat' dir='ltr'>Del-</span> 
     </span>
    </p>
   </div>
   <div class='ocr_carea' id='block_1_32' title="bbox 1242 1966 2261 2326">
    <p class='ocr_par' dir='ltr' id='par_1_32' title="bbox 1242 1966 2261 2326">
     <span class='ocr_line' id='line_1_75' title="bbox 1245 1966 2260 2005; baseline 0 -9"><span class='ocrx_word' id='word_1_528' title='bbox 1245 1967 1345 1996; x_wconf 82' lang='lat' dir='ltr'>tinate</span> <span class='ocrx_word' id='word_1_529' title='bbox 1362 1967 1402 1996; x_wconf 84' lang='lat' dir='ltr'>de</span> <span class='ocrx_word' id='word_1_530' title='bbox 1419 1967 1573 2005; x_wconf 79' lang='lat' dir='ltr'>Neapoli,</span> <span class='ocrx_word' id='word_1_531' title='bbox 1597 1966 1802 1996; x_wconf 86' lang='lat' dir='ltr'>subdiacono</span> <span class='ocrx_word' id='word_1_532' title='bbox 1821 1968 1852 1996; x_wconf 82' lang='lat' dir='ltr'>et-</span> <span class='ocrx_word' id='word_1_533' title='bbox 1870 1966 2067 2004; x_wconf 87' lang='lat' dir='ltr'>cappellano</span> <span class='ocrx_word' id='word_1_534' title='bbox 2087 1968 2203 1996; x_wconf 87' lang='lat' dir='ltr'>nostro</span> <span class='ocrx_word' id='word_1_535' title='bbox 2224 1974 2260 1996; x_wconf 88' lang='lat' dir='ltr'>ac</span> 
     </span>
     <span class='ocr_line' id='line_1_76' title="bbox 1245 2019 2258 2058; baseline 0 -9"><span class='ocrx_word' id='word_1_536' title='bbox 1245 2020 1351 2049; x_wconf 88' lang='lat' dir='ltr'>nostri</span> <span class='ocrx_word' id='word_1_537' title='bbox 1369 2020 1487 2058; x_wconf 84' lang='lat' dir='ltr'>palatii</span> <span class='ocrx_word' id='word_1_538' title='bbox 1504 2028 1683 2049; x_wconf 83' lang='lat' dir='ltr'>causarum</span> <span class='ocrx_word' id='word_1_539' title='bbox 1699 2019 1848 2058; x_wconf 79' lang='lat' dir='ltr'>generali</span> <span class='ocrx_word' id='word_1_540' title='bbox 1867 2019 2033 2055; x_wconf 88' lang='lat' dir='ltr'>auditore,</span> <span class='ocrx_word' id='word_1_541' title='bbox 2047 2026 2258 2057; x_wconf 86' lang='lat' dir='ltr'>comparens,</span> 
     </span>
     <span class='ocr_line' id='line_1_77' title="bbox 1243 2071 2261 2112; baseline 0 -10"><span class='ocrx_word' id='word_1_542' title='bbox 1243 2073 1372 2112; x_wconf 84' lang='lat' dir='ltr'>petiisti</span> <span class='ocrx_word' id='word_1_543' title='bbox 1393 2073 1456 2103; x_wconf 90' lang='lat' dir='ltr'>tibi</span> <span class='ocrx_word' id='word_1_544' title='bbox 1480 2082 1581 2112; x_wconf 86' lang='lat' dir='ltr'>super</span> <span class='ocrx_word' id='word_1_545' title='bbox 1598 2073 1658 2103; x_wconf 87' lang='lat' dir='ltr'>hoc</span> <span class='ocrx_word' id='word_1_546' title='bbox 1679 2072 1720 2102; x_wconf 84' lang='lat' dir='ltr'>ab</span> <span class='ocrx_word' id='word_1_547' title='bbox 1741 2081 1779 2102; x_wconf 89' lang='lat' dir='ltr'>eo</span> <span class='ocrx_word' id='word_1_548' title='bbox 1794 2073 1965 2111; x_wconf 88' lang='lat' dir='ltr'>justitiam</span> <span class='ocrx_word' id='word_1_549' title='bbox 1983 2071 2148 2103; x_wconf 72' lang='lat' dir='ltr'>exhiberi.</span> <span class='ocrx_word' id='word_1_550' title='bbox 2166 2072 2261 2103; x_wconf 87' lang='lat' dir='ltr'>Idem</span> 
     </span>
     <span class='ocr_line' id='line_1_78' title="bbox 1244 2126 2259 2165; baseline 0.001 -10"><span class='ocrx_word' id='word_1_551' title='bbox 1244 2135 1377 2165; x_wconf 79' lang='lat' dir='ltr'>quoque</span> <span class='ocrx_word' id='word_1_552' title='bbox 1395 2127 1528 2156; x_wconf 85' lang='lat' dir='ltr'>auditor</span> <span class='ocrx_word' id='word_1_553' title='bbox 1538 2127 1571 2155; x_wconf 91' lang='lat' dir='ltr'>in</span> <span class='ocrx_word' id='word_1_554' title='bbox 1583 2126 1716 2165; x_wconf 84' lang='lat' dir='ltr'>negotio</span> <span class='ocrx_word' id='word_1_555' title='bbox 1735 2127 1809 2165; x_wconf 90' lang='lat' dir='ltr'>ipso</span> <span class='ocrx_word' id='word_1_556' title='bbox 1823 2126 2009 2165; x_wconf 82' lang='lat' dir='ltr'>procedens</span> <span class='ocrx_word' id='word_1_557' title='bbox 2021 2128 2053 2157; x_wconf 89' lang='lat' dir='ltr'>et</span> <span class='ocrx_word' id='word_1_558' title='bbox 2065 2126 2193 2156; x_wconf 88' lang='lat' dir='ltr'>dictum</span> <span class='ocrx_word' id='word_1_559' title='bbox 2206 2126 2259 2160; x_wconf 64' lang='lat' dir='ltr'>F„</span> 
     </span>
     <span class='ocr_line' id='line_1_79' title="bbox 1245 2179 2258 2219; baseline 0.001 -10"><span class='ocrx_word' id='word_1_560' title='bbox 1245 2180 1323 2218; x_wconf 89' lang='lat' dir='ltr'>quia</span> <span class='ocrx_word' id='word_1_561' title='bbox 1336 2180 1368 2209; x_wconf 90' lang='lat' dir='ltr'>in</span> <span class='ocrx_word' id='word_1_562' title='bbox 1383 2180 1555 2209; x_wconf 87' lang='lat' dir='ltr'>audientia</span> <span class='ocrx_word' id='word_1_563' title='bbox 1568 2179 1713 2218; x_wconf 74' lang='lat' dir='ltr'>publica,</span> <span class='ocrx_word' id='word_1_564' title='bbox 1724 2182 1761 2210; x_wconf 86' lang='lat' dir='ltr'>ut</span> <span class='ocrx_word' id='word_1_565' title='bbox 1771 2179 1877 2209; x_wconf 86' lang='lat' dir='ltr'>moris</span> <span class='ocrx_word' id='word_1_566' title='bbox 1889 2181 1952 2215; x_wconf 87' lang='lat' dir='ltr'>est,</span> <span class='ocrx_word' id='word_1_567' title='bbox 1963 2179 2086 2210; x_wconf 83' lang='lat' dir='ltr'>citatus</span> <span class='ocrx_word' id='word_1_568' title='bbox 2095 2179 2258 2219; x_wconf 85' lang='lat' dir='ltr'>legitime,</span> 
     </span>
     <span class='ocr_line' id='line_1_80' title="bbox 1243 2232 2258 2271; baseline 0.001 -9"><span class='ocrx_word' id='word_1_569' title='bbox 1243 2241 1309 2262; x_wconf 89' lang='lat' dir='ltr'>non</span> <span class='ocrx_word' id='word_1_570' title='bbox 1329 2233 1518 2271; x_wconf 85' lang='lat' dir='ltr'>comparuit</span> <span class='ocrx_word' id='word_1_571' title='bbox 1537 2241 1651 2263; x_wconf 82' lang='lat' dir='ltr'>coram</span> <span class='ocrx_word' id='word_1_572' title='bbox 1669 2233 1743 2270; x_wconf 91' lang='lat' dir='ltr'>ipso</span> <span class='ocrx_word' id='word_1_573' title='bbox 1761 2241 1819 2262; x_wconf 89' lang='lat' dir='ltr'>nec</span> <span class='ocrx_word' id='word_1_574' title='bbox 1840 2232 1966 2271; x_wconf 86' lang='lat' dir='ltr'>aliquis</span> <span class='ocrx_word' id='word_1_575' title='bbox 1982 2240 2042 2271; x_wconf 91' lang='lat' dir='ltr'>pro</span> <span class='ocrx_word' id='word_1_576' title='bbox 2061 2232 2191 2266; x_wconf 86' lang='lat' dir='ltr'>eodem,</span> <span class='ocrx_word' id='word_1_577' title='bbox 2209 2241 2258 2263; x_wconf 87' lang='lat' dir='ltr'>re-</span> 
     </span>
     <span class='ocr_line' id='line_1_81' title="bbox 1242 2285 2258 2326; baseline 0.001 -11"><span class='ocrx_word' id='word_1_578' title='bbox 1242 2288 1366 2325; x_wconf 85' lang='lat' dir='ltr'>putans</span> <span class='ocrx_word' id='word_1_579' title='bbox 1392 2289 1637 2319; x_wconf 79' lang='lat' dir='ltr'>contumacem,</span> <span class='ocrx_word' id='word_1_580' title='bbox 1670 2286 1963 2325; x_wconf 84' lang='lat' dir='ltr'>pronuntiansque</span> <span class='ocrx_word' id='word_1_581' title='bbox 1998 2285 2126 2316; x_wconf 82' lang='lat' dir='ltr'>dictum</span> <span class='ocrx_word' id='word_1_582' title='bbox 2159 2294 2258 2326; x_wconf 84' lang='lat' dir='ltr'>nego-</span> 
     </span>
    </p>
   </div>
   <div class='ocr_carea' id='block_1_33' title="bbox 1208 2339 2258 2382">
    <p class='ocr_par' dir='ltr' id='par_1_33' title="bbox 1208 2339 2258 2382">
     <span class='ocr_line' id='line_1_82' title="bbox 1208 2339 2258 2382; baseline 0.001 -13"><span class='ocrx_word' id='word_1_583' title='bbox 1208 2379 1209 2382; x_wconf 11' lang='lat'><em>*</em></span> <span class='ocrx_word' id='word_1_584' title='bbox 1241 2339 1327 2370; x_wconf 88' lang='lat' dir='ltr'>tium</span> <span class='ocrx_word' id='word_1_585' title='bbox 1345 2340 1415 2369; x_wconf 81' lang='lat' dir='ltr'>fore</span> <span class='ocrx_word' id='word_1_586' title='bbox 1429 2348 1488 2378; x_wconf 90' lang='lat' dir='ltr'>per</span> <span class='ocrx_word' id='word_1_587' title='bbox 1506 2339 1699 2379; x_wconf 86' lang='lat' dir='ltr'>hujusmodi</span> <span class='ocrx_word' id='word_1_588' title='bbox 1717 2339 1978 2378; x_wconf 86' lang='lat' dir='ltr'>appellationem</span> <span class='ocrx_word' id='word_1_589' title='bbox 1995 2339 2037 2369; x_wconf 88' lang='lat' dir='ltr'>ad</span> <span class='ocrx_word' id='word_1_590' title='bbox 2051 2340 2193 2370; x_wconf 88' lang='lat' dir='ltr'>eandem</span> <span class='ocrx_word' id='word_1_591' title='bbox 2208 2347 2258 2370; x_wconf 87' lang='lat' dir='ltr'>se-</span> 
     </span>
    </p>
   </div>
   <div class='ocr_carea' id='block_1_34' title="bbox 1239 2392 2258 2538">
    <p class='ocr_par' dir='ltr' id='par_1_34' title="bbox 1239 2392 2258 2538">
     <span class='ocr_line' id='line_1_83' title="bbox 1241 2392 2258 2432; baseline 0 -10"><span class='ocrx_word' id='word_1_592' title='bbox 1241 2393 1316 2422; x_wconf 90' lang='lat' dir='ltr'>dem</span> <span class='ocrx_word' id='word_1_593' title='bbox 1337 2393 1488 2432; x_wconf 83' lang='lat' dir='ltr'>legitime</span> <span class='ocrx_word' id='word_1_594' title='bbox 1516 2393 1725 2429; x_wconf 80' lang='lat' dir='ltr'>devolutum,</span> <span class='ocrx_word' id='word_1_595' title='bbox 1745 2393 1882 2422; x_wconf 88' lang='lat' dir='ltr'>tandem</span> <span class='ocrx_word' id='word_1_596' title='bbox 1911 2393 2054 2431; x_wconf 88' lang='lat' dir='ltr'>cognitis</span> <span class='ocrx_word' id='word_1_597' title='bbox 2076 2392 2187 2431; x_wconf 90' lang='lat' dir='ltr'>ipsius</span> <span class='ocrx_word' id='word_1_598' title='bbox 2201 2401 2258 2423; x_wconf 87' lang='lat' dir='ltr'>ne—</span> 
     </span>
     <span class='ocr_line' id='line_1_84' title="bbox 1240 2445 2256 2485; baseline 0 -9"><span class='ocrx_word' id='word_1_599' title='bbox 1240 2446 1322 2485; x_wconf 84' lang='lat' dir='ltr'>gotii</span> <span class='ocrx_word' id='word_1_600' title='bbox 1338 2446 1471 2476; x_wconf 85' lang='lat' dir='ltr'>meritis</span> <span class='ocrx_word' id='word_1_601' title='bbox 1485 2449 1515 2476; x_wconf 90' lang='lat' dir='ltr'>et</span> <span class='ocrx_word' id='word_1_602' title='bbox 1529 2447 1618 2485; x_wconf 76' lang='lat' dir='ltr'>J&#39;uris</span> <span class='ocrx_word' id='word_1_603' title='bbox 1634 2446 1751 2476; x_wconf 84' lang='lat' dir='ltr'>ordine</span> <span class='ocrx_word' id='word_1_604' title='bbox 1764 2445 1954 2482; x_wconf 79' lang='lat' dir='ltr'>observato,</span> <span class='ocrx_word' id='word_1_605' title='bbox 1965 2445 2185 2476; x_wconf 83' lang='lat' dir='ltr'>diffinitivam</span> <span class='ocrx_word' id='word_1_606' title='bbox 2196 2454 2256 2485; x_wconf 89' lang='lat' dir='ltr'>pro</span> 
     </span>
     <span class='ocr_line' id='line_1_85' title="bbox 1239 2499 2257 2538; baseline 0.001 -9"><span class='ocrx_word' id='word_1_607' title='bbox 1239 2502 1272 2530; x_wconf 89' lang='lat' dir='ltr'>te</span> <span class='ocrx_word' id='word_1_608' title='bbox 1292 2499 1496 2530; x_wconf 86' lang='lat' dir='ltr'>sententiam</span> <span class='ocrx_word' id='word_1_609' title='bbox 1513 2499 1755 2538; x_wconf 78' lang='lat' dir='ltr'>promulgavit,</span> <span class='ocrx_word' id='word_1_610' title='bbox 1775 2501 1876 2538; x_wconf 88' lang='lat' dir='ltr'>prout</span> <span class='ocrx_word' id='word_1_611' title='bbox 1899 2499 1933 2528; x_wconf 93' lang='lat' dir='ltr'>in</span> <span class='ocrx_word' id='word_1_612' title='bbox 1956 2499 2182 2529; x_wconf 87' lang='lat' dir='ltr'>instrumento</span> <span class='ocrx_word' id='word_1_613' title='bbox 2197 2507 2257 2538; x_wconf 89' lang='lat' dir='ltr'>pu-</span> 
     </span>
    </p>
   </div>
   <div class='ocr_carea' id='block_1_35' title="bbox 1208 2551 2253 2592">
    <p class='ocr_par' dir='ltr' id='par_1_35' title="bbox 1208 2551 2253 2592">
     <span class='ocr_line' id='line_1_86' title="bbox 1208 2551 2253 2592; baseline 0 -10"><span class='ocrx_word' id='word_1_614' title='bbox 1208 2585 1209 2591; x_wconf 19' lang='lat'><em>*</em></span> <span class='ocrx_word' id='word_1_615' title='bbox 1239 2552 1328 2583; x_wconf 86' lang='lat' dir='ltr'>blico</span> <span class='ocrx_word' id='word_1_616' title='bbox 1358 2553 1435 2582; x_wconf 92' lang='lat' dir='ltr'>inde</span> <span class='ocrx_word' id='word_1_617' title='bbox 1467 2552 1618 2583; x_wconf 81' lang='lat' dir='ltr'>consecto</span> <span class='ocrx_word' id='word_1_618' title='bbox 1638 2553 1749 2591; x_wconf 90' lang='lat' dir='ltr'>ipsius</span> <span class='ocrx_word' id='word_1_619' title='bbox 1778 2552 1944 2583; x_wconf 87' lang='lat' dir='ltr'>auditoris</span> <span class='ocrx_word' id='word_1_620' title='bbox 1969 2551 2084 2592; x_wconf 81' lang='lat' dir='ltr'>sigillo</span> <span class='ocrx_word' id='word_1_621' title='bbox 2109 2552 2253 2590; x_wconf 85' lang='lat' dir='ltr'>munito,</span> 
     </span>
    </p>
   </div>
   <div class='ocr_carea' id='block_1_36' title="bbox 1241 2605 2255 2645">
    <p class='ocr_par' dir='ltr' id='par_1_36' title="bbox 1241 2605 2255 2645">
     <span class='ocr_line' id='line_1_87' title="bbox 1241 2605 2255 2645; baseline 0 -9"><span class='ocrx_word' id='word_1_622' title='bbox 1241 2606 1338 2645; x_wconf 87' lang='lat' dir='ltr'>cujus</span> <span class='ocrx_word' id='word_1_623' title='bbox 1354 2608 1506 2637; x_wconf 86' lang='lat' dir='ltr'>tenorem</span> <span class='ocrx_word' id='word_1_624' title='bbox 1521 2606 1560 2637; x_wconf 90' lang='lat' dir='ltr'>de</span> <span class='ocrx_word' id='word_1_625' title='bbox 1578 2605 1681 2636; x_wconf 81' lang='lat' dir='ltr'>verbo</span> <span class='ocrx_word' id='word_1_626' title='bbox 1700 2606 1742 2636; x_wconf 90' lang='lat' dir='ltr'>ad</span> <span class='ocrx_word' id='word_1_627' title='bbox 1757 2605 1899 2636; x_wconf 78' lang='lat' dir='ltr'>verbum</span> <span class='ocrx_word' id='word_1_628' title='bbox 1914 2605 2132 2645; x_wconf 87' lang='lat' dir='ltr'>presentibus</span> <span class='ocrx_word' id='word_1_629' title='bbox 2148 2605 2255 2636; x_wconf 88' lang='lat' dir='ltr'>inseri</span> 
     </span>
    </p>
   </div>
   <div class='ocr_carea' id='block_1_37' title="bbox 1207 2658 2254 2699">
    <p class='ocr_par' dir='ltr' id='par_1_37' title="bbox 1207 2658 2254 2699">
     <span class='ocr_line' id='line_1_88' title="bbox 1207 2658 2254 2699; baseline 0 -9"><span class='ocrx_word' id='word_1_630' title='bbox 1207 2693 1208 2699; x_wconf 13' lang='grc' dir='ltr'>ἵ</span> <span class='ocrx_word' id='word_1_631' title='bbox 1240 2660 1397 2694; x_wconf 85' lang='lat' dir='ltr'>facimus,</span> <span class='ocrx_word' id='word_1_632' title='bbox 1413 2660 1549 2698; x_wconf 89' lang='lat' dir='ltr'>plenius</span> <span class='ocrx_word' id='word_1_633' title='bbox 1565 2660 1768 2690; x_wconf 82' lang='lat' dir='ltr'>continetur.</span> <span class='ocrx_word' id='word_1_634' title='bbox 1789 2660 1860 2690; x_wconf 85' lang='lat' dir='ltr'>Nos</span> <span class='ocrx_word' id='word_1_635' title='bbox 1875 2659 2081 2699; x_wconf 82' lang='lat' dir='ltr'>itaque,tuis</span> <span class='ocrx_word' id='word_1_636' title='bbox 2096 2658 2254 2698; x_wconf 87' lang='lat' dir='ltr'>precibus</span> 
     </span>
    </p>
   </div>
   <div class='ocr_carea' id='block_1_38' title="bbox 1239 2712 2253 2752">
    <p class='ocr_par' dir='ltr' id='par_1_38' title="bbox 1239 2712 2253 2752">
     <span class='ocr_line' id='line_1_89' title="bbox 1239 2712 2253 2752; baseline 0.001 -10"><span class='ocrx_word' id='word_1_637' title='bbox 1239 2713 1405 2749; x_wconf 82' lang='lat' dir='ltr'>inclinati,</span> <span class='ocrx_word' id='word_1_638' title='bbox 1425 2713 1630 2743; x_wconf 81' lang='lat' dir='ltr'>sententiam</span> <span class='ocrx_word' id='word_1_639' title='bbox 1657 2713 1768 2751; x_wconf 86' lang='lat' dir='ltr'>ipsam</span> <span class='ocrx_word' id='word_1_640' title='bbox 1789 2713 1928 2752; x_wconf 83' lang='lat' dir='ltr'>provide</span> <span class='ocrx_word' id='word_1_641' title='bbox 1946 2713 2047 2743; x_wconf 84' lang='lat' dir='ltr'>latam</span> <span class='ocrx_word' id='word_1_642' title='bbox 2072 2714 2180 2743; x_wconf 82' lang='lat' dir='ltr'>ratam</span> <span class='ocrx_word' id='word_1_643' title='bbox 2197 2712 2253 2743; x_wconf 85' lang='lat' dir='ltr'>ha-</span> 
     </span>
    </p>
   </div>
   <div class='ocr_carea' id='block_1_39' title="bbox 1206 2765 2252 2805">
    <p class='ocr_par' dir='ltr' id='par_1_39' title="bbox 1206 2765 2252 2805">
     <span class='ocr_line' id='line_1_90' title="bbox 1206 2765 2252 2805; baseline 0 -9"><span class='ocrx_word' id='word_1_644' title='bbox 1206 2791 1208 2800; x_wconf 69' lang='grc'><strong><em>,</em></strong></span> <span class='ocrx_word' id='word_1_645' title='bbox 1238 2765 1356 2796; x_wconf 85' lang='lat' dir='ltr'>bentes</span> <span class='ocrx_word' id='word_1_646' title='bbox 1375 2768 1408 2796; x_wconf 88' lang='lat' dir='ltr'>et</span> <span class='ocrx_word' id='word_1_647' title='bbox 1423 2769 1564 2805; x_wconf 82' lang='lat' dir='ltr'>gratam,</span> <span class='ocrx_word' id='word_1_648' title='bbox 1585 2766 1696 2805; x_wconf 84' lang='lat' dir='ltr'>ipsam</span> <span class='ocrx_word' id='word_1_649' title='bbox 1715 2766 1915 2796; x_wconf 82' lang='lat' dir='ltr'>auctoritate</span> <span class='ocrx_word' id='word_1_650' title='bbox 1934 2765 2119 2804; x_wconf 83' lang='lat' dir='ltr'>apostolica</span> <span class='ocrx_word' id='word_1_651' title='bbox 2133 2765 2252 2796; x_wconf 88' lang='lat' dir='ltr'>confir·</span> 
     </span>
    </p>
   </div>
   <div class='ocr_carea' id='block_1_40' title="bbox 1238 2819 2249 2965">
    <p class='ocr_par' dir='ltr' id='par_1_40' title="bbox 1238 2819 2249 2965">
     <span class='ocr_line' id='line_1_91' title="bbox 1238 2819 1855 2858; baseline 0 -9"><span class='ocrx_word' id='word_1_652' title='bbox 1238 2827 1371 2849; x_wconf 85' lang='lat' dir='ltr'>mamus</span> <span class='ocrx_word' id='word_1_653' title='bbox 1388 2821 1450 2849; x_wconf 80' lang='lat' dir='ltr'>etc.</span> <span class='ocrx_word' id='word_1_654' title='bbox 1467 2827 1575 2858; x_wconf 81' lang='lat' dir='ltr'>usque</span> <span class='ocrx_word' id='word_1_655' title='bbox 1592 2819 1855 2849; x_wconf 85' lang='lat' dir='ltr'>communimus.</span> 
     </span>
     <span class='ocr_line' id='line_1_92' title="bbox 1277 2872 2024 2911; baseline -0.001 -8"><span class='ocrx_word' id='word_1_656' title='bbox 1277 2872 1444 2903; x_wconf 88' lang='lat' dir='ltr'>Tenorem</span> <span class='ocrx_word' id='word_1_657' title='bbox 1462 2872 1681 2902; x_wconf 87' lang='lat' dir='ltr'>instrumenti</span> <span class='ocrx_word' id='word_1_658' title='bbox 1697 2872 1839 2911; x_wconf 88' lang='lat' dir='ltr'>predicti</span> <span class='ocrx_word' id='word_1_659' title='bbox 1853 2872 1932 2902; x_wconf 85' lang='lat' dir='ltr'>talis</span> <span class='ocrx_word' id='word_1_660' title='bbox 1949 2874 2001 2902; x_wconf 89' lang='lat' dir='ltr'>est</span> <span class='ocrx_word' id='word_1_661' title='bbox 2019 2883 2024 2902; x_wconf 93' lang='lat'>:</span> 
     </span>
     <span class='ocr_line' id='line_1_93' title="bbox 1277 2925 2249 2965; baseline 0.002 -10"><span class='ocrx_word' id='word_1_662' title='bbox 1277 2934 1295 2956; x_wconf 92' lang='lat'>«</span> <span class='ocrx_word' id='word_1_663' title='bbox 1315 2925 1353 2955; x_wconf 89' lang='lat' dir='ltr'>Iu</span> <span class='ocrx_word' id='word_1_664' title='bbox 1372 2925 1435 2956; x_wconf 87' lang='lat' dir='ltr'>Dei</span> <span class='ocrx_word' id='word_1_665' title='bbox 1456 2925 1592 2956; x_wconf 85' lang='lat' dir='ltr'>nomine</span> <span class='ocrx_word' id='word_1_666' title='bbox 1609 2933 1718 2956; x_wconf 85' lang='lat' dir='ltr'>amen.</span> <span class='ocrx_word' id='word_1_667' title='bbox 1739 2926 1824 2957; x_wconf 86' lang='lat' dir='ltr'>Cum</span> <span class='ocrx_word' id='word_1_668' title='bbox 1843 2925 2006 2965; x_wconf 82' lang='lat' dir='ltr'>magister</span> <span class='ocrx_word' id='word_1_669' title='bbox 2021 2925 2193 2956; x_wconf 78' lang='lat' dir='ltr'>Johannes</span> <span class='ocrx_word' id='word_1_670' title='bbox 2208 2925 2249 2957; x_wconf 85' lang='lat' dir='ltr'>de</span> 
     </span>
    </p>
   </div>
  </div>
 </body>
</html>
