2519 3262
187 241 224 270 76

186 322 388 362 privationis
408 330 466 352 seu
485 321 708 360 depositionis
728 322 929 351 sententiam
952 323 1065 350 contra
1085 322 1115 350 te
1134 328 1193 358 per
1221 336 1223 348 ι

187 376 419 415 supradictum
446 375 642 413 episcopum
668 375 804 410 editam,
831 375 899 403 fore
930 374 1102 411 injustam,
1135 381 1194 402 nec

186 439 252 461 non
271 432 339 460 tam
368 429 476 467 ipsius
504 428 653 466 episcopi
669 436 769 466 quam
788 427 1102 456 commissariorum
1122 434 1195 455 suo-

186 492 260 514 rum
288 491 468 521 processus
495 490 597 519 super
625 481 691 510 11115
708 482 823 510 contra
840 482 872 509 te
890 480 1033 514 habitos,
1058 480 1089 509 et
1104 479 1194 518 quic-

186 536 267 575 quid
282 535 321 566 de
338 543 481 574 persona
497 533 617 572 prefati
630 532 794 562 Johannis
810 531 960 562 Douchet
978 532 1009 561 iu
1025 531 1084 561 hac
1100 532 1194 570 parte

185 589 310 619 factum
331 588 453 622 extitit,
470 586 716 616 sententialiter
731 585 899 614 revocavit
917 587 1014 623 atque
1033 584 1191 614 cassavit.

185 641 341 673 Decrevit
364 641 465 671 etiam
492 642 524 669 te
546 638 771 668 reducendum
797 646 871 668 esse
890 638 923 667 in
943 638 1194 676 possessionem

185 694 380 725 monasterii
409 691 594 726 memorati,
612 693 711 729 teque
740 691 875 720 reduxit
896 691 935 720 ad
953 699 1038 727 eam,
1057 699 1094 721 ac
1108 690 1195 720 ordi-

186 748 306 783 nando,
327 746 514 781 statuendo,
533 744 739 783 providendo
768 745 799 774 et
821 744 1017 774 arbitrando
1046 745 1193 782 precepit

186 802 221 831 ut
238 799 389 830 monachi
410 798 490 828 dicti
514 797 711 827 monasterii
730 799 760 827 et
780 796 1009 827 membrorum
1028 797 1100 835 ejus
1118 797 1193 833 tibi,

185 855 358 891 tamquam
387 860 448 881 suo
478 850 590 881 abbati
617 852 649 880 et
681 851 820 888 pastori,
847 850 880 879 in
905 850 1144 888 spiritualibus
1163 852 1195 880 et

185 905 430 944 temporalibus
446 904 602 934 obediant
618 906 650 933 et
666 903 853 939 intendant,
870 904 995 933 dictum
1008 903 1195 933 ‚johannem

186 968 203 989 a
222 959 384 998 regimine
411 958 521 996 ipsius
540 957 736 987 monasterii
757 965 917 986 amovens
937 965 973 986 ac
991 965 1092 995 super
1110 965 1148 986 eo
1165 958 1196 987 et

186 1011 320 1043 abbatia
344 1011 494 1050 predicta
514 1012 715 1049 perpetuum
743 1010 918 1040 silentium
944 1010 1122 1048 imponens
1151 1010 1196 1040 ei-

186 1065 272 1100 dem,
289 1066 387 1103 prout
403 1064 437 1094 in
457 1063 593 1102 publico
610 1064 837 1094 instrumento
853 1064 1002 1093 consecto
1022 1063 1144 1093 exinde
1160 1072 1196 1093 ac

186 1118 299 1157 sigillo
330 1117 513 1147 cardinalis
536 1117 715 1147 memorati
735 1117 877 1155 signato,
899 1117 1034 1155 plenius
1052 1117 1198 1147 contine-

184 1173 250 1202 tur.
279 1172 349 1202 Nos
384 1171 508 1209 itaque,
533 1170 602 1200 tuis
626 1170 935 1209 supplicationibus
964 1170 1129 1204 inclinati,
1159 1179 1198 1200 ea

185 1233 248 1264 que
266 1233 284 1255 a
311 1224 440 1262 prefato
462 1223 626 1253 cardinali
651 1232 751 1262 super
775 1224 841 1253 hiis
865 1232 924 1262 pro
942 1225 974 1254 te
1000 1223 1084 1254 sacta
1105 1224 1195 1259 sunt,

185 1279 258 1308 rata
273 1277 435 1307 habentes
451 1278 482 1307 et
498 1277 606 1312 firma,
625 1276 684 1306 illa
701 1276 900 1307 auctoritate
919 1277 1104 1315 apostolica
1123 1285 1197 1306 con-

186 1331 361 1362 firmamus
378 1332 453 1366 etc,
471 1338 578 1369 usque
593 1330 854 1359 communimus.

227 1385 393 1415 Tenorem
421 1385 532 1413 autem
565 1383 674 1421 ipsius
704 1383 919 1412 instrumenti
956 1383 994 1413 de
1027 1383 1128 1413 verbo
1157 1383 1198 1413 ad

187 1437 327 1468 verbum
344 1436 560 1475 presentibus
578 1436 719 1466 fecimus
738 1436 904 1472 annotari,
924 1436 981 1474 qui
996 1436 1074 1466 talis
1095 1439 1143 1467 est
1164 1446 1168 1464 :

230 1501 244 1517 «
262 1490 299 1520 In
318 1490 453 1519 nomine
474 1489 611 1519 Domini
629 1498 737 1519 amen.
758 1489 955 1519 Presideute
973 1490 1114 1519 rationis
1140 1491 1200 1520 im—

190 1543 283 1583 perio
296 1560 345 1572 -.
363 1546 460 1578 Sane,
473 1551 548 1572 cum
561 1542 642 1572 olim
655 1541 860 1572 venerabilis
873 1542 906 1572 111
918 1542 1051 1572 Christo
1071 1544 1198 1580 pater..

190 1596 444 1628 Cameracensis
470 1595 661 1634 episcopus,
682 1605 700 1625 a
719 1595 796 1625 sede
815 1595 1000 1634 apostolica
1024 1596 1201 1635 impetras-

192 1651 242 1680 set
262 1651 307 1685 ut,
333 1658 398 1679 11011
424 1647 636 1679 obstantibus
665 1648 797 1678 srivolis
816 1648 1113 1687 appellationibus,
1132 1651 1201 1679 tam

193 1702 391 1733 auctoritate
415 1701 601 1740 apostolica
627 1710 727 1740 quam
757 1710 817 1731 sua
845 1701 950 1732 libere
979 1702 1031 1731 sui
1050 1702 1202 1732 debitum

192 1757 416 1794 exequeretur
444 1755 547 1785 oflicii
577 1755 665 1784 circa
693 1763 832 1785 suorum
864 1755 1069 1785 correctione
1091 1764 1204 1786 exces-

193 1817 293 1839 suum
319 1808 543 1843 subditorum,
575 1808 663 1838 idem
694 1808 873 1846 episcopus
903 1808 943 1838 ad
959 1809 1203 1839 monasterium

195 1861 300 1892 sancti
318 1861 493 1900 Sepulchri
513 1861 769 1891 Cameracensis
786 1862 939 1897 accessit,
961 1864 993 1891 et
1009 1864 1123 1892 contra
1141 1862 1205 1892 fra-

194 1916 281 1945 trem
304 1915 503 1948 Gerardum,
535 1913 689 1943 abbatem
719 1914 829 1952 ipsius
860 1915 1070 1949 monasterii,
1090 1915 1205 1945 volens

197 1968 236 1998 ad
259 1967 513 2006 inquisitionem
542 1967 721 2005 procedere
737 1967 935 1997 auctoritate
953 1968 1149 2006 apostolica,
1171 1970 1205 1998 ut

197 2020 339 2057 dicebat,
370 2029 406 2049 ac
431 2029 598 2056 asserens,
626 2021 713 2050 l'ama
742 2021 907 2051 referente
935 2023 966 2050 et
985 2021 1205 2052 demintiante

197 2074 354 2110 clamore,
385 2074 425 2103 ad
453 2074 505 2103 sui
532 2073 686 2103 notitiam
706 2073 915 2111 pervenisset
934 2074 1023 2112 (prod
1042 2075 1130 2104 idem
1153 2075 1207 2104 ab·

196 2127 257 2158 bas
274 2127 467 2157 diffamatus
485 2128 553 2156 erat
572 2135 673 2164 super
690 2127 944 2165 dilapidatione,
966 2128 1046 2157 vitio
1071 2128 1209 2158 inconti-

198 2180 322 2215 nentie‚
352 2179 611 2218 irregularitate,
640 2179 788 2218 perjurio
818 2189 853 2209 ac
883 2180 984 2210 etiam
1015 2181 1171 2215 simonia,
1191 2190 1209 2211 a

199 2234 287 2264 dicto
310 2233 675 2272 abbate,jurisjurandi
706 2233 868 2272 religione
887 2234 1037 2270 astricto,
1061 2235 1209 2273 quesivit

200 2287 229 2317 si
246 2286 371 2316 sciebat
389 2286 441 2315 vel
457 2286 611 2315 credebat
629 2294 663 2315 se
680 2286 750 2316 fore
768 2295 869 2324 super
888 2286 989 2316 dictis
1009 2287 1209 2318 criminibus

200 2340 408 2370 diffamatum
421 2349 428 2374 3
441 2341 472 2369 et
488 2348 562 2369 611111
579 2339 639 2369 1106
657 2339 760 2369 abbas
776 2340 848 2378 ipse
867 2342 1033 2379 negasset,
1045 2342 1208 2379 quosdam

198 2394 304 2424 testes
331 2393 417 2423 idem
436 2393 626 2432 episcopus,
645 2394 713 2423 tam
741 2393 922 2423 monachos
941 2394 1020 2424 dicti
1043 2396 1209 2425 monaste-

200 2447 241 2477 rii
256 2455 355 2486 quam
372 2446 489 2481 laicos,
504 2454 605 2485 super
624 2446 765 2476 infamia
784 2447 964 2477 criminum
980 2448 1208 2486 predictorum

201 2499 337 2538 recepit.
351 2500 477 2529 Verum
495 2499 583 2529 idem
601 2498 715 2536 abbas,
729 2501 805 2538 post
821 2500 1003 2531 terminum
1023 2500 1087 2530 sibi
1104 2502 1144 2531 ad
1162 2510 1210 2532 re-

200 2552 411 2592 probandum
440 2554 545 2583 testes
584 2553 809 2591 peremptorie
844 2553 1066 2592 assignatum,
1096 2557 1212 2585 contra

202 2606 365 2645 quosdam
396 2607 498 2635 testes
526 2614 566 2635 ex
596 2605 646 2635 eis
672 2606 847 2644 proposuit
864 2607 964 2644 quod,
982 2608 1132 2645 tempore
1151 2608 1210 2638 lati

201 2658 400 2692 testimonii,
419 2667 494 2688 cum
510 2660 622 2688 essent
640 2659 868 2697 proprietarii,
886 2660 1020 2690 vinculo
1041 2662 1134 2690 eraut
1157 2670 1212 2690 ex-

203 2711 519 2742 communicationis
534 2712 677 2746 astricti,
690 2720 763 2742 cum
783 2712 813 2741 in
829 2712 976 2751 capitulo
992 2714 1139 2751 generali
1154 2723 1212 2752 per

203 2763 334 2804 priores
362 2772 421 2794 seu
441 2764 634 2794 visitatores
652 2765 781 2795 ordinis
805 2767 918 2795 contra
937 2765 1118 2796 monachos
1138 2775 1212 2805 pro-
1242 2782 1243 2789 1

203 2817 384 2856 prietarios
411 2817 529 2847 suisset
556 2818 916 2848 excommunicationis
947 2819 1113 2849 sententia
1140 2828 1211 2858 pro-

204 2869 364 2909 mulgata,
383 2879 446 2908 que
470 2869 591 2900 obtulit
617 2879 652 2900 se
667 2870 808 2909 probare
826 2874 980 2910 paralum
1000 2874 1029 2901 et
1052 2872 1149 2902 tidem
1168 2873 1211 2903 fa-
1242 2859 1243 2886 l

204 2930 278 2954 cere
302 2923 469 2962 premissa
492 2923 531 2953 de
556 2932 639 2953 novo
669 2924 709 2953 ad
731 2924 803 2962 ejus
825 2925 978 2954 notitiam
1003 2926 1210 2964 pervenisse.

938 236 1180 268 REGISTRES
1210 235 1426 267 D'URBAIN
1456 235 1514 265 IV.

1255 319 1333 353 Sed,
1353 328 1427 350 cum
1444 320 1652 350 memoratus
1672 319 1851 357 episeopus
1869 319 2055 357 predictum
2076 320 2268 358 inquisitio-

1256 373 1310 402 nis
1326 372 1497 411 negotium
1512 372 1686 411 magistris
1701 372 1753 405 G„
1779 372 2012 401 archidiacono
2032 372 2270 402 Cameracensi

1257 426 1291 455 in
1308 425 1522 459 Valemenis,
1546 424 1677 456 Ubaldo
1699 424 1836 454 officiali
1861 426 1891 454 et
1913 424 2057 454 Johanni
2084 425 2271 455 Franconis

1257 480 1289 508 et
1306 478 1445 509 cuilibet
1474 487 1589 508 eorum
1617 477 1801 507 insolidum
1829 478 2068 510 commisisset.
2094 486 2270 517 quousque

1257 532 1529 562 commissionem
1562 531 1755 569 hujusmodi
1782 532 1964 565 revocaret,
1999 531 2078 560 dicti
2105 531 2268 561 archidia-

1257 594 1361 615 conus
1380 587 1411 615 et
1422 585 1547 623 college
1562 585 1626 618 sui,
1647 584 1905 622 interloquendo
1921 584 2183 622 pronuntiarunt
2196 592 2271 622 pre-

1257 640 1380 669 dictam
1414 637 1776 669 excommunicationis
1809 637 2041 675 exceptionem
2077 646 2141 666 non
2181 645 2269 673 esse,

1256 694 1356 732 prout
1389 694 1458 722 erat
1490 691 1674 730 proposita.
1701 690 1957 725 admittendam,
1978 692 2020 726 et,
2040 698 2077 720 ea
2108 698 2173 720 non
2198 689 2272 720 obs-

1256 746 1360 781 tante,
1382 745 1452 774 1016
1482 745 1515 774 111
1543 744 1653 782 ipsius
1680 743 1914 781 inquisitionis
1936 743 2069 782 negotio
2090 743 2273 782 proceden-

1258 799 1354 829 dum:
1380 800 1516 836 propter
1540 797 1627 835 quod
1645 797 1731 827 idem
1749 796 1853 826 abbas
1873 797 2022 826 sentiens
2042 804 2077 826 se
2094 798 2272 835 gravatum

1224 877 1226 884 ⁴
1257 852 1367 891 primo
1387 851 1427 881 ab
1444 851 1572 881 eisdem
1591 850 1837 879 commissariis
1852 850 1893 879 ad
1916 850 2041 879 dictum
2062 849 2272 888 episcopum,

1258 907 1289 936 et
1306 905 1440 938 deinde,
1465 904 1582 933 eodem
1611 902 1769 942 episcopo
1786 911 1942 932 revocare
1960 910 2141 940 gravamen
2156 902 2271 941 hujus-

1258 958 1348 988 modi
1364 959 1478 987 contra
1491 956 1660 995 justitiam
1680 957 1867 988 recusante,
1886 955 1926 984 ab
1943 956 2059 985 eodem
2083 955 2114 984 in
2135 954 2274 993 scriptis

1259 1011 1300 1041 ad
1319 1011 1432 1041 sedem
1462 1009 1683 1049 apostolicam
1712 1009 1906 1047 appellavit.
1925 1009 2076 1047 Cumque
2092 1007 2201 1038 eidem
2219 1007 2276 1038 ab·

1258 1065 1327 1094 bati
1347 1064 1513 1094 instanter
1530 1062 1704 1101 apostolos
1715 1062 1755 1091 ab
1773 1062 1890 1092 eodem
1903 1062 2061 1100 episcopo
2073 1060 2273 1100 postulanti,

1259 1119 1339 1149 dare
1355 1117 1527 1156 apostolos
1553 1116 1641 1146 idem
1660 1115 1841 1154 episcopus
1860 1115 2072 1154 denegasset,
2093 1114 2215 1144 iterum
2233 1113 2275 1144 ad

1259 1171 1399 1202 eandem
1414 1170 1526 1199 sedem
1538 1171 1674 1208 propter
1686 1169 1758 1203 hoc,
1769 1177 1810 1198 ex
1827 1172 1920 1206 parte
1937 1168 2017 1198 dicti
2033 1167 2178 1203 abbatis,
2190 1167 2277 1197 exti-

1258 1225 1300 1255 tit
1315 1223 1533 1262 appellatum‚
1553 1224 1583 1251 et
1609 1224 1643 1252 ut
1662 1222 1769 1251 dietas
1788 1221 2035 1260 appellationes
2055 1228 2276 1260 prosequere-

1260 1280 1326 1314 tur,
1350 1277 1461 1307 dictus
1483 1275 1586 1305 abbas
1614 1275 1839 1314 personaliter
1866 1275 1906 1303 ad
1934 1275 2121 1304 Romanam
2146 1273 2277 1303 curiam

1262 1331 1414 1361 accessit.
1436 1330 1501 1361 Sed
1528 1329 1648 1368 prefati
1671 1329 1903 1367 inquisitores,
1923 1328 2143 1366 appellationi
2162 1327 2276 1366 hujus-

1263 1384 1352 1414 modi
1371 1383 1511 1413 minime
1528 1383 1730 1417 deferentes
1742 1384 1857 1412 eontra
1871 1382 1995 1411 dictum
2011 1381 2165 1411 abbatem
2185 1381 2218 1410 in
2232 1383 2279 1410 in-

1263 1437 1460 1476 quisitionis
1487 1436 1620 1474 negotio
1646 1437 1895 1474 p1·ocesserunt‚
1918 1435 2074 1473 idemque
2098 1435 2279 1472 episcopus

1263 1490 1503 1520 nichilominus
1521 1489 1850 1519 :ulministrationem
1870 1488 2034 1517 bonorum
2049 1488 2128 1517 dicti
2146 1495 2279 1517 monas-

1263 1543 1341 1574 terii
1366 1542 1541 1573 interdixit
1570 1542 1691 1571 eidem.
1721 1544 1856 1580 propter
1878 1541 1965 1580 quod
1992 1541 2079 1570 idem
2100 1539 2203 1570 abbas
2222 1540 2280 1570 ite-

1265 1598 1336 1627 rato
1356 1596 1395 1626 ad
1421 1596 1535 1625 sedem
1555 1595 1741 1633 predictam
1761 1603 1876 1624 vocem
1895 1593 2134 1632 appellationis
2153 1593 2277 1623 emisit.

1264 1651 1390 1681 Verum
1419 1650 1626 1679 memoratus
1656 1649 1846 1686 episcopus.
1878 1646 2165 1686 appellationibus
2195 1646 2280 1685 ipsis

1266 1712 1331 1734 non
1358 1702 1524 1734 deferens.
1548 1703 1663 1731 contra
1689 1701 1856 1739 prefatum
1881 1700 2035 1730 abbatem
2054 1699 2280 1739 depositionis

1267 1765 1327 1787 seu
1345 1756 1526 1786 amotionis
1551 1755 1754 1785 sententiam
1775 1754 2013 1793 promulgavit.
2030 1752 2182 1783 Monachi
2202 1761 2280 1783 vero

1268 1810 1348 1840 dicti
1368 1809 1566 1840 monasterii
1586 1808 1723 1838 fratrem
1740 1807 1927 1837 ,lohannem
1948 1806 2109 1840 Dmrchet,
2128 1806 2282 1844 ejusdem

1267 1863 1467 1893 monasterii
1494 1861 1705 1892 monachum,
1726 1861 1759 1890 in
1789 1860 1942 1890 abbatem
1966 1868 2077 1895 suum,
2099 1861 2173 1898 post
2193 1868 2284 1889 amo-

1267 1916 1372 1947 tionis
1404 1915 1607 1945 senteutiam
1638 1916 1669 1944 et
1699 1914 1945 1953 appellationes
1974 1913 2154 1951 predictas,
2177 1912 2284 1951 elege-

1269 1971 1358 2005 runt,
1389 1969 1483 2007 cujus
1518 1968 1717 1998 electionem
1746 1968 1834 1997 idem
1866 1968 2069 1996 contirmans
2102 1966 2282 2004 episcopus

1270 2023 1379 2053 eidem
1398 2031 1521 2052 munus
1549 2021 1793 2051 benedictionis
1818 2020 1994 2058 impendit,
2015 2028 2030 2048 a
2050 2018 2174 2058 quibus
2191 2020 2282 2049 ante-

1269 2077 1378 2107 dictus
1398 2075 1513 2108 abbas,
1534 2083 1608 2104 cum
1629 2074 1667 2103 ad
1687 2073 1759 2111 ejus
1777 2074 1926 2111 pervenit
1949 2073 2115 2103 notitiam.
2130 2072 2283 2102 existens

1269 2130 1303 2160 in
1325 2129 1418 2159 curia
1435 2129 1547 2158 sedem
1565 2127 1784 2165 apostolicam
1805 2126 2000 2165 appellavit.
2021 2126 2102 2156 Orta
2120 2126 2221 2164 igitur
2235 2126 2284 2155 in-

1270 2185 1320 2213 ter
1340 2182 1466 2212 dictum
1496 2180 1683 2211 (1111111-1111111
1706 2179 1874 2213 abbatem,
1893 2188 1934 2208 ex
1952 2182 2045 2217 parte
2065 2187 2142 2213 una,
2163 2181 2193 2208 et
2211 2187 2284 2217 pre-

1270 2236 1375 2266 fatum
1406 2235 1614 2273 episcopum.
1639 2233 1825 2263 [Iohannem
1852 2231 2003 2262 Douchet
2024 2234 2053 2262 et
2082 2234 2284 2262 conventum

1270 2288 1468 2319 monasterii
1496 2287 1670 2326 sepedicti,
1689 2295 1729 2316 ex
1759 2286 1875 2316 altera.
1896 2294 1998 2324 super
2022 2285 2201 2323 premissis
2218 2293 2286 2315 ma-

1269 2342 1356 2372 teria
1381 2341 1582 2380 questionis
1599 2339 1837 2369 sanctissimus
1866 2341 1960 2376 pater
1983 2340 2013 2368 et
2047 2337 2205 2368 dominus
2222 2337 2284 2368 Ur-

1271 2395 1378 2425 banus
1397 2403 1481 2433 papa
1499 2394 1577 2426 1111,
1594 2402 1667 2425 nos,
1684 2392 1919 2422 Guillelmum.
1934 2391 2152 2421 miseratione
2169 2390 2286 2421 divina

1271 2448 1361 2479 tituli
1388 2447 1494 2477 sancti
1525 2447 1626 2477 Marci
1652 2445 1890 2484 presbyterum
1917 2443 2135 2477 cardinalem³
2155 2443 2284 2474 eisdem

1271 2501 1425 2540 partibus
1450 2500 1637 2530 auditorem
1659 2499 1691 2528 in
1720 2507 1820 2528 eausa
1840 2500 1870 2527 et
1893 2497 2070 2536 questione
2089 2496 2285 2535 hujusmodi

1272 2554 1456 2594 deputavit,
1476 2554 1504 2583 et
1523 2562 1583 2591 pro
1599 2554 1693 2591 parte
1712 2551 1853 2590 predicti
1877 2551 1930 2581 G..
1949 2550 2178 2589 procuratoris
2195 2549 2285 2588 epis-

1271 2607 1345 2646 copi
1358 2608 1389 2637 et
1404 2608 1588 2637 conventus
1609 2605 1848 2644 predictorum.
1864 2603 2003 2633 libellus
2023 2602 2157 2633 oblatus
2171 2602 2285 2633 extitit

1272 2660 1477 2691 continentie
1495 2659 1710 2697 infrascripte
1731 2667 1736 2685 :

1313 2724 1327 2742 «
1346 2714 1466 2743 Coram
1485 2712 1593 2745 vobis,
1624 2710 1809 2741 venerabili
1835 2712 1941 2748 patr-¹,
1966 2709 2101 2739 domino
2118 2708 2170 2743 (1.,
2192 2707 2285 2738 1111111

1273 2776 1290 2796 1)
1307 2767 1413 2797 sancti
1435 2767 1537 2797 Marci
1560 2765 1760 2804 presbytero
1789 2763 1964 2794 6111111111111.
1990 2771 2006 2792 a
2033 2762 2169 2791 domino
2198 2769 2286 2800 papa

1275 2831 1290 2849 n
1308 2829 1410 2859 super
1432 2819 1492 2850 1101·
1520 2818 1673 2849 auditore
1692 2825 1863 2848 concesso.
1880 2816 2035 2855 proponit
2059 2814 2286 2844 'l'liomasinus

1277 2884 1291 2903 »
1307 2873 1429 2912 Spada,
1444 2873 1579 2903 nomine
1596 2874 1649 2906 (1.,
1667 2870 1799 2901 abbatis
1815 2869 1920 2900 sancti
1940 2867 2115 2907 sepulchri
2131 2868 2286 2898 Camera-

1277 2937 1292 2956 »
1311 2926 1434 2958 censis,
1453 2925 1549 2963 cujus
1568 2925 1765 2963 procurator
1783 2922 1912 2953 existit.
1933 2921 2033 2960 quod.
2055 2929 2130 2950 cum
2150 2928 2285 2950 venera·
