2519 3262
273 237 332 267 354

274 321 385 351 larunt
419 321 476 351 sed
509 320 768 359 appellationem
803 329 898 350 suam
918 329 978 359 per
997 329 1054 351 sex
1083 330 1217 352 menses
1246 323 1278 352 et

273 374 421 413 amplius
439 373 596 412 prosequi
622 373 852 412 neglexerunt.
879 373 1017 403 Interim
1041 375 1152 404 autem
1178 384 1278 413 quon-

273 428 348 458 dam
375 427 514 458 Nicolao
541 427 580 456 de
606 425 788 462 Montibus,
819 426 977 456 canonico
1003 427 1113 465 ipsius
1137 428 1278 459 ecclesie

273 482 386 511 sancte
403 480 532 514 Crucis,
546 479 633 518 apud
652 479 764 509 sedem
784 479 1003 518 apostolicam
1016 480 1104 510 viam
1122 481 1278 512 universe

273 534 383 564 carnis
400 534 564 571 ingresso,
586 541 646 562 nos
667 532 898 562 canonicatum
917 534 949 563 et
972 532 1175 571 prebendam
1195 543 1278 573 quos

274 587 345 626 ipse
361 587 393 616 in
407 586 569 624 jamdicta
585 585 726 616 ecclesia
740 585 897 622 obtinuit,
911 586 1032 617 dilecto
1050 587 1119 617 filio
1133 587 1277 617 ι1011110111

272 640 311 670 de
326 639 441 673 Cellis,
457 639 578 669 clerico
589 639 748 669 familiari
760 641 886 676 nostro,
900 639 940 670 de
953 640 1059 679 gratia
1072 640 1278 671 contulimus

273 692 422 731 speciali.
440 693 566 722 Verum
582 692 732 722 volente<
748 692 836 731 quod
854 692 893 722 de
911 694 942 723 te
962 702 1064 732 super
1083 693 1277 732 hujusmodi

273 746 462 784 receptione
485 754 522 775 ac
548 745 741 783 provisione
760 745 1006 784 inceperamus,
1033 747 1216 786 producere
1237 746 1277 776 ad

272 800 437 833 eflectum,
464 799 696 829 canonicatum
723 799 832 840 ipsius
855 799 995 830 ecclesie
1015 803 1128 830 sancte
1146 799 1275 836 Crucis,

271 861 345 882 cum
367 852 576 891 plenitudine
592 852 679 890 juris
698 852 861 888 canonici,
883 862 919 882 ac
932 853 1150 891 prebendam,
1165 853 1194 883 si
1212 862 1278 892 qua

269 907 347 936 tunc
367 905 504 936 vacabat
525 905 662 941 ibidem,
683 905 745 935 tibi
768 905 953 944 apostolica
978 907 1178 936 auctoritate
1202 914 1277 935 con-

269 959 411 989 tulimus
431 960 529 998 teque
554 967 612 997 per
638 960 791 989 nostrum
814 959 953 989 anulum
980 959 1218 990 investivimus
1238 959 1277 988 de

269 1012 409 1047 eisdem,
427 1012 578 1052 alioquin
593 1012 798 1051 prebendam
814 1014 893 1042 tunc
909 1012 994 1042 inibi
1010 1013 1165 1051 proximo
1183 1021 1277 1042 vaca-

268 1067 391 1102 turam,
407 1065 468 1096 tibi
497 1065 730 1096 conserendam
759 1065 931 1096 donationi
959 1065 1143 1104 apostolice
1170 1074 1276 1095 reser—

266 1121 395 1155 vantes,
414 1119 624 1150 decrevimus
644 1119 777 1150 irritum
795 1121 827 1149 et
851 1119 948 1149 inane
968 1119 996 1149 si
1016 1128 1113 1149 secus
1136 1119 1176 1149 de
1203 1119 1277 1158 ipsa

268 1173 476 1212 contingeret
499 1173 704 1212 attemptari,
733 1173 854 1202 dilecto
879 1172 949 1202 filio
972 1197 1001 1203 ..
1026 1171 1145 1202 abbate
1167 1172 1275 1202 sancti

267 1225 410 1257 Auberti
434 1226 687 1257 Cameracensis
712 1235 840 1265 suoque
861 1226 989 1264 collega
1011 1234 1113 1264 super
1135 1225 1196 1255 hoc
1214 1234 1275 1264 per

267 1281 401 1310 nostras
420 1280 551 1310 litteras
569 1279 806 1310 executoribus
819 1279 998 1318 deputatis.
1012 1279 1097 1309 Sane
1112 1279 1275 1317 jamdicto

266 1332 385 1363 abbate
399 1333 506 1363 sancti
520 1333 672 1369 Auberti,
686 1333 773 1363 sicut
786 1342 827 1363 ex
841 1332 1002 1362 beneficio
1012 1332 1203 1362 litterarum
1225 1333 1276 1370 ip-

267 1395 393 1422 sarum,
411 1386 477 1416 sibi
492 1395 619 1425 suoque
635 1386 761 1424 college
778 1385 993 1421 directarum,
1017 1385 1110 1415 solus
1129 1387 1274 1424 poterat,

266 1439 413 1478 capitulo
434 1440 606 1470 mandavit
629 1439 737 1469 eidem
762 1441 793 1469 ut
818 1441 848 1469 te
869 1439 902 1468 111
925 1439 1122 1469 canonicum
1148 1439 1275 1477 recipe—

266 1495 339 1523 rent
362 1495 393 1523 et
414 1493 448 1522 in
473 1493 622 1522 fratrem.
642 1492 706 1522 Sed
726 1494 793 1522 tam
818 1492 964 1530 capitulo
984 1492 1058 1531 ipso
1080 1501 1180 1531 quam
1200 1501 1275 1529 ,ma-

265 1547 370 1586 gistro
389 1546 541 1576 XValtero
570 1547 609 1576 de
640 1545 854 1584 Solempniis,
872 1546 993 1575 clerico
1013 1546 1273 1576 Cameracensis

265 1601 422 1638 diocesis,
449 1600 506 1639 qui
537 1609 638 1639 super
666 1600 854 1638 receptione
881 1609 917 1629 ac
939 1600 1132 1637 provisione
1157 1609 1218 1629 sua
1240 1600 1274 1630 in

266 1655 381 1684 eadem
396 1654 537 1684 ecclesia
555 1656 667 1683 sancte
684 1653 801 1683 Crucis
816 1663 834 1683 a
849 1653 946 1682 nobis
962 1653 1174 1683 executorias
1186 1653 1273 1683 diee-

266 1707 363 1737 batur
380 1707 510 1737 litteras
535 1708 748 1746 impetrasse,
771 1716 806 1735 se
826 1706 887 1736 tibi
910 1716 1010 1745 super
1026 1707 1087 1736 1100
1104 1715 1272 1745 opponen-

264 1760 355 1790 tibus
371 1763 401 1791 et
415 1770 525 1790 coram
543 1760 671 1799 prefato
687 1759 804 1790 abbate
823 1760 930 1789 sancti
949 1759 1089 1789 Auberti
1108 1760 1272 1798 quasdam

265 1815 480 1852 exceptiones
505 1816 619 1843 contra
642 1816 673 1843 10
692 1813 968 1852 proponentibus,
991 1813 1077 1843 idom
1097 1813 1213 1849 abbas,
1231 1813 1272 1843 de

266 1868 441 1906 utriusque
457 1867 562 1905 partis
575 1876 727 1901 assensu,
744 1867 913 1905 negotium
926 1867 1118 1905 hujusmodi
1137 1866 1177 1896 ad
1195 1875 1273 1896 nos-

264 1921 353 1950 trum
382 1920 513 1950 remisit
546 1928 698 1954 examen,
728 1920 853 1957 pretixo
884 1919 1038 1957 partibus
1068 1919 1153 1957 ipsis
1181 1921 1271 1949 certo

265 1974 407 2004 termino
431 1973 657 2012 permuptorio
683 1981 747 2011 quo
774 1973 813 2001 ad
840 1972 1110 2010 prosequendum
1130 1972 1214 2001 1111111
1235 1981 1270 2002 30

264 2027 448 2066 apostolico
485 2026 678 2064 conspectui
711 2027 954 2063 presentarent,
984 2034 1110 2063 nosque
1135 2025 1269 2055 taudem

263 2081 391 2111 eisdem
417 2080 570 2119 partibus
595 2080 754 2109 dilectum
783 2079 891 2108 tilium
917 2080 1069 2108 nostrum
1098 2079 1151 2111 (1.,
1179 2078 1270 2108 tituli

263 2134 368 2164 sancti
391 2133 493 2164 Marci
515 2133 751 2172 presbyterum
771 2132 986 2167 cardinalem,
1003 2131 1157 2161 dedimus
1179 2131 1269 2161 audi—
1301 2147 1302 2175 3

1301 2189 1302 2211 1
1328 2186 1410 2215 mini
1426 2186 1566 2220 Urbani,
1581 2194 1665 2224 papo
1679 2186 1753 2219 llll,
1770 2185 1831 2215 sub
1846 2188 1935 2215 certa
1950 2186 2057 2215 forma
2074 2185 2206 2215 litteras
2223 2193 2342 2215 execu-

262 2189 380 2218 torem.

300 2242 397 2277 Sanc,
430 2243 504 2279 post
533 2240 767 2271 remissionem
798 2238 1002 2277 hujusmodi.
1023 2238 1174 2276 prefatus
1199 2247 1270 2267 ma-

260 2295 363 2334 gister
378 2295 553 2325 Walterus
564 2293 766 2332 prebendam
782 2302 845 2332 quo
863 2302 920 2330 per
936 2294 1076 2321 mortem
1095 2292 1265 2330 quondam

260 2349 412 2388 magistri
442 2348 592 2384 tloberti,
623 2347 772 2377 canonici
800 2346 949 2385 ejusdem
976 2345 1118 2375 00010310
1148 2347 1265 2375 sancte

258 2403 388 2439 Crucis,
413 2402 524 2432 medio
545 2403 694 2440 tempore
717 2400 846 2430 vacavit
871 2400 903 2429 in
924 2408 973 2433 ca,
996 2398 1056 2429 tibi
1076 2399 1151 2436 jure
1171 2398 1267 2428 debi-

258 2458 339 2492 tam,
363 2456 428 2486 sibi
448 2456 524 2486 fecit
541 2455 654 2485 minus
671 2455 761 2493 juste
786 2453 941 2483 conferri.
956 2453 1108 2491 Cumque
1125 2453 1161 2482 tu
1180 2455 1267 2490 post-

259 2510 407 2546 modum,
435 2508 639 2548 prebendam
663 2508 771 2546 ipsam
798 2507 858 2537 tibi
880 2506 1056 2545 postulans
1081 2505 1266 2543 assignari,

258 2572 359 2602 super
389 2562 453 2592 hiis
481 2562 634 2592 libellum
669 2561 756 2600 parti
784 2561 923 2591 adverse
954 2568 1065 2590 coram
1094 2559 1267 2589 cardinale

257 2617 386 2656 prefato
410 2616 588 2655 injudicio
611 2615 833 2654 porrexisses,
859 2614 993 2644 tandem
1012 2613 1069 2643 lite
1094 2621 1195 2652 super
1215 2622 1268 2643 eo-

257 2670 333 2700 dem
348 2669 462 2700 libello
477 2669 625 2708 legitime
641 2669 827 2698 contestata
842 2669 874 2697 et
892 2668 1031 2705 utraque
1047 2667 1141 2704 parte
1155 2665 1268 2705 litigia

257 2723 363 2754 vitare
378 2722 521 2758 volente,
532 2724 579 2758 tu,
597 2730 656 2760 pro
666 2723 708 2757 10,
726 2719 1106 2759 etmagisterHenricus
1120 2719 1159 2749 110
1175 2719 1268 2749 Lici·-

258 2778 317 2807 nut
333 2776 486 2812 clericus,
506 2776 701 2814 procurator
723 2774 860 2812 capituli
884 2775 914 2803 et
934 2773 1079 2803 XValteri
1098 2772 1267 2811 predicto—

258 2839 344 2864 rum,
373 2838 431 2868 pro
454 2829 504 2859 eis
525 2838 542 2858 a
565 2828 687 2866 quibus
711 2827 751 2857 ad
769 2826 1036 2865 componendum
1059 2827 1267 2864 0100111010-

258 2883 458 2914 mitteudum
485 2882 630 2920 speciale
657 2881 851 2911 mandatum
879 2879 1032 2916 habebat,
1057 2879 1090 2909 111
1122 2879 1267 2909 eundem

256 2935 473 2972 cardinalem,
493 2943 593 2974 super
615 2935 703 2965 dicta
731 2933 898 2973 prebenda
922 2933 1061 2972 ejusque
1083 2931 1264 2969 fructibus,

1020 235 1264 267 REGISTRES
1291 236 1504 268 D’URBAIN
1535 237 1592 268 IV.

1336 322 1509 361 tamquam
1542 322 1575 352 in
1609 322 1787 359 arbitrum,
1817 322 2053 354 arbitratorem
2081 327 2113 354 et
2131 324 2346 355 amicabilem

1335 375 1611 414 compositorem,
1627 375 1691 406 sub
1711 377 1803 406 certa
1827 385 1925 414 pena,
1941 377 1976 406 in
1997 378 2192 416 juramento
2208 377 2348 408 nichilo-

1336 428 1449 458 minus
1471 428 1548 458 hinc
1567 428 1644 458 inde
1659 429 1813 467 prestito,
1828 431 1946 468 sponte
1965 430 2238 468 compromittere
2255 439 2346 461 cura-

1335 481 1447 518 vistis,
1462 481 1680 517 ordinationi,
1698 481 1809 518 laudo,
1830 482 2040 518 diffinitioni,
2059 483 2225 513 voluntati
2249 485 2281 514 et
2298 492 2348 514 ar-

1335 534 1437 565 bitrio
1473 535 1546 573 ejus
1583 543 1685 573 super
1720 535 1781 565 hoc
1806 544 1866 565 vos
1890 536 2040 566 totaliter
2068 536 2348 576 sum[m]ittentes

1335 587 1401 617 sibi
1415 587 1656 618 nichilominus
1676 590 1841 626 potestate
1853 588 2034 627 Judiciaria
2054 591 2236 619 reservata.
2255 589 2347 620 Idem

1335 649 1414 671 vero
1440 641 1635 677 cardinalis,
1666 644 1799 680 recepto
1827 641 2021 681 hujusmodi
2045 642 2303 681 compromisso,
2331 651 2350 672 a

1335 694 1434 724 nobis
1458 695 1647 731 ordinandi,
1681 695 1893 733 providendi,
1927 695 2110 731 statuendi,
2142 695 2347 732 diffiniendi,

1333 748 1575 786 pronuntiandi
1599 749 1630 778 et
1656 747 1844 778 arbitrandi
1867 756 1968 787 super
1986 748 2058 784 hoc,
2078 751 2176 787 prout
2193 748 2259 778 sibi
2279 757 2345 779 me-

1334 800 1402 830 lius
1420 800 1531 831 visum
1552 800 1649 837 foret,
1674 801 1873 831 auctoritate
1889 803 1921 831 et
1936 801 2089 839 plenaria
2108 803 2274 840 potestate
2291 800 2349 832 ob-

1334 854 1437 884 tentis
1456 863 1492 884 ac
1509 854 1635 884 auditis
1661 863 1724 893 que
1743 856 1856 892 partes
1880 863 1992 884 coram
2018 863 2056 884 eo
2079 863 2266 893 proponere
2291 863 2346 885 vo-

1334 907 1481 944 luerunt,
1506 907 1684 937 observato
1707 907 1795 946 juris
1819 907 1935 938 ordine
1960 916 1996 937 ac
2017 910 2049 938 te
2075 909 2106 938 et
2128 909 2347 946 procuratore

1334 960 1408 998 ipso
1425 960 1652 999 presentibus,
1678 961 1878 991 auctoritate
1903 962 2018 991 nostra
2036 961 2070 990 in
2088 960 2149 991 hac
2166 962 2260 1000 parte
2279 959 2346 991 sihi

1334 1014 1527 1049 commissa,
1554 1014 1683 1050 statuit,
1710 1014 1870 1044 diffinivit
1896 1016 1994 1053 atque
2021 1014 2169 1053 providit
2195 1014 2285 1053 quod
2310 1016 2347 1045 tu

1333 1067 1510 1106 recipiaris
1537 1067 1571 1096 in
1596 1067 1712 1097 eadem
1740 1067 1883 1098 ecclesia
1912 1069 2027 1098 sancte
2051 1068 2170 1098 Crucis
2200 1067 2241 1097 ab
2270 1067 2346 1106 ipso

1333 1120 1481 1159 capitulo
1498 1121 1532 1150 in
1546 1121 1743 1150 canonicum
1758 1122 1790 1151 et
1807 1121 1841 1151 in
1858 1121 1997 1151 fratrem
2014 1123 2044 1151 et
2064 1121 2153 1160 quod
2170 1122 2207 1151 tu
2220 1120 2346 1151 dictam

1332 1173 1551 1212 prebendam,
1566 1173 1606 1204 de
1631 1182 1696 1212 qua
1713 1173 1886 1213 agebatur,
1897 1174 2022 1204 habeas
2039 1175 2070 1204 et
2090 1173 2243 1204 obtineas
2255 1174 2347 1213 paci-

1332 1226 1392 1257 fice
1419 1228 1451 1256 et
1467 1226 1592 1265 quiete,
1615 1227 1792 1266 ipsamque
1811 1227 2064 1262 nichilominus,
2079 1236 2154 1257 cum
2173 1227 2246 1257 suis
2262 1227 2344 1265 juri-

1331 1279 1395 1309 bus
1415 1281 1447 1310 et
1463 1279 1744 1318 pertinentiis,ad
1763 1281 1795 1310 te
1810 1282 1963 1319 spectare
1979 1282 2011 1310 et
2031 1280 2200 1318 pertinere
2215 1280 2256 1310 de
2269 1279 2346 1319 jure

1332 1333 1508 1363 declarans
1525 1335 1557 1363 et
1574 1333 1823 1363 sententialiter
1845 1333 1906 1363 tibi
1932 1333 2129 1372 adjudicans
2153 1335 2252 1372 atque
2269 1341 2348 1363 con-

1332 1387 1456 1423 ferens,
1480 1386 1568 1417 dicto
1596 1387 1760 1425 magistro
1784 1387 1939 1417 XValtero
1960 1388 2162 1425 perpetuum
2182 1386 2347 1425 imposuit

1333 1440 1508 1470 silentium
1541 1448 1643 1478 super
1672 1448 1722 1475 ea,
1754 1442 1853 1478 prout
1885 1440 1918 1469 in
1950 1439 2085 1478 publico
2104 1440 2343 1474 instrumento,

1332 1493 1484 1523 confecto
1511 1494 1632 1523 exinde
1650 1502 1685 1523 ac
1703 1493 1817 1532 sigillo
1837 1493 2019 1523 cardinalis
2037 1493 2179 1532 predicti
2199 1493 2344 1532 signato,

1332 1547 1468 1585 plenius
1494 1547 1697 1577 continetur.
1722 1546 1792 1576 Nos
1815 1547 2023 1585 itaque‚tuis
2037 1546 2344 1586 supplicationibus

1332 1600 1496 1636 inclinati,
1518 1600 1607 1639 quod
1626 1600 1666 1630 ab
1690 1600 1807 1630 eodem
1824 1600 1993 1630 cardinale
2022 1609 2124 1639 super
2139 1600 2206 1629 hiis
2225 1608 2285 1638 pro
2310 1601 2343 1630 te

1330 1653 1455 1684 factum
1479 1655 1541 1687 est,
1560 1655 1669 1683 ratum
1688 1655 1720 1683 et
1746 1654 1879 1683 lirnium
1901 1653 2074 1687 habentes,
2094 1653 2127 1683 id
2145 1653 2344 1683 auctoritate

1331 1707 1516 1746 apostolica
1532 1707 1773 1737 confirmamus
1790 1710 1821 1737 et
1836 1707 2005 1745 presentis
2024 1707 2141 1745 scripti
2159 1706 2345 1745 patrocinio

1330 1760 1592 1791 communimus.
1618 1761 1785 1790 Tenorem
1802 1764 1914 1790 autem
1936 1760 2046 1798 ipsius
2067 1759 2286 1790 instrumenti
2305 1759 2344 1790 de

1331 1813 1432 1844 verbo
1458 1814 1497 1843 ad
1524 1813 1663 1844 verbum
1686 1813 1902 1852 presentibus
1932 1813 2074 1843 fecimus
2095 1813 2260 1846 annotari,
2286 1813 2344 1852 qui

1330 1867 1409 1898 talis
1427 1869 1477 1897 est
1495 1878 1500 1897 :

1371 1921 1585 1951 «innomine
1601 1921 1737 1951 Domini
1754 1929 1861 1950 amen.
1875 1920 2073 1950 Presidente
2084 1919 2226 1950 rationis
2239 1920 2340 1958 impe·

1329 1975 1378 2005 rio
1399 1992 1446 2003 -.
1465 1974 1562 2007 Sane,
1579 1983 1653 2003 cum
1673 1974 1846 2003 Amandus
1863 1973 1902 2003 de
1923 1973 2083 2007 Castello,
2100 1973 2268 2011 presbiter
2283 1972 2342 2003 Ca-

1329 2027 1535 2057 meracensis
1551 2027 1709 2060 diocesis.
1729 2027 1769 2056 ad
1794 2050 1800 2055 .
1819 2050 1825 2056 .
1849 2028 2056 2064 prepositum
2079 2025 2220 2055 ecclesie
2246 2025 2344 2056 81011-

1329 2080 1469 2115 niensis,
1487 2088 1588 2118 super
1604 2080 1794 2118 1011011000
1814 2088 1849 2108 110
1864 2079 2058 2117 provisione
2077 2078 2183 2108 suain
2201 2078 2343 2108 ecclesia

1328 2134 1442 2162 sancte
1463 2132 1581 2162 Crucis
1603 2132 1870 2166 Cameracensis,
1890 2132 2098 2162 sanctissimi
2118 2132 2225 2170 patris
2239 2134 2269 2162 et
2288 2131 2343 2162 do-

1326 2239 1431 2269 torias
1444 2239 1670 2277 impetrasset,
1686 2239 1821 2268 tandem
1839 2263 1844 2268 .
1861 2263 1866 2268 .
1885 2238 2004 2268 abbate
2020 2238 2218 2268 monasterii
2234 2237 2342 2268 sancti

1326 2292 1458 2322 Audi-ec
1480 2292 1518 2322 do
1548 2292 1708 2327 Castello,
1732 2291 1882 2330 ejusdem
1904 2292 2061 2327 diocesis,
2088 2292 2140 2321 cui
2161 2291 2249 2321 idem
2269 2299 2341 2330 pre-

1325 2346 1457 2384 positus
1471 2354 1572 2384 super
1587 2345 1661 2381 hoc,
1675 2354 1706 2383 pi
1717 2347 1771 2375 out
1787 2354 1828 2374 ex
1846 2347 1961 2374 tenore
1980 2344 2172 2375 litterarum
2188 2344 2340 2383 ipsarum

1325 2400 1467 2437 poterat,
1488 2399 1703 2428 commiserat
1721 2399 1812 2427 vices
1835 2407 1926 2433 suas,
1949 2398 2120 2428 inhibente
2141 2397 2341 2428 auctoritate

1325 2452 1514 2482 litterarum
1532 2451 1726 2491 hujusmodi
1745 2451 1893 2490 capitulo
1906 2452 2055 2490 predic-te
2068 2451 2209 2481 ecclesie
2224 2453 2340 2481 sancte

1325 2505 1443 2535 Crucis
1467 2514 1507 2535 110
1523 2505 1562 2535 de.
1586 2504 1768 2543 prebenda.
1797 2504 1825 2534 si
1848 2513 1913 2542 qua
1930 2503 2055 2534 ibidem
2077 2511 2195 2533 vacare
2213 2503 2338 2533 contin-

1324 2561 1425 2598 geret,
1442 2558 1542 2588 alicui
1559 2558 1785 2597 providerent,
1798 2566 1874 2587 cum
1888 2557 2072 2587 intenderet
2092 2557 2131 2587 de
2142 2557 2215 2595 ipsa
2229 2556 2339 2587 eidem

1324 2611 1645 2651 p1·csb)·tei·o‚Juxta
1671 2611 1866 2641 mandatum
1895 2610 2132 2649 apostolicum,
2147 2609 2338 2648 providere,

1324 2666 1401 2695 licet
1419 2665 1499 2695 dicti
1524 2664 1710 2703 capitulum
1731 2666 1867 2702 propter
1890 2663 1950 2693 hoc
1974 2663 2016 2693 ad
2039 2663 2154 2693 sedem
2179 2662 2339 2702 apostoli-

1324 2728 1396 2749 cam
1419 2718 1660 2757 appellassent,
1682 2717 1746 2756 ipsi
1766 2719 1880 2747 tamen
1899 2726 1959 2756 per
1982 2725 2038 2746 sex
2058 2725 2195 2746 menses
2219 2718 2249 2746 et
2269 2724 2339 2746 am-

1324 2772 1414 2811 plius
1433 2771 1695 2810 appellationem
1714 2770 1907 2810 hujusmodi
1922 2770 2084 2809 prosequi
2102 2769 2334 2808 neglexerunt.

1324 2828 1475 2864 Cumque
1491 2824 1602 2854 medio
1619 2826 1772 2863 tempore
1789 2823 1958 2863 quondam
1978 2823 2140 2853 Nicolaus
2157 2823 2197 2853 de
2215 2821 2337 2852 Monti-

1322 2878 1397 2915 bus,
1420 2878 1549 2917 presate
1575 2877 1716 2907 ecclesie
1747 2879 1860 2907 sancte
1891 2876 2008 2907 Crucis
2035 2876 2226 2908 canonicus.
2247 2875 2335 2914 apud

1321 2932 1462 2963 eandem
1476 2931 1590 2962 sedem
1608 2931 1698 2961 viam
1715 2930 1836 2960 fuisset
1851 2930 2009 2960 universe
2024 2929 2135 2959 carnis
2147 2929 2334 2968 ingressus,
