2519 3262
1008 210 1248 248 'PROISIEME
1277 210 1441 247 ANNEE.

273 303 371 334 2395

721 301 846 334 Orvieto,
864 302 898 329 23
915 302 1031 328 octobre
1047 302 1125 329 1263.

221 385 441 420 Archiepiscopo
459 385 616 412 Turonensi
633 385 763 412 concedit
777 385 941 412 facultatem
960 385 1154 420 «providendi
1169 385 1197 411 in

185 434 304 469 singulis
331 435 460 462 ecclesiis
487 434 648 469 collegiatis
676 442 725 461 sue
749 434 893 469 provincie
924 433 1043 468 singulis
1068 433 1198 468 personis

183 483 302 518 ydoneis
319 484 352 510 de
369 484 472 518 quibus
490 483 593 510 viderit
611 483 755 518 expedire,
772 483 929 510 dummodo
946 482 1059 509 illorum
1078 483 1113 508 ad
1128 489 1198 516 quos

185 532 213 558 in
231 533 341 559 eisdem
364 532 493 560 ecclesiis
512 535 623 567 spectat
640 532 756 559 collatio
780 532 1007 566 praebendarum
1023 531 1058 557 ad
1077 531 1104 557 id
1120 538 1199 557 acce-

184 582 232 608 dat
247 589 393 613 assensus,
405 582 438 608 dc
455 582 625 609 canonicatu
640 584 668 608 et
686 581 849 615 prebendis,
862 580 885 607 si
901 588 953 615 que
972 580 1077 606 ibidem
1095 582 1199 606 vacant

186 631 221 657 ad
248 639 364 665 presens
383 630 427 657 vel
459 630 674 665 quamprimum
699 631 734 657 ad
758 630 785 656 id
810 638 839 656 sc
867 629 989 656 facultas
1017 627 1165 656 obtulerit.
1186 638 1200 653 »

187 680 265 715 (Rau.
285 681 328 710 29,
352 679 400 706 sol.
418 680 480 710 276,
498 687 529 706 n⁰
547 679 636 713 1424.)

227 796 241 815 ((
262 785 498 825 Arclziepiscopo
520 784 696 814 Turonensi.
716 784 759 815 Ut
780 783 1044 813 benivolentiam
1068 791 1134 822 qua
1148 800 1198 811 -.

187 840 309 869 Datum
339 839 427 878 apud
449 838 740 872 Urbemveterem,
764 846 785 867 x
806 837 971 867 kalendas
992 835 1198 870 novembris,

187 901 273 922 anno
291 892 402 922 tertio.
426 901 441 921 »

278 1072 377 1104 239ss
698 1069 822 1103 Orvieto,
846 1069 857 1095 l·
873 1069 1028 1095 novembre
1052 1069 1128 1096 1203.

221 1155 340 1183 Caulori
369 1154 509 1182 ecclesiae
534 1154 704 1182 Giennensis
731 1155 849 1181 mandat
875 1156 905 1180 ut
928 1154 1088 1181 Johannem
1112 1154 1199 1186 Petri,

187 1204 397 1240 portionarium
424 1203 564 1231 ecclesiae
587 1203 789 1235 Cordubensis,
810 1203 837 1230 in
852 1204 953 1230 eadem
972 1203 1093 1230 ecclesia
1110 1203 1138 1229 in
1157 1212 1200 1230 ca-

186 1254 322 1281 nonicum
340 1253 429 1288 recipi
444 1252 541 1280 faciat.
558 1253 637 1288 (Rae.
654 1253 698 1284 29,
716 1252 763 1279 sol.
783 1253 834 1280 276
853 1258 890 1286 v⁰‚
909 1257 939 1278 0ο
962 1252 1050 1287 1445.)

228 1372 291 1392 (1,.
315 1361 432 1391 cantori
459 1360 581 1390 ecclesie
610 1360 799 1391 Gicnnensz's.
832 1360 991 1392 Exhibita
1021 1360 1119 1391 nobis
1152 1361 1200 1390 di-

187 1416 265 1446 lecti
284 1415 346 1444 filii
364 1414 529 1445 Johannis
545 1414 648 1449 Petri,
674 1414 874 1452 portionarii
905 1413 1046 1444 ecclesie
1073 1406 1215 1444 Cordu-'

189 1469 317 1504 bensis,
333 1468 450 1506 petitio
475 1466 668 1498 continebat
685 1467 774 1506 quod
792 1467 873 1497 olim
890 1466 1077 1497 venerabili
1097 1467 1200 1498 fratre

190 1524 306 1553 nostro
327 1544 333 1550 .
350 1544 356 1550 .
370 1521 540 1560 episcopo,
552 1522 584 1551 et
598 1520 733 1551 dilectis
749 1520 831 1550 filiis
845 1520 992 1558 capitulo
1008 1520 1201 1551 Corduben-

187 1575 283 1605 sibus
304 1583 362 1614 per
388 1582 467 1604 suas
491 1573 589 1604 nobis
609 1573 742 1604 litteras
765 1573 1039 1612 supplicantibus
1066 1575 1103 1604 ut
1121 1583 1200 1604 eun-

188 1629 264 1659 dem
282 1627 531 1667 portionarium
546 1627 579 1657 in
597 1627 707 1665 ipsius
724 1627 864 1657 ecclesie
882 1627 1081 1656 canonicum
1096 1627 1201 1666 recipi

189 1682 441 1715 mandaremus,
469 1689 530 1711 nos
553 1680 616 1710 tibi
646 1680 773 1710 nostris
793 1680 855 1710 sub
879 1681 969 1710 certa
988 1680 1096 1710 forma
1112 1680 1201 1710 dedi-

190 1744 265 1765 mus
293 1735 418 1765 litteris
437 1734 471 1764 in
497 1734 668 1764 mandatis
691 1735 727 1764 01
748 1733 875 1763 dictum
897 1733 1096 1769 ι1011000010,
1117 1734 1146 1763 31
1160 1733 1201 1764 ad

185 1788 246 1819 hoc
272 1787 456 1818 eorundem
484 1786 634 1825 episcopi
655 1788 686 1816 et
715 1786 854 1824 capituli
880 1794 1043 1816 assensus
1068 1786 1202 1816 accede-

188 1843 250 1878 ret,
269 1841 303 1871 in
317 1841 449 1880 prefata
466 1840 611 1870 ecclesia
628 1840 734 1877 recipi
752 1840 880 1869 faceres
901 1839 934 1869 in
949 1839 1148 1869 canonicum
1170 1840 1201 1870 01

188 1895 222 1925 in
254 1895 393 1924 fratrem
420 1893 518 1932 eique
547 1893 744 1932 provideres
775 1893 815 1922 de
841 1892 1012 1931 prebenda
1041 1894 1202 1923 consueta

187 1948 340 1987 eJusdem
357 1946 498 1977 ecclesie
517 1946 689 1976 canonicis
704 1946 884 1984 assignari,
902 1955 968 1976 non
985 1945 1138 1976 obstante
1149 1963 1199 1982 --,

186 2001 453 2032 contradictores
480 2017 530 2029 —.
549 2000 590 2030 Et
612 1999 691 2029 licet
707 1999 902 2030 nominatus
926 2000 1107 2038 episcopus
1128 2008 1199 2030 nec-

187 2063 254 2084 non
272 2054 419 2084 decanus
429 2055 461 2083 et
475 2053 581 2092 aliqui
592 2061 634 2083 ex
650 2052 822 2083 canonicis
839 2052 925 2082 dicte
941 2053 1083 2083 ecclesie
1093 2053 1201 2091 parati

188 2109 303 2138 essent
327 2107 517 2146 predictum
540 2106 789 2145 portionarium
809 2106 843 2136 in
862 2115 900 2136 ea
922 2106 1072 2145 recipere
1095 2106 1129 2136 in
1148 2115 1197 2137 ca-

187 2161 345 2191 nonicum
367 2161 398 2190 et
417 2161 451 2190 in
476 2159 627 2197 fratrem,
644 2160 769 2198 reliqui
796 2160 910 2190 tamen
928 2159 1038 2198 ipsius
1059 2159 1202 2190 ecclesie

188 2213 340 2245 canonici
369 2213 427 2252 qui
455 2215 487 2243 in
509 2213 658 2252 capitulo
674 2214 852 2252 presentes
871 2213 1017 2249 fuerant,
1035 2222 1109 2243 cum
1127 2222 1199 2252 pre-

188 2268 275 2298 dicte
293 2267 390 2298 nobis
410 2266 547 2297 fuerunt
566 2267 676 2298 littere
694 2267 875 2303 destinate,
889 2266 1056 2305 nobisque
1070 2276 1129 2306 per
1146 2275 1203 2297 003

188 2329 248 2360 pro
268 2320 385 2351 eodeni
401 2320 564 2356 Johanne‚
584 2321 615 2350 in
638 2320 728 2351 dicta
744 2320 938 2359 recipiendo
962 2320 1116 2354 ecclesia,
1138 2328 1204 2350 una

187 2382 265 2404 00111
284 2373 448 2412 predictis
466 2373 623 2412 episcopo
641 2374 673 2403 et
703 2373 781 2403 aliis
808 2373 1050 2412 supplicarunt,
1074 2376 1204 2404 mutata

190 2427 225 2457 in
242 2427 450 2457 contrarium
478 2426 663 2463 voluntate,
682 2426 814 2456 duobus
833 2426 911 2457 aliis
928 2427 1099 2457 canonicis
1117 2426 1204 2465 ejus-

189 2480 267 2510 dem
282 2479 436 2515 ecclesie,
449 2479 507 2518 qui
525 2481 605 2509 tunc
620 2479 784 2518 temporis
802 2479 955 2510 canonici
976 2480 1086 2518 ipsius
1102 2480 1204 2510 eccle-

190 2534 239 2563 sie
260 2541 326 2563 non
345 2534 451 2568 erant,
471 2533 505 2562 in
528 2532 589 2562 hoc
613 2533 663 2562 eis
689 2532 942 2569 adherentibus,
962 2542 1038 2563 eum
1055 2533 1204 2572 recipere

190 2595 250 2626 pro
277 2595 336 2616 sue
356 2585 542 2616 voluntatis
574 2585 672 2616 libito
704 2588 916 2616 recusarunt.
950 2586 1061 2622 Quare
1095 2586 1205 2616 dictus

192 2639 365 2670 ,lohannes
384 2639 424 2669 ad
441 2639 664 2678 apostolicam
684 2639 798 2669 sedem
818 2648 1009 2674 recurrens,
1030 2638 1127 2669 nobis
1146 2639 1206 2669 hu-

192 2694 320 2724 militer
336 2693 542 2732 supplicavit
558 2694 605 2728 ut,
620 2701 695 2722 cum
713 2693 798 2731 ipse,
810 2692 985 2722 occasione
997 2692 1204 2731 hujusmodi,

192 2747 327 2777 labores
353 2746 531 2785 pertulerit
549 2748 581 2776 01
607 2754 786 2784 expensas,
807 2747 839 2775 et
862 2745 1025 2775 beneficio
1043 2746 1117 2784 ipso
1141 2754 1207 2775 non

194 2800 303 2838 decipi
329 2799 507 2829 conveniat
526 2799 587 2829 sed
611 2798 736 2837 juvari,
754 2800 891 2837 propter
915 2798 1004 2837 quod
1022 2807 1208 2837 congruum

193 2853 310 2883 existit
325 2854 361 2883 ut
378 2853 412 2882 in
430 2853 519 2883 dicta
535 2852 678 2883 ecclesia
697 2852 914 2891 provideatur
931 2851 1040 2882 eidem
1058 2860 1119 2890 pro
1143 2860 1208 2890 quo

195 2906 318 2945 prefati
341 2906 520 2945 episcopus
539 2906 570 2936 et
591 2905 777 2945 capitulum
798 2904 998 2944 suppliciter
1016 2905 1210 2943 precamina

2208 220 2267 249 403

1258 301 1330 330 suis
1347 301 1483 337 litteris,
1501 302 1536 331 ut
1560 300 1757 339 predicitur,
1779 302 2014 338 porrexerunt,
2034 301 2211 339 providere
2234 303 2267 332 in

1256 354 1315 384 1100
1335 356 1428 392 parte
1454 354 1520 383 sibi
1551 354 1591 383 de
1618 353 1823 392 benignitate
1851 354 2037 392 apostolica
2056 363 2264 385 curaremus.

1255 407 1305 436 Ne
1324 407 1426 445 igitur
1444 407 1586 445 predicti
1606 407 1694 437 circa
1711 407 1938 445 receptionem
1962 407 2072 445 ipsius
2089 407 2266 442 doh-annis,

1256 460 1418 490 mutando
1446 460 1559 490 taliter
1588 463 1665 490 vota
1693 469 1753 489 sua
1784 460 1966 489 secundum
1996 469 2059 498 que
2079 460 2176 490 nobis
2209 470 2268 499 pro

1258 513 1342 551 ipso,
1363 514 1399 543 ut
1422 513 1609 551 predictum
1633 514 1695 549 est,
1723 513 1970 551 supplicarunt,
1990 513 2087 543 nobis
2114 514 2267 543 illusisse

1257 566 1452 605 probentur,
1471 575 1532 596 nos
1548 566 1656 596 eidem
1674 566 1818 596 ,Iohanni
1838 568 1978 604 paterno
1994 575 2094 604 super
2112 566 2172 596 hoc
2182 575 2268 596 com·

1257 620 1425 658 patientes
1455 620 1584 653 affectu,
1617 628 1654 649 ac
1682 619 1835 649 volentes
1868 628 1943 649 eum
1965 619 2077 649 favore
2108 620 2269 658 prosequi

1258 673 1410 711 speciali,
1436 673 1633 703 discretioni
1661 676 1715 703 tue
1746 673 1946 702 mandamus
1973 674 2151 710 quatenus5
2173 672 2201 702 si
2219 673 2270 702 est

1258 727 1315 759 ita,
1332 735 1398 756 non
1416 725 1631 756 obstantibus
1650 725 1829 764 premissis
1849 728 1905 755 aut
1925 725 1953 754 si
1977 725 2011 754 in
2028 725 2144 755 eadem
2167 725 2269 755 eccle-

1259 779 1310 809 sia
1328 781 1406 809 sunt
1436 779 1621 818 apostolica
1645 779 1771 817 scripta
1799 779 1926 808 directa
1949 787 2008 817 pro
2038 778 2129 811 aliis,
2146 777 2270 817 quibus

1258 832 1417 862 nolumus
1443 832 1642 862 auctoritate
1670 831 1881 870 presentium
1913 831 2136 870 prejudicium
2171 839 2271 870 gene-

1258 885 1337 922 rari,
1355 885 1497 915 eundem
1515 885 1701 915 Johannem
1728 885 1928 915 auctoritate
1948 886 2075 920 nostra,
2092 893 2151 923 per
2166 886 2197 914 10
2216 884 2269 914 vel

1258 947 1318 977 per
1335 939 1491 974 alium,in
1509 938 1651 968 ecclesia
1669 938 1863 976 supradicta
1881 938 1985 976 recipi
2003 937 2106 967 facias
2124 937 2156 966 in
2174 946 2272 967 cano—

1259 993 1371 1022 nicum
1389 993 1420 1022 et
1440 992 1473 1022 in
1491 992 1631 1022 fratrem
1659 991 1793 1030 sibique
1810 992 1926 1030 parato
1947 990 2151 1029 prebendam
2170 999 2271 1029 quam

1258 1047 1419 1084 tanquam
1443 1045 1652 1084 portionario
1680 1044 1748 1084 (sic)
1770 1045 1803 1074 in
1832 1044 1948 1074 eadem
1967 1043 2109 1073 ecclesia
2129 1043 2269 1079 obtinet,

1259 1099 1441 1134 dimittere,
1466 1108 1540 1128 cum
1565 1098 1771 1137 prebendam
1805 1098 1844 1127 de
1871 1106 1936 1136 qua
1963 1097 1992 1127 ei
2026 1097 2271 1135 luirovidendum

1259 1153 1409 1188 duxeris5
1425 1152 1525 1182 fuerit
1543 1154 1731 1186 assecutus,
1750 1151 1790 1181 de
1804 1150 1975 1190 prebenda
1997 1150 2141 1180 conferri
2162 1150 2272 1188 ipsius

1259 1206 1400 1236 ecclesie
1428 1206 1599 1236 canonicis
1629 1206 1801 1241 consueta,
1831 1205 1860 1234 si
1880 1205 1975 1234 vacat
1994 1203 2119 1234 ibidem
2141 1203 2181 1233 ad
2198 1212 2272 1241 pre-

1260 1268 1338 1289 sens
1354 1259 1407 1290 vel
1425 1259 1676 1298 quamprimum
1694 1258 1734 1288 ad
1749 1258 1782 1288 id
1800 1266 1835 1288 se
1853 1257 1995 1288 facultas
2014 1256 2184 1292 obtulerit,
2199 1264 2271 1294 pro-

1259 1313 1373 1343 videre
1400 1321 1573 1351 procures,
1602 1312 1670 1342 nisi
1697 1320 1756 1350 pro
1775 1313 1869 1350 parte
1896 1311 2125 1349 predictorum
2143 1310 2273 1348 aliquid

1260 1365 1462 1397 rationabile
1491 1366 1705 1405 propositum
1731 1365 1832 1395 fuerit
1859 1367 1890 1395 et
1915 1364 2095 1403 probatum
2117 1372 2219 1402 quare
2239 1363 2273 1392 id

1259 1420 1332 1450 fieri
1359 1429 1426 1450 non
1449 1419 1567 1450 debeat
1593 1420 1645 1450 vel
1675 1428 1741 1450 non
1771 1419 1891 1458 possit.
1922 1418 2195 1449 Contradictores
2222 1434 2271 1446 -.

1258 1474 1383 1504 Datum
1399 1474 1487 1512 apud
1498 1473 1788 1507 Urbemveterem,
1807 1482 1827 1502 11
1839 1480 1944 1502 nonas
1962 1470 2169 1506 novembris,
2185 1478 2271 1500 anno

1258 1527 1370 1558 tertio.
1392 1538 1406 1555 >1

1753 1661 1877 1695 Orvicto,
1895 1662 1929 1688 23
1947 1661 2100 1687 decembre
2121 1659 2198 1687 1263.

1350 1665 1446 1695 2397

1295 1749 1433 1783 Episcopo
1460 1747 1617 1774 Lodovensi
1643 1748 1766 1774 mandat·
1781 1750 1808 1773 ut
1831 1746 1954 1773 Johanui
1973 1747 2006 1772 de
2027 1745 2190 1775 Cabamcio,
2217 1744 2271 1771 cle-

1258 1798 1327 1829 rico,
1344 1798 1455 1825 nullum
1479 1796 1570 1823 adhuc
1595 1796 1767 1823 beneficium
1792 1795 2022 1822 ecclesiasticum
2045 1795 2148 1828 adepto
2172 1797 2199 1820 01
2222 1801 2272 1827 per

1259 1847 1433 1881 magistrum
1459 1846 1586 1878 Petrum,
1615 1845 1851 1871 archidiaconum
1879 1844 2059 1870 Bruliensem
2088 1843 2117 1869 in
2151 1842 2273 1869 ccclesia

1259 1895 1434 1930 Agenncnsi,
1459 1894 1633 1921 familiarem
1652 1893 1784 1928 magistri
1804 1893 1949 1920 Michaelis
1970 1893 2003 1919 de
2020 1893 2133 1923 Tolosa,
2150 1891 2272 1918 Sanctae

1259 1945 1404 1971 Romanae
1426 1943 1563 1970 ccclesiae
1586 1941 1815 1969 vicecancellarii
1845 1941 2031 1972 familiarem,
2056 1941 2220 1967 examinato
2244 1942 2271 1967 et

1259 1993 1360 2021 idodeo
1377 1995 1503 2027 reperto,
1519 1993 1552 2019 de
1572 1991 1695 2018 ecelesia
1710 2000 1734 2018 s.
1752 1991 1829 2018 Petri
1851 1992 1885 2017 de
1913 1990 2101 2024 Granopiaco,
2127 1990 2270 2016 Lodoven—

1260 2043 1298 2070 sis
1314 2042 1447 2076 diocesis,
1470 2042 1619 2076 providere
1633 2043 1777 2076 procuret.
1797 2040 1876 2075 (Rau.
1891 2041 1935 2073 29,
1953 2039 2003 2066 sol.
2020 2040 2083 2071 277,
2097 2044 2128 2065 n⁰
2145 2039 2237 2065 1440.)

1299 2152 1316 2173 (1
1342 2164 1367 2171 ..
1386 2141 1524 2182 episcopo
1550 2140 1719 2170 Lodovensi
1735 2141 1754 2171 ¹.
1775 2140 1873 2175 Cum,
1895 2139 1982 2169 sicut
2011 2138 2203 2176 accepimus
2220 2154 2270 2165 —.

1259 2197 1383 2226 Datum
1395 2195 1484 2235 apud
1498 2194 1787 2227 Urbemveterem,
1798 2202 1821 2223 x
1834 2192 1997 2223 kalendas
2012 2191 2172 2231 januarii,
2186 2198 2272 2220 anno

1260 2250 1371 2280 tertio.
1393 2258 1410 2278 »

1749 2383 1874 2414 Orvieto,
1894 2383 1927 2408 26
1946 2381 2100 2408 novembre
2124 2381 2201 2407 12133.

1351 2388 1449 2418 2398

1297 2465 1413 2493 Cantori
1432 2463 1614 2492 l'lixboneusi
1637 2464 1756 2490 mundat
1778 2465 1807 2489 ut
1835 2461 1957 2488 Johanni
1978 2461 2082 2495 Egone,
2108 2460 2274 2495 presbytero

1262 2515 1438 2551 portion-ario
1461 2513 1598 2541 ecclesiae
1626 2522 1649 2539 s.
1677 2511 1781 2538 Mariae
1806 2511 1840 2537 dc
1862 2510 1980 2544 Sintria,
2006 2509 2159 2536 ecclesiam
2183 2518 2206 2536 s.
2231 2509 2274 2535 Jo-

1262 2565 1366 2591 hannis
1393 2564 1426 2590 de
1451 2561 1639 2597 Rivomujori.
1669 2559 1870 2587 L'lixbonensis
1899 2558 2035 2588 diocesis,
2062 2566 2118 2585 000
2140 2558 2274 2584 obstante

1263 2613 1401 2640 laicorum
1429 2612 1475 2648 jus
1500 2612 1667 2646 patronatus
1694 2609 1863 2636 habentium
1888 2607 2125 2637 contradictione,
2146 2606 2276 2634 conferre

1263 2664 1404 2698 procuret.
1424 2662 1502 2694 (11130.
1522 2661 1566 2691 29,
1586 2659 1633 2686 501.
1651 2660 1713 2689 277,
1731 2664 1761 2684 n⁰
1776 2658 1867 2692 1447.)

1304 2770 1321 2790 «
1340 2758 1468 2800 antori
1487 2755 1609 2787 ecclesie
1634 2754 1856 2785 Lv'limmzensis.
1874 2754 2028 2784 Dilectus
2046 2753 2138 2783 filius
2154 2753 2278 2784 Johan-

1297 2870 1320 2892 1.
1339 2868 1377 2891 Le
1396 2865 1556 2890 manuscrit
1573 2866 1653 2895 porte
1670 2862 1858 2889 Londoniens1‘3
1875 2861 1948 2885 mais
1966 2861 1991 2884 le
2010 2863 2084 2885 texte
2106 2859 2213 2884 semble
2235 2860 2278 2884 in-

1266 2911 1368 2942 diquer
1384 2910 1455 2942 qu'il
1473 2909 1550 2934 101110
1567 2907 1695 2938 corriget·
1712 2906 1862 2931 Loelovensi.
