<?xml version="1.0" encoding="UTF-8"?>
<!DOCTYPE html PUBLIC "-//W3C//DTD XHTML 1.0 Transitional//EN"
    "http://www.w3.org/TR/xhtml1/DTD/xhtml1-transitional.dtd">
<html xmlns="http://www.w3.org/1999/xhtml" xml:lang="en" lang="en">
 <head>
  <title>
</title>
<meta http-equiv="Content-Type" content="text/html;charset=utf-8" />
  <meta name='ocr-system' content='tesseract 3.04.00' />
  <meta name='ocr-capabilities' content='ocr_page ocr_carea ocr_par ocr_line ocrx_word'/>
</head>
<body>
  <div class='ocr_page' id='page_1' title='image "./lesregistresdurb34cath/lesregistresdurb34cath_0231.png"; bbox 0 0 2519 3262; ppageno 0'>
   <div class='ocr_carea' id='block_1_1' title="bbox 1054 187 1483 225">
    <p class='ocr_par' dir='ltr' id='par_1_1' title="bbox 1054 187 1483 225">
     <span class='ocr_line' id='line_1_1' title="bbox 1054 187 1483 225; baseline -0.005 0"><span class='ocrx_word' id='word_1_1' title='bbox 1054 187 1292 225; x_wconf 73' lang='lat' dir='ltr'>TROISIEME</span> <span class='ocrx_word' id='word_1_2' title='bbox 1321 187 1483 224; x_wconf 71' lang='lat' dir='ltr'>ANNEE.</span> 
     </span>
    </p>
   </div>
   <div class='ocr_carea' id='block_1_2' title="bbox 224 279 1236 416">
    <p class='ocr_par' dir='ltr' id='par_1_2' title="bbox 224 279 1236 416">
     <span class='ocr_line' id='line_1_2' title="bbox 267 279 1235 320; baseline 0.001 -12"><span class='ocrx_word' id='word_1_3' title='bbox 267 290 281 306; x_wconf 94' lang='lat'>«</span> <span class='ocrx_word' id='word_1_4' title='bbox 299 279 404 309; x_wconf 76' lang='lat' dir='ltr'>Electo</span> <span class='ocrx_word' id='word_1_5' title='bbox 423 281 559 310; x_wconf 73' lang='lat' dir='ltr'>Melensi.</span> <span class='ocrx_word' id='word_1_6' title='bbox 585 281 680 311; x_wconf 82' lang='lat' dir='ltr'>Circa</span> <span class='ocrx_word' id='word_1_7' title='bbox 704 290 816 311; x_wconf 77' lang='lat' dir='ltr'>curam</span> <span class='ocrx_word' id='word_1_8' title='bbox 843 280 1071 320; x_wconf 83' lang='lat' dir='ltr'>quarumlibet</span> <span class='ocrx_word' id='word_1_9' title='bbox 1091 297 1140 309; x_wconf 82' lang='lat'>—.</span> <span class='ocrx_word' id='word_1_10' title='bbox 1172 280 1235 310; x_wconf 87' lang='lat' dir='ltr'>Da-</span> 
     </span>
     <span class='ocr_line' id='line_1_3' title="bbox 224 333 1236 371; baseline -0.001 -9"><span class='ocrx_word' id='word_1_11' title='bbox 224 334 294 362; x_wconf 88' lang='lat' dir='ltr'>tum</span> <span class='ocrx_word' id='word_1_12' title='bbox 323 333 411 371; x_wconf 80' lang='lat' dir='ltr'>apud</span> <span class='ocrx_word' id='word_1_13' title='bbox 441 334 729 368; x_wconf 68' lang='lat' dir='ltr'>Urbemveterem,</span> <span class='ocrx_word' id='word_1_14' title='bbox 753 344 770 361; x_wconf 90' lang='lat' dir='ltr'>v</span> <span class='ocrx_word' id='word_1_15' title='bbox 799 334 963 364; x_wconf 79' lang='lat' dir='ltr'>kalendas</span> <span class='ocrx_word' id='word_1_16' title='bbox 995 333 1120 367; x_wconf 87' lang='lat' dir='ltr'>martii,</span> <span class='ocrx_word' id='word_1_17' title='bbox 1149 341 1236 361; x_wconf 85' lang='lat' dir='ltr'>anno</span> 
     </span>
     <span class='ocr_line' id='line_1_4' title="bbox 224 386 375 416; baseline -0.007 0"><span class='ocrx_word' id='word_1_18' title='bbox 224 386 335 416; x_wconf 64' lang='lat' dir='ltr'>tertio</span> <span class='ocrx_word' id='word_1_19' title='bbox 361 397 375 415; x_wconf 85' lang='grc'>))</span> 
     </span>
    </p>
   </div>
   <div class='ocr_carea' id='block_1_3' title="bbox 765 552 1164 583">
    <p class='ocr_par' dir='ltr' id='par_1_3' title="bbox 765 552 1164 583">
     <span class='ocr_line' id='line_1_5' title="bbox 765 552 1164 583; baseline 0 -5"><span class='ocrx_word' id='word_1_20' title='bbox 765 552 888 583; x_wconf 81' lang='lat' dir='ltr'>Orvieto,</span> <span class='ocrx_word' id='word_1_21' title='bbox 907 553 941 579; x_wconf 72' lang='lat'>26</span> <span class='ocrx_word' id='word_1_22' title='bbox 962 552 1066 578; x_wconf 70' lang='lat' dir='ltr'>sevrier</span> <span class='ocrx_word' id='word_1_23' title='bbox 1089 552 1164 578; x_wconf 70' lang='lat'>1204.</span> 
     </span>
    </p>
   </div>
   <div class='ocr_carea' id='block_1_4' title="bbox 321 557 413 587">
    <p class='ocr_par' dir='ltr' id='par_1_4' title="bbox 321 557 413 587">
     <span class='ocr_line' id='line_1_6' title="bbox 321 557 413 587; baseline 0 -1"><span class='ocrx_word' id='word_1_24' title='bbox 321 557 413 587; x_wconf 77' lang='lat'>1389</span> 
     </span>
    </p>
   </div>
   <div class='ocr_carea' id='block_1_5' title="bbox 219 636 1237 1888">
    <p class='ocr_par' dir='ltr' id='par_1_5' title="bbox 219 636 1237 1888">
     <span class='ocr_line' id='line_1_7' title="bbox 257 636 1236 666; baseline -0.004 0"><span class='ocrx_word' id='word_1_25' title='bbox 257 640 282 665; x_wconf 82' lang='lat' dir='ltr'>S.</span> <span class='ocrx_word' id='word_1_26' title='bbox 303 639 449 666; x_wconf 71' lang='lat' dir='ltr'><strong>Michaelis</strong></span> <span class='ocrx_word' id='word_1_27' title='bbox 475 642 500 665; x_wconf 85' lang='lat' dir='ltr'>et</span> <span class='ocrx_word' id='word_1_28' title='bbox 518 639 551 664; x_wconf 89' lang='lat' dir='ltr'>dc</span> <span class='ocrx_word' id='word_1_29' title='bbox 578 637 721 664; x_wconf 83' lang='lat' dir='ltr'>Belloloco</span> <span class='ocrx_word' id='word_1_30' title='bbox 741 638 861 664; x_wconf 82' lang='lat' dir='ltr'>abbates</span> <span class='ocrx_word' id='word_1_31' title='bbox 885 636 1071 663; x_wconf 73' lang='lat' dir='ltr'>Vir-(lunensis</span> <span class='ocrx_word' id='word_1_32' title='bbox 1091 639 1117 663; x_wconf 86' lang='lat' dir='ltr'>et</span> <span class='ocrx_word' id='word_1_33' title='bbox 1140 639 1236 663; x_wconf 83' lang='lat' dir='ltr'>canto-</span> 
     </span>
     <span class='ocr_line' id='line_1_8' title="bbox 223 685 1236 721; baseline -0.004 -6"><span class='ocrx_word' id='word_1_34' title='bbox 223 697 282 715; x_wconf 89' lang='lat' dir='ltr'>rem</span> <span class='ocrx_word' id='word_1_35' title='bbox 292 688 429 714; x_wconf 65' lang='lat' dir='ltr'>ecelesiae</span> <span class='ocrx_word' id='word_1_36' title='bbox 442 689 477 713; x_wconf 76' lang='lat' dir='ltr'>de</span> <span class='ocrx_word' id='word_1_37' title='bbox 487 686 651 721; x_wconf 77' lang='lat' dir='ltr'>Triangnlo.</span> <span class='ocrx_word' id='word_1_38' title='bbox 666 686 839 713; x_wconf 84' lang='lat' dir='ltr'>Senonensis</span> <span class='ocrx_word' id='word_1_39' title='bbox 849 686 1007 717; x_wconf 81' lang='lat' dir='ltr'>diocesmn,</span> <span class='ocrx_word' id='word_1_40' title='bbox 1020 686 1182 720; x_wconf 75' lang='lat' dir='ltr'>praedictae</span> <span class='ocrx_word' id='word_1_41' title='bbox 1198 685 1236 712; x_wconf 88' lang='lat' dir='ltr'>in-</span> 
     </span>
     <span class='ocr_line' id='line_1_9' title="bbox 222 734 1236 772; baseline -0.002 -10"><span class='ocrx_word' id='word_1_42' title='bbox 222 737 387 772; x_wconf 78' lang='lat' dir='ltr'>dulgentiae</span> <span class='ocrx_word' id='word_1_43' title='bbox 401 739 618 763; x_wconf 78' lang='lat' dir='ltr'>conservatores</span> <span class='ocrx_word' id='word_1_44' title='bbox 635 737 762 770; x_wconf 85' lang='lat' dir='ltr'>deputat.</span> <span class='ocrx_word' id='word_1_45' title='bbox 780 736 856 770; x_wconf 65' lang='lat' dir='ltr'>(lino.</span> <span class='ocrx_word' id='word_1_46' title='bbox 872 736 916 762; x_wconf 67' lang='lat'>29,</span> <span class='ocrx_word' id='word_1_47' title='bbox 934 734 982 762; x_wconf 88' lang='lat' dir='ltr'>fol.</span> <span class='ocrx_word' id='word_1_48' title='bbox 1000 735 1050 762; x_wconf 76' lang='lat'>124</span> <span class='ocrx_word' id='word_1_49' title='bbox 1062 741 1098 765; x_wconf 62' lang='grc' dir='ltr'>νο,</span> <span class='ocrx_word' id='word_1_50' title='bbox 1117 740 1146 761; x_wconf 81' lang='lat' dir='ltr'>n⁰</span> <span class='ocrx_word' id='word_1_51' title='bbox 1162 735 1236 765; x_wconf 72' lang='lat'>439.)</span> 
     </span>
     <span class='ocr_line' id='line_1_10' title="bbox 262 845 1236 877; baseline -0.002 0"><span class='ocrx_word' id='word_1_52' title='bbox 262 858 277 877; x_wconf 89' lang='lat'>«</span> <span class='ocrx_word' id='word_1_53' title='bbox 297 848 331 877; x_wconf 80' lang='lat' dir='ltr'>S.</span> <span class='ocrx_word' id='word_1_54' title='bbox 351 846 508 876; x_wconf 70' lang='lat' dir='ltr'><em>Michaelis</em></span> <span class='ocrx_word' id='word_1_55' title='bbox 527 851 579 876; x_wconf 84' lang='lat' dir='ltr'>et..</span> <span class='ocrx_word' id='word_1_56' title='bbox 611 846 645 876; x_wconf 84' lang='lat' dir='ltr'>de</span> <span class='ocrx_word' id='word_1_57' title='bbox 662 845 817 876; x_wconf 67' lang='lat' dir='ltr'>Bei&#39;lolcco</span> <span class='ocrx_word' id='word_1_58' title='bbox 846 845 1004 875; x_wconf 74' lang='lat' dir='ltr'>abbatibus</span> <span class='ocrx_word' id='word_1_59' title='bbox 1037 846 1236 876; x_wconf 69' lang='lat' dir='ltr'>Virdunensis</span> 
     </span>
     <span class='ocr_line' id='line_1_11' title="bbox 220 899 1233 939; baseline -0.001 -9"><span class='ocrx_word' id='word_1_60' title='bbox 220 906 247 930; x_wconf 84' lang='lat' dir='ltr'>et</span> <span class='ocrx_word' id='word_1_61' title='bbox 270 926 275 932; x_wconf 89' lang='lat'>.</span> <span class='ocrx_word' id='word_1_62' title='bbox 298 924 303 929; x_wconf 92' lang='lat'><em>.</em></span> <span class='ocrx_word' id='word_1_63' title='bbox 324 901 445 929; x_wconf 73' lang='lat' dir='ltr'>cantori</span> <span class='ocrx_word' id='word_1_64' title='bbox 464 899 587 929; x_wconf 78' lang='lat' dir='ltr'><em>ecclesie</em></span> <span class='ocrx_word' id='word_1_65' title='bbox 609 899 644 930; x_wconf 79' lang='lat' dir='ltr'>de</span> <span class='ocrx_word' id='word_1_66' title='bbox 672 899 849 939; x_wconf 72' lang='lat' dir='ltr'>Triangyulo,</span> <span class='ocrx_word' id='word_1_67' title='bbox 869 899 1054 929; x_wconf 78' lang='lat' dir='ltr'>Senonensis</span> <span class='ocrx_word' id='word_1_68' title='bbox 1073 900 1233 930; x_wconf 72' lang='lat' dir='ltr'>diocesani.</span> 
     </span>
     <span class='ocr_line' id='line_1_12' title="bbox 221 953 1237 992; baseline -0.001 -8"><span class='ocrx_word' id='word_1_69' title='bbox 221 954 319 984; x_wconf 82' lang='lat' dir='ltr'>Circa</span> <span class='ocrx_word' id='word_1_70' title='bbox 336 962 451 983; x_wconf 86' lang='lat' dir='ltr'>curam</span> <span class='ocrx_word' id='word_1_71' title='bbox 469 955 530 983; x_wconf 88' lang='lat' dir='ltr'>etc.</span> <span class='ocrx_word' id='word_1_72' title='bbox 550 961 658 992; x_wconf 85' lang='lat' dir='ltr'>usque</span> <span class='ocrx_word' id='word_1_73' title='bbox 678 953 880 983; x_wconf 71' lang='lat' dir='ltr'>releventur.</span> <span class='ocrx_word' id='word_1_74' title='bbox 902 954 985 983; x_wconf 85' lang='lat' dir='ltr'>Cum</span> <span class='ocrx_word' id='word_1_75' title='bbox 1005 953 1131 991; x_wconf 80' lang='lat' dir='ltr'>itaque,</span> <span class='ocrx_word' id='word_1_76' title='bbox 1150 953 1237 983; x_wconf 85' lang='lat' dir='ltr'>sicut</span> 
     </span>
     <span class='ocr_line' id='line_1_13' title="bbox 221 1006 1235 1040; baseline -0.001 -3"><span class='ocrx_word' id='word_1_77' title='bbox 221 1007 366 1038; x_wconf 84' lang='lat' dir='ltr'>dilectus</span> <span class='ocrx_word' id='word_1_78' title='bbox 383 1007 475 1036; x_wconf 88' lang='lat' dir='ltr'>filius</span> <span class='ocrx_word' id='word_1_79' title='bbox 504 1006 667 1037; x_wconf 87' lang='lat' dir='ltr'>Metensis</span> <span class='ocrx_word' id='word_1_80' title='bbox 684 1006 811 1036; x_wconf 88' lang='lat' dir='ltr'>electus</span> <span class='ocrx_word' id='word_1_81' title='bbox 836 1006 970 1040; x_wconf 84' lang='lat' dir='ltr'>asserit,</span> <span class='ocrx_word' id='word_1_82' title='bbox 994 1006 1137 1036; x_wconf 84' lang='lat' dir='ltr'>ecclesia</span> <span class='ocrx_word' id='word_1_83' title='bbox 1169 1007 1235 1036; x_wconf 91' lang='lat' dir='ltr'>Me-</span> 
     </span>
     <span class='ocr_line' id='line_1_14' title="bbox 220 1059 1236 1099; baseline -0.002 -8"><span class='ocrx_word' id='word_1_84' title='bbox 220 1061 329 1091; x_wconf 86' lang='lat' dir='ltr'>tensis</span> <span class='ocrx_word' id='word_1_85' title='bbox 347 1062 438 1099; x_wconf 85' lang='lat' dir='ltr'>gravi</span> <span class='ocrx_word' id='word_1_86' title='bbox 457 1061 631 1098; x_wconf 78' lang='lat' dir='ltr'>prematur</span> <span class='ocrx_word' id='word_1_87' title='bbox 647 1068 746 1090; x_wconf 82' lang='lat' dir='ltr'>onere</span> <span class='ocrx_word' id='word_1_88' title='bbox 760 1059 964 1094; x_wconf 83' lang='lat' dir='ltr'>debitorum,</span> <span class='ocrx_word' id='word_1_89' title='bbox 983 1068 1056 1095; x_wconf 85' lang='lat' dir='ltr'>nos,</span> <span class='ocrx_word' id='word_1_90' title='bbox 1069 1059 1142 1098; x_wconf 84' lang='lat' dir='ltr'>ejus</span> <span class='ocrx_word' id='word_1_91' title='bbox 1159 1068 1236 1098; x_wconf 87' lang='lat' dir='ltr'>sup-</span> 
     </span>
     <span class='ocr_line' id='line_1_15' title="bbox 219 1112 1237 1152; baseline -0.001 -9"><span class='ocrx_word' id='word_1_92' title='bbox 219 1112 461 1152; x_wconf 83' lang='lat' dir='ltr'>plicationibus</span> <span class='ocrx_word' id='word_1_93' title='bbox 477 1113 642 1148; x_wconf 86' lang='lat' dir='ltr'>inclinati,</span> <span class='ocrx_word' id='word_1_94' title='bbox 658 1114 693 1142; x_wconf 87' lang='lat' dir='ltr'>ut</span> <span class='ocrx_word' id='word_1_95' title='bbox 714 1113 853 1149; x_wconf 83' lang='lat' dir='ltr'>fructus,</span> <span class='ocrx_word' id='word_1_96' title='bbox 873 1113 1026 1142; x_wconf 88' lang='lat' dir='ltr'>redditus</span> <span class='ocrx_word' id='word_1_97' title='bbox 1045 1114 1076 1142; x_wconf 86' lang='lat' dir='ltr'>et</span> <span class='ocrx_word' id='word_1_98' title='bbox 1096 1121 1237 1151; x_wconf 89' lang='lat' dir='ltr'>proven-</span> 
     </span>
     <span class='ocr_line' id='line_1_16' title="bbox 220 1165 1236 1205; baseline -0.001 -9"><span class='ocrx_word' id='word_1_99' title='bbox 220 1168 276 1197; x_wconf 86' lang='lat' dir='ltr'>tus</span> <span class='ocrx_word' id='word_1_100' title='bbox 294 1166 396 1205; x_wconf 89' lang='lat' dir='ltr'>primi</span> <span class='ocrx_word' id='word_1_101' title='bbox 414 1166 492 1196; x_wconf 91' lang='lat' dir='ltr'>anni</span> <span class='ocrx_word' id='word_1_102' title='bbox 514 1168 771 1205; x_wconf 79' lang='lat' dir='ltr'>personatuum,</span> <span class='ocrx_word' id='word_1_103' title='bbox 804 1166 1021 1205; x_wconf 82' lang='lat' dir='ltr'>dignitatum,</span> <span class='ocrx_word' id='word_1_104' title='bbox 1052 1165 1236 1204; x_wconf 86' lang='lat' dir='ltr'>prebenda-</span> 
     </span>
     <span class='ocr_line' id='line_1_17' title="bbox 220 1219 1235 1256; baseline -0.002 -6"><span class='ocrx_word' id='word_1_105' title='bbox 220 1229 293 1250; x_wconf 88' lang='lat' dir='ltr'>rum</span> <span class='ocrx_word' id='word_1_106' title='bbox 313 1221 344 1250; x_wconf 85' lang='lat' dir='ltr'>et</span> <span class='ocrx_word' id='word_1_107' title='bbox 364 1220 508 1249; x_wconf 85' lang='lat' dir='ltr'>aliorum</span> <span class='ocrx_word' id='word_1_108' title='bbox 527 1219 780 1254; x_wconf 85' lang='lat' dir='ltr'>beneficiorum,</span> <span class='ocrx_word' id='word_1_109' title='bbox 800 1228 874 1249; x_wconf 87' lang='lat' dir='ltr'>cum</span> <span class='ocrx_word' id='word_1_110' title='bbox 893 1228 973 1249; x_wconf 86' lang='lat' dir='ltr'>cura</span> <span class='ocrx_word' id='word_1_111' title='bbox 998 1220 1029 1249; x_wconf 88' lang='lat' dir='ltr'>et</span> <span class='ocrx_word' id='word_1_112' title='bbox 1049 1219 1122 1249; x_wconf 89' lang='lat' dir='ltr'>sine</span> <span class='ocrx_word' id='word_1_113' title='bbox 1144 1227 1235 1256; x_wconf 85' lang='lat' dir='ltr'>cura,</span> 
     </span>
     <span class='ocr_line' id='line_1_18' title="bbox 220 1272 1237 1312; baseline -0.001 -10"><span class='ocrx_word' id='word_1_114' title='bbox 220 1282 284 1312; x_wconf 88' lang='lat' dir='ltr'>que</span> <span class='ocrx_word' id='word_1_115' title='bbox 303 1273 337 1302; x_wconf 91' lang='lat' dir='ltr'>in</span> <span class='ocrx_word' id='word_1_116' title='bbox 354 1273 538 1303; x_wconf 76' lang='lat' dir='ltr'>cathedrali</span> <span class='ocrx_word' id='word_1_117' title='bbox 562 1274 594 1302; x_wconf 89' lang='lat' dir='ltr'>et</span> <span class='ocrx_word' id='word_1_118' title='bbox 617 1272 695 1302; x_wconf 84' lang='lat' dir='ltr'>aliis</span> <span class='ocrx_word' id='word_1_119' title='bbox 715 1272 868 1303; x_wconf 77' lang='lat' dir='ltr'>ecclesiis</span> <span class='ocrx_word' id='word_1_120' title='bbox 898 1272 1061 1302; x_wconf 85' lang='lat' dir='ltr'>Metensis</span> <span class='ocrx_word' id='word_1_121' title='bbox 1087 1272 1237 1302; x_wconf 76' lang='lat' dir='ltr'>civitatis</span> 
     </span>
     <span class='ocr_line' id='line_1_19' title="bbox 221 1325 1235 1365; baseline -0.001 -9"><span class='ocrx_word' id='word_1_122' title='bbox 221 1328 254 1357; x_wconf 90' lang='lat' dir='ltr'>et</span> <span class='ocrx_word' id='word_1_123' title='bbox 272 1326 418 1356; x_wconf 86' lang='lat' dir='ltr'>diocesis</span> <span class='ocrx_word' id='word_1_124' title='bbox 443 1334 551 1365; x_wconf 83' lang='lat' dir='ltr'>usque</span> <span class='ocrx_word' id='word_1_125' title='bbox 574 1326 614 1355; x_wconf 81' lang='lat' dir='ltr'>ad</span> <span class='ocrx_word' id='word_1_126' title='bbox 640 1326 826 1355; x_wconf 77' lang='lat' dir='ltr'>triennium</span> <span class='ocrx_word' id='word_1_127' title='bbox 846 1334 964 1355; x_wconf 76' lang='lat' dir='ltr'>vacare</span> <span class='ocrx_word' id='word_1_128' title='bbox 989 1325 1179 1364; x_wconf 80' lang='lat' dir='ltr'>contigerit,</span> <span class='ocrx_word' id='word_1_129' title='bbox 1198 1325 1235 1355; x_wconf 91' lang='lat' dir='ltr'>li-</span> 
     </span>
     <span class='ocr_line' id='line_1_20' title="bbox 220 1378 1234 1417; baseline -0.002 -8"><span class='ocrx_word' id='word_1_130' title='bbox 220 1379 299 1410; x_wconf 86' lang='lat' dir='ltr'>bere</span> <span class='ocrx_word' id='word_1_131' title='bbox 323 1379 496 1417; x_wconf 79' lang='lat' dir='ltr'>percipere</span> <span class='ocrx_word' id='word_1_132' title='bbox 518 1378 640 1414; x_wconf 73' lang='lat' dir='ltr'>valeat,</span> <span class='ocrx_word' id='word_1_133' title='bbox 662 1379 708 1408; x_wconf 87' lang='lat' dir='ltr'>ita</span> <span class='ocrx_word' id='word_1_134' title='bbox 736 1381 849 1409; x_wconf 88' lang='lat' dir='ltr'>tamen</span> <span class='ocrx_word' id='word_1_135' title='bbox 869 1379 958 1417; x_wconf 77' lang='lat' dir='ltr'>quod</span> <span class='ocrx_word' id='word_1_136' title='bbox 984 1378 1065 1407; x_wconf 83' lang='lat' dir='ltr'>dicti</span> <span class='ocrx_word' id='word_1_137' title='bbox 1093 1379 1234 1415; x_wconf 83' lang='lat' dir='ltr'>fructus,</span> 
     </span>
     <span class='ocr_line' id='line_1_21' title="bbox 221 1432 1237 1470; baseline -0.002 -7"><span class='ocrx_word' id='word_1_138' title='bbox 221 1433 374 1463; x_wconf 85' lang='lat' dir='ltr'>redditus</span> <span class='ocrx_word' id='word_1_139' title='bbox 398 1434 429 1462; x_wconf 88' lang='lat' dir='ltr'>et</span> <span class='ocrx_word' id='word_1_140' title='bbox 457 1434 642 1470; x_wconf 83' lang='lat' dir='ltr'>proventus</span> <span class='ocrx_word' id='word_1_141' title='bbox 677 1432 806 1470; x_wconf 80' lang='lat' dir='ltr'>integre</span> <span class='ocrx_word' id='word_1_142' title='bbox 837 1432 869 1461; x_wconf 90' lang='lat' dir='ltr'>in</span> <span class='ocrx_word' id='word_1_143' title='bbox 908 1432 1111 1462; x_wconf 86' lang='lat' dir='ltr'>solutionem</span> <span class='ocrx_word' id='word_1_144' title='bbox 1146 1432 1237 1461; x_wconf 85' lang='lat' dir='ltr'>debi-</span> 
     </span>
     <span class='ocr_line' id='line_1_22' title="bbox 221 1485 1236 1524; baseline -0.003 -7"><span class='ocrx_word' id='word_1_145' title='bbox 221 1488 330 1517; x_wconf 88' lang='lat' dir='ltr'>torum</span> <span class='ocrx_word' id='word_1_146' title='bbox 378 1486 572 1524; x_wconf 84' lang='lat' dir='ltr'>hujusmodi</span> <span class='ocrx_word' id='word_1_147' title='bbox 613 1487 865 1521; x_wconf 86' lang='lat' dir='ltr'>convertantur,</span> <span class='ocrx_word' id='word_1_148' title='bbox 914 1494 979 1515; x_wconf 91' lang='lat' dir='ltr'>non</span> <span class='ocrx_word' id='word_1_149' title='bbox 1020 1485 1236 1515; x_wconf 74' lang='lat' dir='ltr'>obstantibus</span> 
     </span>
     <span class='ocr_line' id='line_1_23' title="bbox 222 1538 1232 1578; baseline 0 -10"><span class='ocrx_word' id='word_1_150' title='bbox 222 1558 258 1562; x_wconf 79' lang='lat'>-—</span> <span class='ocrx_word' id='word_1_151' title='bbox 287 1549 345 1578; x_wconf 90' lang='lat' dir='ltr'>per</span> <span class='ocrx_word' id='word_1_152' title='bbox 363 1541 495 1570; x_wconf 82' lang='lat' dir='ltr'>nostras</span> <span class='ocrx_word' id='word_1_153' title='bbox 519 1539 650 1569; x_wconf 78' lang='lat' dir='ltr'>litteras</span> <span class='ocrx_word' id='word_1_154' title='bbox 675 1539 836 1568; x_wconf 78' lang='lat' dir='ltr'>duximus</span> <span class='ocrx_word' id='word_1_155' title='bbox 865 1538 1124 1568; x_wconf 82' lang='lat' dir='ltr'>concedendum.</span> <span class='ocrx_word' id='word_1_156' title='bbox 1148 1539 1232 1573; x_wconf 78' lang='lat' dir='ltr'>Quo-</span> 
     </span>
     <span class='ocr_line' id='line_1_24' title="bbox 221 1591 1235 1631; baseline -0.002 -8"><span class='ocrx_word' id='word_1_157' title='bbox 221 1593 309 1624; x_wconf 87' lang='lat' dir='ltr'>circa</span> <span class='ocrx_word' id='word_1_158' title='bbox 338 1593 540 1622; x_wconf 84' lang='lat' dir='ltr'>mandamus</span> <span class='ocrx_word' id='word_1_159' title='bbox 566 1594 732 1631; x_wconf 82' lang='lat' dir='ltr'>quatenus</span> <span class='ocrx_word' id='word_1_160' title='bbox 761 1592 869 1622; x_wconf 85' lang='lat' dir='ltr'>eidem</span> <span class='ocrx_word' id='word_1_161' title='bbox 902 1591 1007 1622; x_wconf 87' lang='lat' dir='ltr'>electo</span> <span class='ocrx_word' id='word_1_162' title='bbox 1040 1591 1235 1630; x_wconf 84' lang='lat' dir='ltr'>hujusmodi</span> 
     </span>
     <span class='ocr_line' id='line_1_25' title="bbox 221 1645 1234 1684; baseline -0.003 -7"><span class='ocrx_word' id='word_1_163' title='bbox 221 1647 364 1682; x_wconf 83' lang='lat' dir='ltr'>fructus,</span> <span class='ocrx_word' id='word_1_164' title='bbox 394 1646 547 1675; x_wconf 85' lang='lat' dir='ltr'>redditus</span> <span class='ocrx_word' id='word_1_165' title='bbox 580 1647 612 1676; x_wconf 83' lang='lat' dir='ltr'>et</span> <span class='ocrx_word' id='word_1_166' title='bbox 645 1647 829 1684; x_wconf 86' lang='lat' dir='ltr'>proventus</span> <span class='ocrx_word' id='word_1_167' title='bbox 860 1654 919 1675; x_wconf 86' lang='lat' dir='ltr'>vos</span> <span class='ocrx_word' id='word_1_168' title='bbox 958 1645 1009 1675; x_wconf 89' lang='lat' dir='ltr'>vel</span> <span class='ocrx_word' id='word_1_169' title='bbox 1044 1645 1130 1675; x_wconf 88' lang='lat' dir='ltr'>alter</span> <span class='ocrx_word' id='word_1_170' title='bbox 1163 1653 1234 1675; x_wconf 89' lang='lat' dir='ltr'>ves-</span> 
     </span>
     <span class='ocr_line' id='line_1_26' title="bbox 219 1698 1235 1737; baseline -0.002 -7"><span class='ocrx_word' id='word_1_171' title='bbox 219 1702 307 1731; x_wconf 90' lang='lat' dir='ltr'>trum</span> <span class='ocrx_word' id='word_1_172' title='bbox 327 1699 470 1735; x_wconf 75' lang='lat' dir='ltr'>faciatis,</span> <span class='ocrx_word' id='word_1_173' title='bbox 494 1708 552 1737; x_wconf 89' lang='lat' dir='ltr'>per</span> <span class='ocrx_word' id='word_1_174' title='bbox 570 1707 629 1728; x_wconf 80' lang='lat' dir='ltr'>vos</span> <span class='ocrx_word' id='word_1_175' title='bbox 647 1699 698 1728; x_wconf 81' lang='lat' dir='ltr'>vel</span> <span class='ocrx_word' id='word_1_176' title='bbox 729 1707 787 1736; x_wconf 74' lang='lat' dir='ltr'>per</span> <span class='ocrx_word' id='word_1_177' title='bbox 808 1698 912 1728; x_wconf 88' lang='lat' dir='ltr'>alium</span> <span class='ocrx_word' id='word_1_178' title='bbox 937 1699 993 1728; x_wconf 83' lang='lat' dir='ltr'>aut</span> <span class='ocrx_word' id='word_1_179' title='bbox 1010 1698 1107 1733; x_wconf 86' lang='lat' dir='ltr'>alios,</span> <span class='ocrx_word' id='word_1_180' title='bbox 1138 1698 1235 1737; x_wconf 77' lang='lat' dir='ltr'>juxta</span> 
     </span>
     <span class='ocr_line' id='line_1_27' title="bbox 220 1751 1233 1790; baseline -0.003 -7"><span class='ocrx_word' id='word_1_181' title='bbox 220 1752 450 1783; x_wconf 76' lang='lat' dir='ltr'>concessionis</span> <span class='ocrx_word' id='word_1_182' title='bbox 484 1754 596 1782; x_wconf 86' lang='lat' dir='ltr'>nostre</span> <span class='ocrx_word' id='word_1_183' title='bbox 629 1754 793 1786; x_wconf 87' lang='lat' dir='ltr'>tenorem,</span> <span class='ocrx_word' id='word_1_184' title='bbox 828 1751 1037 1790; x_wconf 69' lang='lat' dir='ltr'>integraliter</span> <span class='ocrx_word' id='word_1_185' title='bbox 1069 1751 1233 1781; x_wconf 82' lang='lat' dir='ltr'>exhiberi.</span> 
     </span>
     <span class='ocr_line' id='line_1_28' title="bbox 220 1804 1232 1842; baseline -0.001 -7"><span class='ocrx_word' id='word_1_186' title='bbox 220 1806 492 1836; x_wconf 70' lang='lat' dir='ltr'>contradictores</span> <span class='ocrx_word' id='word_1_187' title='bbox 519 1807 579 1835; x_wconf 77' lang='lat' dir='ltr'>etc.</span> <span class='ocrx_word' id='word_1_188' title='bbox 599 1822 647 1834; x_wconf 86' lang='lat'>—.</span> <span class='ocrx_word' id='word_1_189' title='bbox 676 1805 800 1834; x_wconf 89' lang='lat' dir='ltr'>Datum</span> <span class='ocrx_word' id='word_1_190' title='bbox 831 1804 919 1842; x_wconf 81' lang='lat' dir='ltr'>apud</span> <span class='ocrx_word' id='word_1_191' title='bbox 944 1804 1232 1841; x_wconf 87' lang='lat' dir='ltr'>Urbemveterem,</span> 
     </span>
     <span class='ocr_line' id='line_1_29' title="bbox 222 1858 828 1888; baseline -0.003 -2"><span class='ocrx_word' id='word_1_192' title='bbox 222 1868 238 1886; x_wconf 82' lang='lat' dir='ltr'>v</span> <span class='ocrx_word' id='word_1_193' title='bbox 254 1858 416 1888; x_wconf 77' lang='lat' dir='ltr'>kalendas</span> <span class='ocrx_word' id='word_1_194' title='bbox 432 1858 557 1887; x_wconf 81' lang='lat' dir='ltr'>martii.</span> <span class='ocrx_word' id='word_1_195' title='bbox 576 1866 662 1887; x_wconf 87' lang='lat' dir='ltr'>anno</span> <span class='ocrx_word' id='word_1_196' title='bbox 679 1858 790 1887; x_wconf 84' lang='lat' dir='ltr'>tertio.</span> <span class='ocrx_word' id='word_1_197' title='bbox 812 1866 828 1884; x_wconf 86' lang='lat'>»</span> 
     </span>
    </p>
   </div>
   <div class='ocr_carea' id='block_1_6' title="bbox 751 2050 1142 2081">
    <p class='ocr_par' dir='ltr' id='par_1_6' title="bbox 751 2050 1142 2081">
     <span class='ocr_line' id='line_1_30' title="bbox 751 2050 1142 2081; baseline 0.003 -6"><span class='ocrx_word' id='word_1_198' title='bbox 751 2051 876 2081; x_wconf 68' lang='lat' dir='ltr'>(Ji-vieto,</span> <span class='ocrx_word' id='word_1_199' title='bbox 895 2052 928 2078; x_wconf 70' lang='lat'>26</span> <span class='ocrx_word' id='word_1_200' title='bbox 945 2050 1048 2077; x_wconf 77' lang='lat' dir='ltr'>l&#39;evrier</span> <span class='ocrx_word' id='word_1_201' title='bbox 1065 2050 1142 2077; x_wconf 71' lang='lat'>1264.</span> 
     </span>
    </p>
   </div>
   <div class='ocr_carea' id='block_1_7' title="bbox 315 2053 409 2084">
    <p class='ocr_par' dir='ltr' id='par_1_7' title="bbox 315 2053 409 2084">
     <span class='ocr_line' id='line_1_31' title="bbox 315 2053 409 2084; baseline -0.011 0"><span class='ocrx_word' id='word_1_202' title='bbox 315 2053 409 2084; x_wconf 76' lang='lat'><strong>1390</strong></span> 
     </span>
    </p>
   </div>
   <div class='ocr_carea' id='block_1_8' title="bbox 220 2133 1233 2219">
    <p class='ocr_par' dir='ltr' id='par_1_8' title="bbox 220 2133 1233 2219">
     <span class='ocr_line' id='line_1_32' title="bbox 255 2133 1233 2162; baseline -0.002 0"><span class='ocrx_word' id='word_1_203' title='bbox 255 2137 292 2162; x_wconf 89' lang='lat' dir='ltr'>De</span> <span class='ocrx_word' id='word_1_204' title='bbox 319 2135 473 2162; x_wconf 71' lang='lat' dir='ltr'>collatione</span> <span class='ocrx_word' id='word_1_205' title='bbox 495 2135 699 2162; x_wconf 75' lang='lat' dir='ltr'>beneficiorum</span> <span class='ocrx_word' id='word_1_206' title='bbox 728 2136 755 2162; x_wconf 92' lang='lat' dir='ltr'>in</span> <span class='ocrx_word' id='word_1_207' title='bbox 784 2134 899 2161; x_wconf 77' lang='lat' dir='ltr'>civitate</span> <span class='ocrx_word' id='word_1_208' title='bbox 920 2137 945 2161; x_wconf 85' lang='lat' dir='ltr'>et</span> <span class='ocrx_word' id='word_1_209' title='bbox 970 2134 1075 2161; x_wconf 82' lang='lat' dir='ltr'>diocesi</span> <span class='ocrx_word' id='word_1_210' title='bbox 1101 2133 1233 2161; x_wconf 75' lang='lat' dir='ltr'>Metensi.</span> 
     </span>
     <span class='ocr_line' id='line_1_33' title="bbox 220 2184 652 2219; baseline 0 -8"><span class='ocrx_word' id='word_1_211' title='bbox 220 2184 299 2219; x_wconf 70' lang='lat' dir='ltr'>(Bm.</span> <span class='ocrx_word' id='word_1_212' title='bbox 316 2185 360 2217; x_wconf 72' lang='lat'>29,</span> <span class='ocrx_word' id='word_1_213' title='bbox 382 2184 431 2211; x_wconf 84' lang='lat' dir='ltr'>fol.</span> <span class='ocrx_word' id='word_1_214' title='bbox 456 2184 514 2215; x_wconf 64' lang='lat'>122,</span> <span class='ocrx_word' id='word_1_215' title='bbox 530 2190 559 2210; x_wconf 77' lang='lat'>11⁰</span> <span class='ocrx_word' id='word_1_216' title='bbox 582 2184 652 2218; x_wconf 69' lang='lat'>240.)</span> 
     </span>
    </p>
   </div>
   <div class='ocr_carea' id='block_1_9' title="bbox 219 2293 1240 2863">
    <p class='ocr_par' dir='ltr' id='par_1_9' title="bbox 219 2293 1240 2863">
     <span class='ocr_line' id='line_1_34' title="bbox 260 2293 1234 2331; baseline 0.002 -9"><span class='ocrx_word' id='word_1_217' title='bbox 260 2304 275 2322; x_wconf 87' lang='lat'>«</span> <span class='ocrx_word' id='word_1_218' title='bbox 298 2319 302 2323; x_wconf 90' lang='lat'>.</span> <span class='ocrx_word' id='word_1_219' title='bbox 327 2319 331 2324; x_wconf 91' lang='lat'><em>.</em></span> <span class='ocrx_word' id='word_1_220' title='bbox 353 2293 445 2323; x_wconf 75' lang='lat' dir='ltr'>electo</span> <span class='ocrx_word' id='word_1_221' title='bbox 465 2293 601 2323; x_wconf 80' lang='lat' dir='ltr'>Metensi.</span> <span class='ocrx_word' id='word_1_222' title='bbox 616 2294 801 2323; x_wconf 74' lang='lat' dir='ltr'>Personam</span> <span class='ocrx_word' id='word_1_223' title='bbox 819 2294 911 2323; x_wconf 86' lang='lat' dir='ltr'>tuam</span> <span class='ocrx_word' id='word_1_224' title='bbox 926 2294 1066 2331; x_wconf 77' lang='lat' dir='ltr'>paterna</span> <span class='ocrx_word' id='word_1_225' title='bbox 1082 2311 1131 2322; x_wconf 94' lang='lat'>—.</span> <span class='ocrx_word' id='word_1_226' title='bbox 1151 2294 1234 2324; x_wconf 86' lang='lat' dir='ltr'>Tuis</span> 
     </span>
     <span class='ocr_line' id='line_1_35' title="bbox 220 2346 1234 2386; baseline 0 -9"><span class='ocrx_word' id='word_1_227' title='bbox 220 2349 333 2386; x_wconf 84' lang='lat' dir='ltr'>itaque</span> <span class='ocrx_word' id='word_1_228' title='bbox 353 2346 662 2385; x_wconf 77' lang='lat' dir='ltr'>supplicationibus</span> <span class='ocrx_word' id='word_1_229' title='bbox 679 2346 845 2382; x_wconf 85' lang='lat' dir='ltr'>inclinati,</span> <span class='ocrx_word' id='word_1_230' title='bbox 865 2348 901 2376; x_wconf 90' lang='lat' dir='ltr'>ut</span> <span class='ocrx_word' id='word_1_231' title='bbox 926 2346 961 2376; x_wconf 90' lang='lat' dir='ltr'>in</span> <span class='ocrx_word' id='word_1_232' title='bbox 980 2347 1165 2377; x_wconf 82' lang='lat' dir='ltr'>cathedrali</span> <span class='ocrx_word' id='word_1_233' title='bbox 1182 2348 1234 2378; x_wconf 89' lang='lat' dir='ltr'>vel</span> 
     </span>
     <span class='ocr_line' id='line_1_36' title="bbox 220 2399 1234 2436; baseline 0.001 -6"><span class='ocrx_word' id='word_1_234' title='bbox 220 2400 298 2431; x_wconf 88' lang='lat' dir='ltr'>aliis</span> <span class='ocrx_word' id='word_1_235' title='bbox 318 2399 473 2430; x_wconf 88' lang='lat' dir='ltr'>ecclesiis</span> <span class='ocrx_word' id='word_1_236' title='bbox 491 2400 654 2430; x_wconf 86' lang='lat' dir='ltr'>Metensis</span> <span class='ocrx_word' id='word_1_237' title='bbox 669 2399 818 2430; x_wconf 81' lang='lat' dir='ltr'>civitatis</span> <span class='ocrx_word' id='word_1_238' title='bbox 837 2401 869 2429; x_wconf 90' lang='lat' dir='ltr'>et</span> <span class='ocrx_word' id='word_1_239' title='bbox 885 2399 1032 2430; x_wconf 86' lang='lat' dir='ltr'>diocesis</span> <span class='ocrx_word' id='word_1_240' title='bbox 1049 2400 1148 2436; x_wconf 85' lang='lat' dir='ltr'>nulli,</span> <span class='ocrx_word' id='word_1_241' title='bbox 1161 2400 1234 2431; x_wconf 86' lang='lat' dir='ltr'>sine</span> 
     </span>
     <span class='ocr_line' id='line_1_37' title="bbox 221 2452 1235 2492; baseline 0 -8"><span class='ocrx_word' id='word_1_242' title='bbox 221 2462 388 2484; x_wconf 88' lang='lat' dir='ltr'>consensu</span> <span class='ocrx_word' id='word_1_243' title='bbox 414 2454 483 2488; x_wconf 87' lang='lat' dir='ltr'>tuo,</span> <span class='ocrx_word' id='word_1_244' title='bbox 511 2452 550 2482; x_wconf 91' lang='lat' dir='ltr'>de</span> <span class='ocrx_word' id='word_1_245' title='bbox 578 2453 759 2491; x_wconf 84' lang='lat' dir='ltr'>personatu</span> <span class='ocrx_word' id='word_1_246' title='bbox 785 2452 837 2482; x_wconf 88' lang='lat' dir='ltr'>vel</span> <span class='ocrx_word' id='word_1_247' title='bbox 858 2452 1033 2491; x_wconf 82' lang='lat' dir='ltr'>(lignitate,</span> <span class='ocrx_word' id='word_1_248' title='bbox 1063 2453 1235 2492; x_wconf 83' lang='lat' dir='ltr'>prebenda</span> 
     </span>
     <span class='ocr_line' id='line_1_38' title="bbox 219 2505 1235 2537; baseline 0 0"><span class='ocrx_word' id='word_1_249' title='bbox 219 2507 273 2537; x_wconf 86' lang='lat' dir='ltr'>vel</span> <span class='ocrx_word' id='word_1_250' title='bbox 291 2506 358 2536; x_wconf 87' lang='lat' dir='ltr'>alio</span> <span class='ocrx_word' id='word_1_251' title='bbox 375 2505 538 2535; x_wconf 85' lang='lat' dir='ltr'>beneficio</span> <span class='ocrx_word' id='word_1_252' title='bbox 556 2505 786 2536; x_wconf 88' lang='lat' dir='ltr'>ecclesiastico</span> <span class='ocrx_word' id='word_1_253' title='bbox 815 2506 1014 2536; x_wconf 85' lang='lat' dir='ltr'>auctoritate</span> <span class='ocrx_word' id='word_1_254' title='bbox 1044 2506 1235 2537; x_wconf 80' lang='lat' dir='ltr'>litterarum</span> 
     </span>
     <span class='ocr_line' id='line_1_39' title="bbox 219 2558 1235 2598; baseline 0 -8"><span class='ocrx_word' id='word_1_255' title='bbox 219 2560 312 2590; x_wconf 89' lang='lat' dir='ltr'>sedis</span> <span class='ocrx_word' id='word_1_256' title='bbox 336 2558 521 2597; x_wconf 84' lang='lat' dir='ltr'>apostolice</span> <span class='ocrx_word' id='word_1_257' title='bbox 542 2558 596 2588; x_wconf 83' lang='lat' dir='ltr'>vel</span> <span class='ocrx_word' id='word_1_258' title='bbox 621 2558 811 2598; x_wconf 83' lang='lat' dir='ltr'>legatorum</span> <span class='ocrx_word' id='word_1_259' title='bbox 828 2558 901 2597; x_wconf 87' lang='lat' dir='ltr'>ejus</span> <span class='ocrx_word' id='word_1_260' title='bbox 917 2559 1029 2589; x_wconf 86' lang='lat' dir='ltr'>valeat</span> <span class='ocrx_word' id='word_1_261' title='bbox 1051 2560 1235 2598; x_wconf 87' lang='lat' dir='ltr'>provideri,</span> 
     </span>
     <span class='ocr_line' id='line_1_40' title="bbox 219 2610 1237 2649; baseline 0.001 -7"><span class='ocrx_word' id='word_1_262' title='bbox 219 2612 287 2642; x_wconf 89' lang='lat' dir='ltr'>nisi</span> <span class='ocrx_word' id='word_1_263' title='bbox 304 2612 416 2641; x_wconf 83' lang='lat' dir='ltr'>littere</span> <span class='ocrx_word' id='word_1_264' title='bbox 433 2611 520 2641; x_wconf 89' lang='lat' dir='ltr'>dicte</span> <span class='ocrx_word' id='word_1_265' title='bbox 544 2610 636 2641; x_wconf 87' lang='lat' dir='ltr'>sedis</span> <span class='ocrx_word' id='word_1_266' title='bbox 663 2610 798 2649; x_wconf 86' lang='lat' dir='ltr'>plenam</span> <span class='ocrx_word' id='word_1_267' title='bbox 817 2612 849 2641; x_wconf 86' lang='lat' dir='ltr'>et</span> <span class='ocrx_word' id='word_1_268' title='bbox 866 2619 1064 2649; x_wconf 82' lang='lat' dir='ltr'>expressam</span> <span class='ocrx_word' id='word_1_269' title='bbox 1096 2612 1237 2643; x_wconf 83' lang='lat' dir='ltr'>fecerint</span> 
     </span>
     <span class='ocr_line' id='line_1_41' title="bbox 220 2663 1238 2704; baseline 0 -8"><span class='ocrx_word' id='word_1_270' title='bbox 220 2666 261 2696; x_wconf 90' lang='lat' dir='ltr'>de</span> <span class='ocrx_word' id='word_1_271' title='bbox 280 2665 340 2695; x_wconf 84' lang='lat' dir='ltr'>hac</span> <span class='ocrx_word' id='word_1_272' title='bbox 361 2663 571 2703; x_wconf 83' lang='lat' dir='ltr'>indulgentia</span> <span class='ocrx_word' id='word_1_273' title='bbox 598 2663 817 2700; x_wconf 83' lang='lat' dir='ltr'>mentionem,</span> <span class='ocrx_word' id='word_1_274' title='bbox 840 2664 1039 2695; x_wconf 82' lang='lat' dir='ltr'>auctoritate</span> <span class='ocrx_word' id='word_1_275' title='bbox 1057 2665 1120 2695; x_wconf 90' lang='lat' dir='ltr'>tibi</span> <span class='ocrx_word' id='word_1_276' title='bbox 1139 2674 1238 2704; x_wconf 89' lang='lat' dir='ltr'>apos-</span> 
     </span>
     <span class='ocr_line' id='line_1_42' title="bbox 221 2716 1239 2756; baseline 0 -7"><span class='ocrx_word' id='word_1_277' title='bbox 221 2719 324 2749; x_wconf 87' lang='lat' dir='ltr'>tolica</span> <span class='ocrx_word' id='word_1_278' title='bbox 356 2717 585 2756; x_wconf 82' lang='lat' dir='ltr'>indulgemus,</span> <span class='ocrx_word' id='word_1_279' title='bbox 616 2716 833 2755; x_wconf 87' lang='lat' dir='ltr'>presentibus</span> <span class='ocrx_word' id='word_1_280' title='bbox 862 2718 937 2755; x_wconf 90' lang='lat' dir='ltr'>post</span> <span class='ocrx_word' id='word_1_281' title='bbox 968 2717 1144 2748; x_wconf 86' lang='lat' dir='ltr'>biennium</span> <span class='ocrx_word' id='word_1_282' title='bbox 1177 2719 1239 2749; x_wconf 89' lang='lat' dir='ltr'>mi-</span> 
     </span>
     <span class='ocr_line' id='line_1_43' title="bbox 221 2770 1240 2809; baseline 0 -7"><span class='ocrx_word' id='word_1_283' title='bbox 221 2772 311 2802; x_wconf 87' lang='lat' dir='ltr'>nime</span> <span class='ocrx_word' id='word_1_284' title='bbox 330 2771 500 2801; x_wconf 85' lang='lat' dir='ltr'>valituris.</span> <span class='ocrx_word' id='word_1_285' title='bbox 519 2770 613 2801; x_wconf 92' lang='lat' dir='ltr'>Nulli</span> <span class='ocrx_word' id='word_1_286' title='bbox 630 2777 709 2809; x_wconf 85' lang='lat' dir='ltr'>ergo</span> <span class='ocrx_word' id='word_1_287' title='bbox 726 2771 841 2800; x_wconf 87' lang='lat' dir='ltr'>nostre</span> <span class='ocrx_word' id='word_1_288' title='bbox 859 2771 1091 2801; x_wconf 83' lang='lat' dir='ltr'>concessionis</span> <span class='ocrx_word' id='word_1_289' title='bbox 1106 2789 1154 2800; x_wconf 95' lang='lat'>—.</span> <span class='ocrx_word' id='word_1_290' title='bbox 1173 2772 1240 2802; x_wconf 82' lang='lat' dir='ltr'>Da-</span> 
     </span>
     <span class='ocr_line' id='line_1_44' title="bbox 224 2822 1238 2863; baseline 0.001 -8"><span class='ocrx_word' id='word_1_291' title='bbox 224 2827 296 2855; x_wconf 87' lang='lat' dir='ltr'>tum</span> <span class='ocrx_word' id='word_1_292' title='bbox 312 2824 400 2863; x_wconf 86' lang='lat' dir='ltr'>apud</span> <span class='ocrx_word' id='word_1_293' title='bbox 433 2823 723 2859; x_wconf 84' lang='lat' dir='ltr'>Urbemveterem,</span> <span class='ocrx_word' id='word_1_294' title='bbox 752 2832 772 2852; x_wconf 88' lang='lat' dir='ltr'>v</span> <span class='ocrx_word' id='word_1_295' title='bbox 803 2822 966 2853; x_wconf 82' lang='lat' dir='ltr'>kalendas</span> <span class='ocrx_word' id='word_1_296' title='bbox 996 2825 1122 2861; x_wconf 88' lang='lat' dir='ltr'>martii,</span> <span class='ocrx_word' id='word_1_297' title='bbox 1150 2834 1238 2856; x_wconf 84' lang='lat' dir='ltr'>anno</span> 
     </span>
    </p>
   </div>
   <div class='ocr_carea' id='block_1_10' title="bbox 222 2878 849 2962">
    <p class='ocr_par' dir='ltr' id='par_1_10' title="bbox 222 2878 849 2962">
     <span class='ocr_line' id='line_1_45' title="bbox 222 2878 372 2909; baseline -0.013 0"><span class='ocrx_word' id='word_1_298' title='bbox 222 2878 335 2909; x_wconf 82' lang='lat' dir='ltr'>tertio.</span> <span class='ocrx_word' id='word_1_299' title='bbox 358 2888 372 2907; x_wconf 91' lang='lat'>»</span> 
     </span>
     <span class='ocr_line' id='line_1_46' title="bbox 342 2928 849 2962; baseline -0.006 -4"><span class='ocrx_word' id='word_1_300' title='bbox 342 2930 481 2958; x_wconf 70' lang='lat' dir='ltr'>URBMN</span> <span class='ocrx_word' id='word_1_301' title='bbox 504 2929 556 2961; x_wconf 91' lang='lat' dir='ltr'>IV,</span> <span class='ocrx_word' id='word_1_302' title='bbox 578 2931 599 2956; x_wconf 86' lang='lat' dir='ltr'>t.</span> <span class='ocrx_word' id='word_1_303' title='bbox 620 2928 677 2962; x_wconf 92' lang='lat'>111,</span> <span class='ocrx_word' id='word_1_304' title='bbox 701 2929 765 2962; x_wconf 71' lang='lat' dir='ltr'>Rey.</span> <span class='ocrx_word' id='word_1_305' title='bbox 788 2928 849 2955; x_wconf 86' lang='lat' dir='ltr'>ord.</span> 
     </span>
    </p>
   </div>
   <div class='ocr_carea' id='block_1_11' title="bbox 1265 280 1269 1990">
    <p class='ocr_par' dir='ltr' id='par_1_11' title="bbox 1265 280 1269 1990">
     <span class='ocr_line' id='line_1_47' title="bbox 1265 280 1269 1990; baseline 0 0"><span class='ocrx_word' id='word_1_306' title='bbox 1265 280 1269 1990; x_wconf 95' lang='lat' dir='ltr'> </span> 
     </span>
    </p>
   </div>
   <div class='ocr_carea' id='block_1_12' title="bbox 1264 2210 1272 2849">
    <p class='ocr_par' dir='ltr' id='par_1_12' title="bbox 1264 2210 1272 2849">
     <span class='ocr_line' id='line_1_48' title="bbox 1264 2210 1272 2849; baseline 0 0"><span class='ocrx_word' id='word_1_307' title='bbox 1264 2210 1272 2849; x_wconf 95' lang='lat' dir='ltr'> </span> 
     </span>
    </p>
   </div>
   <div class='ocr_carea' id='block_1_13' title="bbox 1386 201 2302 310">
    <p class='ocr_par' dir='ltr' id='par_1_13' title="bbox 1386 201 2302 310">
     <span class='ocr_line' id='line_1_49' title="bbox 2251 201 2302 229; baseline 0.039 -2"><span class='ocrx_word' id='word_1_308' title='bbox 2251 201 2302 229; x_wconf 69' lang='lat'>193</span> 
     </span>
     <span class='ocr_line' id='line_1_50' title="bbox 1386 280 1476 310; baseline 0 0"><span class='ocrx_word' id='word_1_309' title='bbox 1386 280 1476 310; x_wconf 75' lang='lat'><strong>1391</strong></span> 
     </span>
    </p>
   </div>
   <div class='ocr_carea' id='block_1_14' title="bbox 1836 279 2229 311">
    <p class='ocr_par' dir='ltr' id='par_1_14' title="bbox 1836 279 2229 311">
     <span class='ocr_line' id='line_1_51' title="bbox 1836 279 2229 311; baseline 0.005 -7"><span class='ocrx_word' id='word_1_310' title='bbox 1836 279 1959 311; x_wconf 49' lang='lat' dir='ltr'>officio,</span> <span class='ocrx_word' id='word_1_311' title='bbox 1979 280 2011 306; x_wconf 67' lang='lat'>22</span> <span class='ocrx_word' id='word_1_312' title='bbox 2032 280 2134 306; x_wconf 57' lang='lat' dir='ltr'>fex-rior</span> <span class='ocrx_word' id='word_1_313' title='bbox 2155 282 2229 307; x_wconf 58' lang='lat'>1213‘».</span> 
     </span>
    </p>
   </div>
   <div class='ocr_carea' id='block_1_15' title="bbox 1328 362 2299 398">
    <p class='ocr_par' dir='ltr' id='par_1_15' title="bbox 1328 362 2299 398">
     <span class='ocr_line' id='line_1_52' title="bbox 1328 362 2299 398; baseline 0.002 -10"><span class='ocrx_word' id='word_1_314' title='bbox 1328 362 1423 388; x_wconf 79' lang='lat' dir='ltr'>Electo</span> <span class='ocrx_word' id='word_1_315' title='bbox 1443 363 1560 389; x_wconf 75' lang='lat' dir='ltr'>Mcteusi</span> <span class='ocrx_word' id='word_1_316' title='bbox 1578 370 1627 397; x_wconf 87' lang='lat' dir='ltr'>per</span> <span class='ocrx_word' id='word_1_317' title='bbox 1645 371 1752 388; x_wconf 84' lang='lat' dir='ltr'>annum</span> <span class='ocrx_word' id='word_1_318' title='bbox 1772 371 1859 389; x_wconf 86' lang='lat' dir='ltr'>unum</span> <span class='ocrx_word' id='word_1_319' title='bbox 1875 367 2028 397; x_wconf 74' lang='lat' dir='ltr'>proventus</span> <span class='ocrx_word' id='word_1_320' title='bbox 2049 364 2207 390; x_wconf 80' lang='lat' dir='ltr'>salinarum</span> <span class='ocrx_word' id='word_1_321' title='bbox 2224 374 2299 398; x_wconf 70' lang='lat' dir='ltr'>&lt;pc-z-</span> 
     </span>
    </p>
   </div>
   <div class='ocr_carea' id='block_1_16' title="bbox 1265 411 2300 445">
    <p class='ocr_par' dir='ltr' id='par_1_16' title="bbox 1265 411 2300 445">
     <span class='ocr_line' id='line_1_53' title="bbox 1265 411 2300 445; baseline 0.001 -8"><span class='ocrx_word' id='word_1_322' title='bbox 1265 439 1266 443; x_wconf 45' lang='lat'>,</span> <span class='ocrx_word' id='word_1_323' title='bbox 1291 413 1384 437; x_wconf 80' lang='lat' dir='ltr'>lantes</span> <span class='ocrx_word' id='word_1_324' title='bbox 1410 412 1443 437; x_wconf 69' lang='lat' dir='ltr'>acl</span> <span class='ocrx_word' id='word_1_325' title='bbox 1462 411 1621 437; x_wconf 71' lang='lat' dir='ltr'>abbates-:1</span> <span class='ocrx_word' id='word_1_326' title='bbox 1642 415 1797 437; x_wconf 70' lang='lat' dir='ltr'>conventus</span> <span class='ocrx_word' id='word_1_327' title='bbox 1826 412 1913 445; x_wconf 77' lang='lat' dir='ltr'>ipsius</span> <span class='ocrx_word' id='word_1_328' title='bbox 1933 413 2054 439; x_wconf 74' lang='lat' dir='ltr'>diocesis</span> <span class='ocrx_word' id='word_1_329' title='bbox 2081 414 2201 439; x_wconf 66' lang='lat' dir='ltr'>wnl&#39;crt.</span> <span class='ocrx_word' id='word_1_330' title='bbox 2222 413 2300 439; x_wconf 49' lang='lat' dir='ltr'>illitu,</span> 
     </span>
    </p>
   </div>
   <div class='ocr_carea' id='block_1_17' title="bbox 1291 459 1624 493">
    <p class='ocr_par' dir='ltr' id='par_1_17' title="bbox 1291 459 1624 493">
     <span class='ocr_line' id='line_1_54' title="bbox 1291 459 1624 493; baseline 0 -8"><span class='ocrx_word' id='word_1_331' title='bbox 1291 460 1335 491; x_wconf 71' lang='lat'>29,</span> <span class='ocrx_word' id='word_1_332' title='bbox 1356 459 1403 486; x_wconf 84' lang='lat' dir='ltr'>fol.</span> <span class='ocrx_word' id='word_1_333' title='bbox 1428 461 1486 486; x_wconf 69' lang='lat'>125».</span> <span class='ocrx_word' id='word_1_334' title='bbox 1506 460 1624 493; x_wconf 61' lang='lat' dir='ltr'>n⁰›‘*ll.)</span> 
     </span>
    </p>
   </div>
   <div class='ocr_carea' id='block_1_18' title="bbox 1290 569 2306 2042">
    <p class='ocr_par' dir='ltr' id='par_1_18' title="bbox 1290 569 2306 2042">
     <span class='ocr_line' id='line_1_55' title="bbox 1333 569 2303 610; baseline 0.005 -13"><span class='ocrx_word' id='word_1_335' title='bbox 1333 579 1347 597; x_wconf 85' lang='lat'>«</span> <span class='ocrx_word' id='word_1_336' title='bbox 1369 593 1374 599; x_wconf 93' lang='lat'>.</span> <span class='ocrx_word' id='word_1_337' title='bbox 1396 594 1401 600; x_wconf 86' lang='lat'>.</span> <span class='ocrx_word' id='word_1_338' title='bbox 1418 569 1510 598; x_wconf 76' lang='lat' dir='ltr'>electo</span> <span class='ocrx_word' id='word_1_339' title='bbox 1531 570 1669 599; x_wconf 68' lang='lat' dir='ltr'>aletensi.</span> <span class='ocrx_word' id='word_1_340' title='bbox 1683 571 1780 600; x_wconf 80' lang='lat' dir='ltr'>Circa</span> <span class='ocrx_word' id='word_1_341' title='bbox 1796 580 1912 600; x_wconf 73' lang='lat' dir='ltr'>ruram</span> <span class='ocrx_word' id='word_1_342' title='bbox 1929 572 2158 610; x_wconf 84' lang='lat' dir='ltr'>quarumlibet</span> <span class='ocrx_word' id='word_1_343' title='bbox 2176 575 2250 607; x_wconf 64' lang='lat' dir='ltr'>etc„</span> <span class='ocrx_word' id='word_1_344' title='bbox 2270 575 2303 602; x_wconf 88' lang='lat' dir='ltr'>ut</span> 
     </span>
     <span class='ocr_line' id='line_1_56' title="bbox 1292 623 2302 662; baseline 0.002 -10"><span class='ocrx_word' id='word_1_345' title='bbox 1292 623 1326 652; x_wconf 89' lang='lat' dir='ltr'>in</span> <span class='ocrx_word' id='word_1_346' title='bbox 1350 627 1468 652; x_wconf 69' lang='lat' dir='ltr'>ccrvu0</span> <span class='ocrx_word' id='word_1_347' title='bbox 1491 623 1639 661; x_wconf 86' lang='lat' dir='ltr'>capitulo</span> <span class='ocrx_word' id='word_1_348' title='bbox 1659 626 1677 659; x_wconf 89' lang='lat'>¹,</span> <span class='ocrx_word' id='word_1_349' title='bbox 1702 632 1809 662; x_wconf 82' lang='lat' dir='ltr'>usque</span> <span class='ocrx_word' id='word_1_350' title='bbox 1832 624 2036 654; x_wconf 77' lang='lat' dir='ltr'>releventur.</span> <span class='ocrx_word' id='word_1_351' title='bbox 2059 624 2144 654; x_wconf 82' lang='lat' dir='ltr'>Sane</span> <span class='ocrx_word' id='word_1_352' title='bbox 2170 625 2202 654; x_wconf 88' lang='lat' dir='ltr'>iu</span> <span class='ocrx_word' id='word_1_353' title='bbox 2231 634 2302 655; x_wconf 76' lang='lat' dir='ltr'>nos-</span> 
     </span>
     <span class='ocr_line' id='line_1_57' title="bbox 1295 676 2301 717; baseline 0.003 -12"><span class='ocrx_word' id='word_1_354' title='bbox 1295 677 1345 705; x_wconf 87' lang='lat' dir='ltr'>tra</span> <span class='ocrx_word' id='word_1_355' title='bbox 1368 676 1578 714; x_wconf 81' lang='lat' dir='ltr'>proposuisti</span> <span class='ocrx_word' id='word_1_356' title='bbox 1606 677 1777 715; x_wconf 86' lang='lat' dir='ltr'>presentia</span> <span class='ocrx_word' id='word_1_357' title='bbox 1800 677 2005 707; x_wconf 83' lang='lat' dir='ltr'>constitutus</span> <span class='ocrx_word' id='word_1_358' title='bbox 2031 679 2120 717; x_wconf 79' lang='lat' dir='ltr'>quod</span> <span class='ocrx_word' id='word_1_359' title='bbox 2144 687 2301 717; x_wconf 81' lang='lat' dir='ltr'>quorum-</span> 
     </span>
     <span class='ocr_line' id='line_1_58' title="bbox 1292 729 2302 761; baseline 0.003 -3"><span class='ocrx_word' id='word_1_360' title='bbox 1292 729 1368 758; x_wconf 91' lang='lat' dir='ltr'>dam</span> <span class='ocrx_word' id='word_1_361' title='bbox 1387 729 1668 759; x_wconf 84' lang='lat' dir='ltr'>monasteriorum</span> <span class='ocrx_word' id='word_1_362' title='bbox 1692 729 1830 760; x_wconf 83' lang='lat' dir='ltr'>abbates</span> <span class='ocrx_word' id='word_1_363' title='bbox 1852 732 1883 760; x_wconf 86' lang='lat' dir='ltr'>et</span> <span class='ocrx_word' id='word_1_364' title='bbox 1902 733 2086 761; x_wconf 84' lang='lat' dir='ltr'>conventus</span> <span class='ocrx_word' id='word_1_365' title='bbox 2102 732 2302 761; x_wconf 82' lang='lat' dir='ltr'>Cistercien-</span> 
     </span>
     <span class='ocr_line' id='line_1_59' title="bbox 1292 782 2303 823; baseline 0.003 -12"><span class='ocrx_word' id='word_1_366' title='bbox 1292 782 1340 811; x_wconf 86' lang='lat' dir='ltr'>sis</span> <span class='ocrx_word' id='word_1_367' title='bbox 1360 785 1392 812; x_wconf 83' lang='lat' dir='ltr'>et</span> <span class='ocrx_word' id='word_1_368' title='bbox 1409 791 1436 811; x_wconf 88' lang='lat' dir='ltr'>s.</span> <span class='ocrx_word' id='word_1_369' title='bbox 1455 782 1629 812; x_wconf 81' lang='lat' dir='ltr'>Benedicti</span> <span class='ocrx_word' id='word_1_370' title='bbox 1648 783 1817 818; x_wconf 88' lang='lat' dir='ltr'>ordinum,</span> <span class='ocrx_word' id='word_1_371' title='bbox 1840 783 1873 813; x_wconf 91' lang='lat' dir='ltr'>in</span> <span class='ocrx_word' id='word_1_372' title='bbox 1892 784 2025 819; x_wconf 78' lang='lat' dir='ltr'>salinis,</span> <span class='ocrx_word' id='word_1_373' title='bbox 2044 793 2128 823; x_wconf 83' lang='lat' dir='ltr'>quas</span> <span class='ocrx_word' id='word_1_374' title='bbox 2153 784 2255 814; x_wconf 82' lang='lat' dir='ltr'>habes</span> <span class='ocrx_word' id='word_1_375' title='bbox 2271 785 2303 814; x_wconf 89' lang='lat' dir='ltr'>in</span> 
     </span>
     <span class='ocr_line' id='line_1_60' title="bbox 1292 835 2302 867; baseline 0.003 -3"><span class='ocrx_word' id='word_1_376' title='bbox 1292 835 1412 865; x_wconf 84' lang='lat' dir='ltr'>castris</span> <span class='ocrx_word' id='word_1_377' title='bbox 1430 835 1496 865; x_wconf 87' lang='lat' dir='ltr'>tuis</span> <span class='ocrx_word' id='word_1_378' title='bbox 1515 836 1554 865; x_wconf 83' lang='lat' dir='ltr'>dc</span> <span class='ocrx_word' id='word_1_379' title='bbox 1581 836 1664 866; x_wconf 83' lang='lat' dir='ltr'>Vico</span> <span class='ocrx_word' id='word_1_380' title='bbox 1691 839 1722 866; x_wconf 88' lang='lat' dir='ltr'>et</span> <span class='ocrx_word' id='word_1_381' title='bbox 1739 837 1778 866; x_wconf 83' lang='lat' dir='ltr'>de</span> <span class='ocrx_word' id='word_1_382' title='bbox 1810 837 1935 866; x_wconf 79' lang='lat' dir='ltr'>Mars-al</span> <span class='ocrx_word' id='word_1_383' title='bbox 1965 846 2000 867; x_wconf 86' lang='lat' dir='ltr'>ac</span> <span class='ocrx_word' id='word_1_384' title='bbox 2020 837 2101 867; x_wconf 80' lang='lat' dir='ltr'>villa</span> <span class='ocrx_word' id='word_1_385' title='bbox 2124 838 2163 867; x_wconf 84' lang='lat' dir='ltr'>de</span> <span class='ocrx_word' id='word_1_386' title='bbox 2180 838 2302 867; x_wconf 78' lang='lat' dir='ltr'>Medio-</span> 
     </span>
     <span class='ocr_line' id='line_1_61' title="bbox 1291 888 2305 929; baseline 0.004 -12"><span class='ocrx_word' id='word_1_387' title='bbox 1291 888 1376 922; x_wconf 83' lang='lat' dir='ltr'>vico,</span> <span class='ocrx_word' id='word_1_388' title='bbox 1406 889 1456 918; x_wconf 83' lang='lat' dir='ltr'>sal</span> <span class='ocrx_word' id='word_1_389' title='bbox 1489 889 1528 919; x_wconf 84' lang='lat' dir='ltr'>de</span> <span class='ocrx_word' id='word_1_390' title='bbox 1546 898 1610 927; x_wconf 78' lang='lat' dir='ltr'>quo</span> <span class='ocrx_word' id='word_1_391' title='bbox 1628 889 1809 919; x_wconf 81' lang='lat' dir='ltr'>nonnullas</span> <span class='ocrx_word' id='word_1_392' title='bbox 1827 891 2046 928; x_wconf 73' lang='lat' dir='ltr'>pecuniarum</span> <span class='ocrx_word' id='word_1_393' title='bbox 2065 900 2215 921; x_wconf 80' lang='lat' dir='ltr'>summas</span> <span class='ocrx_word' id='word_1_394' title='bbox 2234 900 2305 929; x_wconf 91' lang='lat' dir='ltr'>per-</span> 
     </span>
     <span class='ocr_line' id='line_1_62' title="bbox 1293 941 2304 982; baseline 0.003 -11"><span class='ocrx_word' id='word_1_395' title='bbox 1293 941 1434 980; x_wconf 89' lang='lat' dir='ltr'>cipiunt,</span> <span class='ocrx_word' id='word_1_396' title='bbox 1463 944 1711 972; x_wconf 81' lang='lat' dir='ltr'>consueverunt</span> <span class='ocrx_word' id='word_1_397' title='bbox 1741 943 1849 973; x_wconf 82' lang='lat' dir='ltr'>tacere</span> <span class='ocrx_word' id='word_1_398' title='bbox 1875 943 1949 973; x_wconf 79' lang='lat' dir='ltr'>fieri</span> <span class='ocrx_word' id='word_1_399' title='bbox 1980 944 2020 973; x_wconf 81' lang='lat' dir='ltr'>ab</span> <span class='ocrx_word' id='word_1_400' title='bbox 2042 945 2191 982; x_wconf 79' lang='lat' dir='ltr'>antiquo.</span> <span class='ocrx_word' id='word_1_401' title='bbox 2221 944 2304 974; x_wconf 86' lang='lat' dir='ltr'>Cum</span> 
     </span>
     <span class='ocr_line' id='line_1_63' title="bbox 1293 995 2306 1035; baseline 0.003 -11"><span class='ocrx_word' id='word_1_402' title='bbox 1293 997 1402 1025; x_wconf 85' lang='lat' dir='ltr'>autem</span> <span class='ocrx_word' id='word_1_403' title='bbox 1421 995 1585 1025; x_wconf 82' lang='lat' dir='ltr'>Metensis</span> <span class='ocrx_word' id='word_1_404' title='bbox 1604 995 1747 1026; x_wconf 87' lang='lat' dir='ltr'>ecclesia</span> <span class='ocrx_word' id='word_1_405' title='bbox 1765 996 1860 1034; x_wconf 80' lang='lat' dir='ltr'>gravi</span> <span class='ocrx_word' id='word_1_406' title='bbox 1880 999 2052 1035; x_wconf 80' lang='lat' dir='ltr'>prematur</span> <span class='ocrx_word' id='word_1_407' title='bbox 2067 997 2199 1027; x_wconf 82' lang='lat' dir='ltr'>sarcina</span> <span class='ocrx_word' id='word_1_408' title='bbox 2216 997 2306 1027; x_wconf 86' lang='lat' dir='ltr'>debi-</span> 
     </span>
     <span class='ocr_line' id='line_1_64' title="bbox 1292 1049 2304 1088; baseline 0.002 -10"><span class='ocrx_word' id='word_1_409' title='bbox 1292 1050 1416 1084; x_wconf 85' lang='lat' dir='ltr'>torum,</span> <span class='ocrx_word' id='word_1_410' title='bbox 1435 1057 1472 1078; x_wconf 88' lang='lat' dir='ltr'>ac</span> <span class='ocrx_word' id='word_1_411' title='bbox 1492 1049 1630 1088; x_wconf 83' lang='lat' dir='ltr'>dignum</span> <span class='ocrx_word' id='word_1_412' title='bbox 1648 1051 1679 1079; x_wconf 89' lang='lat' dir='ltr'>et</span> <span class='ocrx_word' id='word_1_413' title='bbox 1704 1050 1907 1079; x_wconf 87' lang='lat' dir='ltr'>conveniens</span> <span class='ocrx_word' id='word_1_414' title='bbox 1929 1050 2124 1080; x_wconf 84' lang='lat' dir='ltr'>dinoscatur</span> <span class='ocrx_word' id='word_1_415' title='bbox 2143 1052 2177 1080; x_wconf 91' lang='lat' dir='ltr'>ut</span> <span class='ocrx_word' id='word_1_416' title='bbox 2207 1050 2304 1080; x_wconf 80' lang='lat' dir='ltr'>abba-</span> 
     </span>
     <span class='ocr_line' id='line_1_65' title="bbox 1292 1102 2304 1142; baseline 0.002 -11"><span class='ocrx_word' id='word_1_417' title='bbox 1292 1103 1356 1138; x_wconf 87' lang='lat' dir='ltr'>tes,</span> <span class='ocrx_word' id='word_1_418' title='bbox 1377 1103 1563 1132; x_wconf 88' lang='lat' dir='ltr'>conventus</span> <span class='ocrx_word' id='word_1_419' title='bbox 1594 1104 1626 1133; x_wconf 85' lang='lat' dir='ltr'>et</span> <span class='ocrx_word' id='word_1_420' title='bbox 1650 1102 1763 1132; x_wconf 88' lang='lat' dir='ltr'>clerici</span> <span class='ocrx_word' id='word_1_421' title='bbox 1782 1103 1936 1141; x_wconf 85' lang='lat' dir='ltr'>predicti,</span> <span class='ocrx_word' id='word_1_422' title='bbox 1956 1103 2013 1142; x_wconf 88' lang='lat' dir='ltr'>qui</span> <span class='ocrx_word' id='word_1_423' title='bbox 2042 1104 2081 1134; x_wconf 87' lang='lat' dir='ltr'>de</span> <span class='ocrx_word' id='word_1_424' title='bbox 2111 1104 2304 1142; x_wconf 84' lang='lat' dir='ltr'>hujusmodi</span> 
     </span>
     <span class='ocr_line' id='line_1_66' title="bbox 1294 1155 2305 1195; baseline 0.001 -10"><span class='ocrx_word' id='word_1_425' title='bbox 1294 1155 1427 1191; x_wconf 79' lang='lat' dir='ltr'>salinis,</span> <span class='ocrx_word' id='word_1_426' title='bbox 1447 1156 1481 1185; x_wconf 90' lang='lat' dir='ltr'>in</span> <span class='ocrx_word' id='word_1_427' title='bbox 1497 1158 1554 1185; x_wconf 87' lang='lat' dir='ltr'>tua</span> <span class='ocrx_word' id='word_1_428' title='bbox 1570 1157 1602 1186; x_wconf 90' lang='lat' dir='ltr'>et</span> <span class='ocrx_word' id='word_1_429' title='bbox 1617 1156 1769 1194; x_wconf 84' lang='lat' dir='ltr'>ejusdem</span> <span class='ocrx_word' id='word_1_430' title='bbox 1793 1156 1934 1186; x_wconf 85' lang='lat' dir='ltr'>ecclesie</span> <span class='ocrx_word' id='word_1_431' title='bbox 1948 1158 2038 1186; x_wconf 89' lang='lat' dir='ltr'>terra</span> <span class='ocrx_word' id='word_1_432' title='bbox 2059 1157 2147 1193; x_wconf 82' lang='lat' dir='ltr'>sitis,</span> <span class='ocrx_word' id='word_1_433' title='bbox 2166 1165 2305 1195; x_wconf 83' lang='lat' dir='ltr'>magnas</span> 
     </span>
     <span class='ocr_line' id='line_1_67' title="bbox 1294 1208 2305 1248; baseline 0.002 -10"><span class='ocrx_word' id='word_1_434' title='bbox 1294 1208 1517 1239; x_wconf 78' lang='lat' dir='ltr'>obventiones</span> <span class='ocrx_word' id='word_1_435' title='bbox 1532 1209 1694 1239; x_wconf 83' lang='lat' dir='ltr'>hactenus</span> <span class='ocrx_word' id='word_1_436' title='bbox 1712 1209 1912 1245; x_wconf 80' lang='lat' dir='ltr'>habuerunt,</span> <span class='ocrx_word' id='word_1_437' title='bbox 1926 1210 1991 1248; x_wconf 76' lang='lat' dir='ltr'>ipsi</span> <span class='ocrx_word' id='word_1_438' title='bbox 2005 1210 2147 1240; x_wconf 72' lang='lat' dir='ltr'>ecclesie</span> <span class='ocrx_word' id='word_1_439' title='bbox 2163 1211 2196 1240; x_wconf 90' lang='lat' dir='ltr'>in</span> <span class='ocrx_word' id='word_1_440' title='bbox 2214 1212 2305 1240; x_wconf 82' lang='lat' dir='ltr'>tanta</span> 
     </span>
     <span class='ocr_line' id='line_1_68' title="bbox 1294 1262 2304 1302; baseline 0.002 -11"><span class='ocrx_word' id='word_1_441' title='bbox 1294 1262 1497 1292; x_wconf 79' lang='lat' dir='ltr'>necessitate</span> <span class='ocrx_word' id='word_1_442' title='bbox 1517 1262 1662 1301; x_wconf 84' lang='lat' dir='ltr'>alicujus</span> <span class='ocrx_word' id='word_1_443' title='bbox 1688 1263 1809 1293; x_wconf 75' lang='lat' dir='ltr'>auxilii</span> <span class='ocrx_word' id='word_1_444' title='bbox 1827 1263 2001 1293; x_wconf 78' lang='lat' dir='ltr'>dexteram</span> <span class='ocrx_word' id='word_1_445' title='bbox 2024 1264 2209 1302; x_wconf 79' lang='lat' dir='ltr'>porrigant,</span> <span class='ocrx_word' id='word_1_446' title='bbox 2230 1272 2304 1293; x_wconf 85' lang='lat' dir='ltr'>con-</span> 
     </span>
     <span class='ocr_line' id='line_1_69' title="bbox 1293 1315 2304 1355; baseline 0.001 -10"><span class='ocrx_word' id='word_1_447' title='bbox 1293 1315 1473 1346; x_wconf 83' lang='lat' dir='ltr'>tribuendo</span> <span class='ocrx_word' id='word_1_448' title='bbox 1492 1315 1526 1345; x_wconf 86' lang='lat' dir='ltr'>in</span> <span class='ocrx_word' id='word_1_449' title='bbox 1548 1316 1659 1354; x_wconf 82' lang='lat' dir='ltr'>aliquo</span> <span class='ocrx_word' id='word_1_450' title='bbox 1682 1317 1714 1345; x_wconf 92' lang='lat' dir='ltr'>in</span> <span class='ocrx_word' id='word_1_451' title='bbox 1734 1316 1939 1346; x_wconf 83' lang='lat' dir='ltr'>solutionem</span> <span class='ocrx_word' id='word_1_452' title='bbox 1965 1316 2160 1355; x_wconf 82' lang='lat' dir='ltr'>hujusmodi</span> <span class='ocrx_word' id='word_1_453' title='bbox 2178 1316 2304 1346; x_wconf 87' lang='lat' dir='ltr'>debito-</span> 
     </span>
     <span class='ocr_line' id='line_1_70' title="bbox 1294 1369 2304 1408; baseline 0.002 -10"><span class='ocrx_word' id='word_1_454' title='bbox 1294 1378 1382 1405; x_wconf 89' lang='lat' dir='ltr'>rum,</span> <span class='ocrx_word' id='word_1_455' title='bbox 1405 1377 1478 1404; x_wconf 86' lang='lat' dir='ltr'>nos,</span> <span class='ocrx_word' id='word_1_456' title='bbox 1497 1369 1566 1399; x_wconf 87' lang='lat' dir='ltr'>tuis</span> <span class='ocrx_word' id='word_1_457' title='bbox 1587 1369 1895 1408; x_wconf 87' lang='lat' dir='ltr'>supplicationibus</span> <span class='ocrx_word' id='word_1_458' title='bbox 1912 1370 2079 1405; x_wconf 87' lang='lat' dir='ltr'>inclinati,</span> <span class='ocrx_word' id='word_1_459' title='bbox 2099 1371 2135 1400; x_wconf 92' lang='lat' dir='ltr'>ut</span> <span class='ocrx_word' id='word_1_460' title='bbox 2152 1370 2304 1400; x_wconf 81' lang='lat' dir='ltr'>redditus</span> 
     </span>
     <span class='ocr_line' id='line_1_71' title="bbox 1293 1423 2304 1461; baseline -0.001 -9"><span class='ocrx_word' id='word_1_461' title='bbox 1293 1424 1324 1452; x_wconf 91' lang='lat' dir='ltr'>et</span> <span class='ocrx_word' id='word_1_462' title='bbox 1343 1424 1527 1460; x_wconf 86' lang='lat' dir='ltr'>proventus</span> <span class='ocrx_word' id='word_1_463' title='bbox 1552 1423 1747 1452; x_wconf 86' lang='lat' dir='ltr'>earumdem</span> <span class='ocrx_word' id='word_1_464' title='bbox 1765 1423 1963 1457; x_wconf 84' lang='lat' dir='ltr'>salinarum,</span> <span class='ocrx_word' id='word_1_465' title='bbox 1981 1425 2173 1461; x_wconf 85' lang='lat' dir='ltr'>spectantes</span> <span class='ocrx_word' id='word_1_466' title='bbox 2191 1423 2231 1453; x_wconf 85' lang='lat' dir='ltr'>ad</span> <span class='ocrx_word' id='word_1_467' title='bbox 2250 1423 2304 1453; x_wconf 73' lang='lat' dir='ltr'>al»-</span> 
     </span>
     <span class='ocr_line' id='line_1_72' title="bbox 1293 1475 2303 1515; baseline 0.001 -10"><span class='ocrx_word' id='word_1_468' title='bbox 1293 1475 1398 1511; x_wconf 83' lang='lat' dir='ltr'>bates,</span> <span class='ocrx_word' id='word_1_469' title='bbox 1419 1479 1605 1505; x_wconf 88' lang='lat' dir='ltr'>conventus</span> <span class='ocrx_word' id='word_1_470' title='bbox 1621 1477 1653 1505; x_wconf 90' lang='lat' dir='ltr'>et</span> <span class='ocrx_word' id='word_1_471' title='bbox 1669 1476 1810 1506; x_wconf 85' lang='lat' dir='ltr'>clericos</span> <span class='ocrx_word' id='word_1_472' title='bbox 1830 1478 2046 1511; x_wconf 83' lang='lat' dir='ltr'>memoratos,</span> <span class='ocrx_word' id='word_1_473' title='bbox 2060 1485 2234 1515; x_wconf 86' lang='lat' dir='ltr'>perunum</span> <span class='ocrx_word' id='word_1_474' title='bbox 2248 1486 2303 1507; x_wconf 85' lang='lat' dir='ltr'>an-</span> 
     </span>
     <span class='ocr_line' id='line_1_73' title="bbox 1292 1528 2302 1567; baseline 0.002 -9"><span class='ocrx_word' id='word_1_475' title='bbox 1292 1537 1372 1558; x_wconf 89' lang='lat' dir='ltr'>num</span> <span class='ocrx_word' id='word_1_476' title='bbox 1393 1529 1565 1567; x_wconf 86' lang='lat' dir='ltr'>percipere</span> <span class='ocrx_word' id='word_1_477' title='bbox 1581 1528 1687 1558; x_wconf 87' lang='lat' dir='ltr'>libere</span> <span class='ocrx_word' id='word_1_478' title='bbox 1707 1529 1821 1558; x_wconf 81' lang='lat' dir='ltr'>valeas</span> <span class='ocrx_word' id='word_1_479' title='bbox 1837 1529 1871 1558; x_wconf 87' lang='lat' dir='ltr'>in</span> <span class='ocrx_word' id='word_1_480' title='bbox 1889 1529 2093 1559; x_wconf 86' lang='lat' dir='ltr'>solutionem</span> <span class='ocrx_word' id='word_1_481' title='bbox 2111 1529 2302 1560; x_wconf 83' lang='lat' dir='ltr'>debitorum</span> 
     </span>
     <span class='ocr_line' id='line_1_74' title="bbox 1291 1581 2299 1622; baseline 0.002 -11"><span class='ocrx_word' id='word_1_482' title='bbox 1291 1581 1483 1620; x_wconf 78' lang='lat' dir='ltr'>hujusmodi</span> <span class='ocrx_word' id='word_1_483' title='bbox 1503 1582 1758 1618; x_wconf 81' lang='lat' dir='ltr'>convertendos,</span> <span class='ocrx_word' id='word_1_484' title='bbox 1781 1583 1928 1612; x_wconf 79' lang='lat' dir='ltr'>maxime</span> <span class='ocrx_word' id='word_1_485' title='bbox 1946 1582 2041 1617; x_wconf 63' lang='lat' dir='ltr'>rum,</span> <span class='ocrx_word' id='word_1_486' title='bbox 2063 1585 2147 1612; x_wconf 87' lang='lat' dir='ltr'>sicut</span> <span class='ocrx_word' id='word_1_487' title='bbox 2175 1584 2299 1622; x_wconf 83' lang='lat' dir='ltr'>accepi-</span> 
     </span>
     <span class='ocr_line' id='line_1_75' title="bbox 1292 1635 2302 1675; baseline 0.002 -11"><span class='ocrx_word' id='word_1_488' title='bbox 1292 1644 1378 1669; x_wconf 82' lang='lat' dir='ltr'>mus,</span> <span class='ocrx_word' id='word_1_489' title='bbox 1403 1635 1661 1673; x_wconf 78' lang='lat' dir='ltr'>predecessores</span> <span class='ocrx_word' id='word_1_490' title='bbox 1680 1635 1798 1671; x_wconf 75' lang='lat' dir='ltr'>nostri,</span> <span class='ocrx_word' id='word_1_491' title='bbox 1818 1636 1961 1666; x_wconf 83' lang='lat' dir='ltr'>Romani</span> <span class='ocrx_word' id='word_1_492' title='bbox 1980 1636 2302 1675; x_wconf 79' lang='lat' dir='ltr'>pontifices‚aliqui-</span> 
     </span>
     <span class='ocr_line' id='line_1_76' title="bbox 1290 1687 2303 1728; baseline 0.002 -10"><span class='ocrx_word' id='word_1_493' title='bbox 1290 1687 1354 1718; x_wconf 87' lang='lat' dir='ltr'>bus</span> <span class='ocrx_word' id='word_1_494' title='bbox 1373 1688 1672 1727; x_wconf 86' lang='lat' dir='ltr'>predecessoribus</span> <span class='ocrx_word' id='word_1_495' title='bbox 1695 1689 1776 1724; x_wconf 83' lang='lat' dir='ltr'>tuis,</span> <span class='ocrx_word' id='word_1_496' title='bbox 1808 1688 2020 1719; x_wconf 86' lang='lat' dir='ltr'>Metensibus</span> <span class='ocrx_word' id='word_1_497' title='bbox 2043 1689 2226 1728; x_wconf 88' lang='lat' dir='ltr'>episcopis,</span> <span class='ocrx_word' id='word_1_498' title='bbox 2245 1690 2303 1728; x_wconf 78' lang='lat' dir='ltr'>qui</span> 
     </span>
     <span class='ocr_line' id='line_1_77' title="bbox 1291 1740 2303 1780; baseline 0.002 -10"><span class='ocrx_word' id='word_1_499' title='bbox 1291 1740 1385 1770; x_wconf 82' lang='lat' dir='ltr'>fuere</span> <span class='ocrx_word' id='word_1_500' title='bbox 1401 1750 1461 1779; x_wconf 90' lang='lat' dir='ltr'>pro</span> <span class='ocrx_word' id='word_1_501' title='bbox 1494 1742 1657 1779; x_wconf 82' lang='lat' dir='ltr'>tempore,</span> <span class='ocrx_word' id='word_1_502' title='bbox 1680 1741 1827 1771; x_wconf 85' lang='lat' dir='ltr'>similem</span> <span class='ocrx_word' id='word_1_503' title='bbox 1860 1742 2016 1780; x_wconf 77' lang='lat' dir='ltr'>gratiam,</span> <span class='ocrx_word' id='word_1_504' title='bbox 2050 1743 2183 1780; x_wconf 84' lang='lat' dir='ltr'>quando</span> <span class='ocrx_word' id='word_1_505' title='bbox 2214 1743 2303 1773; x_wconf 81' lang='lat' dir='ltr'>dicta</span> 
     </span>
     <span class='ocr_line' id='line_1_78' title="bbox 1290 1794 2303 1834; baseline 0.002 -11"><span class='ocrx_word' id='word_1_506' title='bbox 1290 1794 1433 1824; x_wconf 80' lang='lat' dir='ltr'>ecelesia</span> <span class='ocrx_word' id='word_1_507' title='bbox 1458 1803 1518 1823; x_wconf 90' lang='lat' dir='ltr'>nec</span> <span class='ocrx_word' id='word_1_508' title='bbox 1541 1795 1645 1824; x_wconf 85' lang='lat' dir='ltr'>tantis</span> <span class='ocrx_word' id='word_1_509' title='bbox 1666 1803 1723 1824; x_wconf 89' lang='lat' dir='ltr'>nec</span> <span class='ocrx_word' id='word_1_510' title='bbox 1748 1796 1813 1824; x_wconf 87' lang='lat' dir='ltr'>tam</span> <span class='ocrx_word' id='word_1_511' title='bbox 1844 1794 2004 1833; x_wconf 72' lang='lat' dir='ltr'>gravibus</span> <span class='ocrx_word' id='word_1_512' title='bbox 2034 1794 2157 1824; x_wconf 83' lang='lat' dir='ltr'>debitis</span> <span class='ocrx_word' id='word_1_513' title='bbox 2175 1804 2303 1834; x_wconf 89' lang='lat' dir='ltr'>preme—</span> 
     </span>
     <span class='ocr_line' id='line_1_79' title="bbox 1290 1846 2302 1886; baseline 0.002 -10"><span class='ocrx_word' id='word_1_514' title='bbox 1290 1846 1399 1883; x_wconf 85' lang='lat' dir='ltr'>batur,</span> <span class='ocrx_word' id='word_1_515' title='bbox 1421 1847 1577 1877; x_wconf 81' lang='lat' dir='ltr'>duxerint</span> <span class='ocrx_word' id='word_1_516' title='bbox 1593 1847 1791 1882; x_wconf 77' lang='lat' dir='ltr'>faciendam,</span> <span class='ocrx_word' id='word_1_517' title='bbox 1807 1847 2080 1877; x_wconf 83' lang='lat' dir='ltr'>auctoritatetibi</span> <span class='ocrx_word' id='word_1_518' title='bbox 2093 1849 2302 1886; x_wconf 84' lang='lat' dir='ltr'>presentium</span> 
     </span>
     <span class='ocr_line' id='line_1_80' title="bbox 1292 1900 2303 1940; baseline 0.003 -11"><span class='ocrx_word' id='word_1_519' title='bbox 1292 1900 1520 1939; x_wconf 85' lang='lat' dir='ltr'>indulgemus.</span> <span class='ocrx_word' id='word_1_520' title='bbox 1552 1901 1627 1930; x_wconf 84' lang='lat' dir='ltr'>Non</span> <span class='ocrx_word' id='word_1_521' title='bbox 1651 1900 1866 1931; x_wconf 86' lang='lat' dir='ltr'>obstantibus</span> <span class='ocrx_word' id='word_1_522' title='bbox 1894 1919 1943 1929; x_wconf 94' lang='lat'>—.</span> <span class='ocrx_word' id='word_1_523' title='bbox 1966 1901 2061 1931; x_wconf 84' lang='lat' dir='ltr'>Nulli</span> <span class='ocrx_word' id='word_1_524' title='bbox 2080 1909 2158 1940; x_wconf 82' lang='lat' dir='ltr'>ergo</span> <span class='ocrx_word' id='word_1_525' title='bbox 2188 1904 2303 1932; x_wconf 87' lang='lat' dir='ltr'>nostre</span> 
     </span>
     <span class='ocr_line' id='line_1_81' title="bbox 1290 1953 2303 1992; baseline 0.001 -9"><span class='ocrx_word' id='word_1_526' title='bbox 1290 1954 1520 1984; x_wconf 85' lang='lat' dir='ltr'>concessionis</span> <span class='ocrx_word' id='word_1_527' title='bbox 1538 1971 1586 1982; x_wconf 86' lang='lat'>-.</span> <span class='ocrx_word' id='word_1_528' title='bbox 1605 1954 1729 1984; x_wconf 86' lang='lat' dir='ltr'>Datum</span> <span class='ocrx_word' id='word_1_529' title='bbox 1753 1954 1841 1992; x_wconf 83' lang='lat' dir='ltr'>apud</span> <span class='ocrx_word' id='word_1_530' title='bbox 1870 1953 2159 1990; x_wconf 62' lang='lat' dir='ltr'>[rbemvetereim</span> <span class='ocrx_word' id='word_1_531' title='bbox 2184 1965 2226 1984; x_wconf 83' lang='lat' dir='ltr'>vu</span> <span class='ocrx_word' id='word_1_532' title='bbox 2245 1956 2303 1985; x_wconf 84' lang='lat' dir='ltr'>ka-</span> 
     </span>
     <span class='ocr_line' id='line_1_82' title="bbox 1290 2007 1822 2042; baseline 0 -6"><span class='ocrx_word' id='word_1_533' title='bbox 1290 2007 1408 2037; x_wconf 82' lang='lat' dir='ltr'>lendas</span> <span class='ocrx_word' id='word_1_534' title='bbox 1427 2007 1552 2042; x_wconf 88' lang='lat' dir='ltr'>martii,</span> <span class='ocrx_word' id='word_1_535' title='bbox 1572 2016 1658 2037; x_wconf 88' lang='lat' dir='ltr'>anno</span> <span class='ocrx_word' id='word_1_536' title='bbox 1675 2007 1787 2037; x_wconf 87' lang='lat' dir='ltr'>tertio.</span> <span class='ocrx_word' id='word_1_537' title='bbox 1808 2018 1822 2035; x_wconf 68' lang='grc' dir='ltr'>υ</span> 
     </span>
    </p>
   </div>
   <div class='ocr_carea' id='block_1_19' title="bbox 1831 2196 2228 2226">
    <p class='ocr_par' dir='ltr' id='par_1_19' title="bbox 1831 2196 2228 2226">
     <span class='ocr_line' id='line_1_83' title="bbox 1831 2196 2228 2226; baseline 0.003 -4"><span class='ocrx_word' id='word_1_538' title='bbox 1831 2197 1956 2226; x_wconf 73' lang='lat' dir='ltr'>Orvieto,</span> <span class='ocrx_word' id='word_1_539' title='bbox 1978 2197 2011 2223; x_wconf 55' lang='lat'>222</span> <span class='ocrx_word' id='word_1_540' title='bbox 2029 2196 2134 2222; x_wconf 69' lang='lat' dir='ltr'>fevi-ier</span> <span class='ocrx_word' id='word_1_541' title='bbox 2153 2197 2228 2223; x_wconf 65' lang='lat' dir='ltr'>lssct.</span> 
     </span>
    </p>
   </div>
   <div class='ocr_carea' id='block_1_20' title="bbox 1383 2199 1480 2230">
    <p class='ocr_par' dir='ltr' id='par_1_20' title="bbox 1383 2199 1480 2230">
     <span class='ocr_line' id='line_1_84' title="bbox 1383 2199 1480 2230; baseline 0 -1"><span class='ocrx_word' id='word_1_542' title='bbox 1383 2199 1480 2230; x_wconf 75' lang='lat'><strong>1392</strong></span> 
     </span>
    </p>
   </div>
   <div class='ocr_carea' id='block_1_21' title="bbox 1291 2281 2301 2366">
    <p class='ocr_par' dir='ltr' id='par_1_21' title="bbox 1291 2281 2301 2366">
     <span class='ocr_line' id='line_1_85' title="bbox 1327 2281 2301 2316; baseline -0.001 -8"><span class='ocrx_word' id='word_1_543' title='bbox 1327 2281 1524 2316; x_wconf 76' lang='lat' dir='ltr'>infrascriptis</span> <span class='ocrx_word' id='word_1_544' title='bbox 1562 2281 1701 2315; x_wconf 77' lang='lat' dir='ltr'>praedicti</span> <span class='ocrx_word' id='word_1_545' title='bbox 1744 2281 1901 2308; x_wconf 82' lang='lat' dir='ltr'>committit</span> <span class='ocrx_word' id='word_1_546' title='bbox 1943 2281 2142 2308; x_wconf 79' lang='lat' dir='ltr'>executionem</span> <span class='ocrx_word' id='word_1_547' title='bbox 2189 2281 2301 2308; x_wconf 85' lang='lat' dir='ltr'>indulti.</span> 
     </span>
     <span class='ocr_line' id='line_1_86' title="bbox 1291 2330 1720 2366; baseline -0.005 -8"><span class='ocrx_word' id='word_1_548' title='bbox 1291 2331 1372 2366; x_wconf 83' lang='lat' dir='ltr'>(REG.</span> <span class='ocrx_word' id='word_1_549' title='bbox 1392 2332 1436 2361; x_wconf 70' lang='lat'>29,</span> <span class='ocrx_word' id='word_1_550' title='bbox 1454 2331 1501 2357; x_wconf 84' lang='lat' dir='ltr'>fol.</span> <span class='ocrx_word' id='word_1_551' title='bbox 1522 2330 1580 2357; x_wconf 75' lang='lat'>125.</span> <span class='ocrx_word' id='word_1_552' title='bbox 1601 2336 1629 2356; x_wconf 77' lang='lat' dir='ltr'>u⁰</span> <span class='ocrx_word' id='word_1_553' title='bbox 1644 2331 1720 2357; x_wconf 48' lang='grc' dir='ltr'>ΗΖΛ</span> 
     </span>
    </p>
   </div>
   <div class='ocr_carea' id='block_1_22' title="bbox 1290 2441 2307 2640">
    <p class='ocr_par' dir='ltr' id='par_1_22' title="bbox 1290 2441 2307 2640">
     <span class='ocr_line' id='line_1_87' title="bbox 1331 2441 2303 2477; baseline -0.004 -3"><span class='ocrx_word' id='word_1_554' title='bbox 1331 2453 1349 2474; x_wconf 90' lang='grc'>((</span> <span class='ocrx_word' id='word_1_555' title='bbox 1372 2443 1407 2473; x_wconf 86' lang='lat' dir='ltr'>S.</span> <span class='ocrx_word' id='word_1_556' title='bbox 1427 2442 1585 2473; x_wconf 74' lang='lat' dir='ltr'>Michaelis</span> <span class='ocrx_word' id='word_1_557' title='bbox 1597 2447 1622 2471; x_wconf 79' lang='lat' dir='ltr'>ee</span> <span class='ocrx_word' id='word_1_558' title='bbox 1638 2442 1674 2471; x_wconf 82' lang='lat' dir='ltr'>dc</span> <span class='ocrx_word' id='word_1_559' title='bbox 1689 2464 1715 2470; x_wconf 95' lang='lat'>..</span> <span class='ocrx_word' id='word_1_560' title='bbox 1739 2441 1901 2477; x_wconf 84' lang='lat' dir='ltr'>Belloloco,</span> <span class='ocrx_word' id='word_1_561' title='bbox 1921 2451 1943 2471; x_wconf 88' lang='lat' dir='ltr'>s.</span> <span class='ocrx_word' id='word_1_562' title='bbox 1968 2441 2126 2471; x_wconf 73' lang='lat' dir='ltr'>Benedicti</span> <span class='ocrx_word' id='word_1_563' title='bbox 2144 2446 2173 2470; x_wconf 80' lang='lat' dir='ltr'>ec</span> <span class='ocrx_word' id='word_1_564' title='bbox 2194 2452 2218 2471; x_wconf 77' lang='lat' dir='ltr'>s.</span> <span class='ocrx_word' id='word_1_565' title='bbox 2244 2442 2303 2470; x_wconf 67' lang='lat' dir='ltr'>Aa·</span> 
     </span>
     <span class='ocr_line' id='line_1_88' title="bbox 1290 2494 2305 2536; baseline -0.002 -11"><span class='ocrx_word' id='word_1_566' title='bbox 1290 2496 1405 2536; x_wconf 68' lang='lat' dir='ltr'>yuslini</span> <span class='ocrx_word' id='word_1_567' title='bbox 1423 2495 1562 2525; x_wconf 78' lang='lat' dir='ltr'>ordinum</span> <span class='ocrx_word' id='word_1_568' title='bbox 1579 2494 1749 2529; x_wconf 74' lang='lat' dir='ltr'>abhatibus,</span> <span class='ocrx_word' id='word_1_569' title='bbox 1766 2500 1794 2524; x_wconf 81' lang='lat' dir='ltr'>et</span> <span class='ocrx_word' id='word_1_570' title='bbox 1811 2518 1816 2523; x_wconf 93' lang='lat'>.</span> <span class='ocrx_word' id='word_1_571' title='bbox 1833 2519 1838 2524; x_wconf 91' lang='lat'><em>.</em></span> <span class='ocrx_word' id='word_1_572' title='bbox 1862 2495 1981 2524; x_wconf 74' lang='lat' dir='ltr'>cantori</span> <span class='ocrx_word' id='word_1_573' title='bbox 1999 2494 2120 2524; x_wconf 82' lang='lat' dir='ltr'>ecclesie</span> <span class='ocrx_word' id='word_1_574' title='bbox 2135 2494 2171 2524; x_wconf 80' lang='lat' dir='ltr'>de</span> <span class='ocrx_word' id='word_1_575' title='bbox 2197 2494 2305 2524; x_wconf 74' lang='lat' dir='ltr'>Trian-</span> 
     </span>
     <span class='ocr_line' id='line_1_89' title="bbox 1291 2547 2307 2590; baseline -0.001 -12"><span class='ocrx_word' id='word_1_576' title='bbox 1291 2548 1373 2590; x_wconf 70' lang='grc' dir='ltr'><em>ῃῑιῐο,</em></span> <span class='ocrx_word' id='word_1_577' title='bbox 1403 2548 1585 2579; x_wconf 78' lang='lat' dir='ltr'>Senonensis</span> <span class='ocrx_word' id='word_1_578' title='bbox 1610 2554 1638 2578; x_wconf 74' lang='lat' dir='ltr'>et</span> <span class='ocrx_word' id='word_1_579' title='bbox 1671 2547 1866 2578; x_wconf 75' lang='lat' dir='ltr'>Virdimensis</span> <span class='ocrx_word' id='word_1_580' title='bbox 1887 2547 2047 2578; x_wconf 60' lang='lat' dir='ltr'>diocesem.</span> <span class='ocrx_word' id='word_1_581' title='bbox 2066 2548 2164 2578; x_wconf 81' lang='lat' dir='ltr'>Circa</span> <span class='ocrx_word' id='word_1_582' title='bbox 2191 2557 2307 2578; x_wconf 87' lang='lat' dir='ltr'>curam</span> 
     </span>
     <span class='ocr_line' id='line_1_90' title="bbox 1293 2601 2303 2640; baseline -0.003 -7"><span class='ocrx_word' id='word_1_583' title='bbox 1293 2604 1355 2633; x_wconf 89' lang='lat' dir='ltr'>etc.</span> <span class='ocrx_word' id='word_1_584' title='bbox 1374 2621 1421 2631; x_wconf 86' lang='lat'>—.</span> <span class='ocrx_word' id='word_1_585' title='bbox 1439 2603 1563 2633; x_wconf 83' lang='lat' dir='ltr'>Datum</span> <span class='ocrx_word' id='word_1_586' title='bbox 1575 2602 1662 2640; x_wconf 88' lang='lat' dir='ltr'>apud</span> <span class='ocrx_word' id='word_1_587' title='bbox 1678 2601 1967 2637; x_wconf 75' lang='lat' dir='ltr'>Urbeniveterem,</span> <span class='ocrx_word' id='word_1_588' title='bbox 1980 2611 2024 2631; x_wconf 77' lang='lat' dir='ltr'>vu</span> <span class='ocrx_word' id='word_1_589' title='bbox 2041 2601 2204 2631; x_wconf 84' lang='lat' dir='ltr'>kalendas</span> <span class='ocrx_word' id='word_1_590' title='bbox 2220 2610 2303 2631; x_wconf 80' lang='lat' dir='ltr'>mar-</span> 
     </span>
    </p>
   </div>
   <div class='ocr_carea' id='block_1_23' title="bbox 1293 2655 1613 2690">
    <p class='ocr_par' dir='ltr' id='par_1_23' title="bbox 1293 2655 1613 2690">
     <span class='ocr_line' id='line_1_91' title="bbox 1293 2655 1613 2690; baseline -0.003 -5"><span class='ocrx_word' id='word_1_591' title='bbox 1293 2655 1343 2690; x_wconf 87' lang='lat' dir='ltr'>tii,</span> <span class='ocrx_word' id='word_1_592' title='bbox 1365 2664 1451 2685; x_wconf 90' lang='lat' dir='ltr'>anno</span> <span class='ocrx_word' id='word_1_593' title='bbox 1468 2655 1577 2685; x_wconf 87' lang='lat' dir='ltr'>tertio.</span> <span class='ocrx_word' id='word_1_594' title='bbox 1599 2665 1613 2684; x_wconf 80' lang='grc'>))</span> 
     </span>
    </p>
   </div>
   <div class='ocr_carea' id='block_1_24' title="bbox 1295 2774 2307 2844">
    <p class='ocr_par' dir='ltr' id='par_1_24' title="bbox 1295 2774 2307 2844">
     <span class='ocr_line' id='line_1_92' title="bbox 1328 2774 2307 2805; baseline -0.001 -5"><span class='ocrx_word' id='word_1_595' title='bbox 1328 2777 1350 2800; x_wconf 84' lang='lat'>1.</span> <span class='ocrx_word' id='word_1_596' title='bbox 1371 2775 1553 2800; x_wconf 73' lang='lat' dir='ltr'>C&#39;est-a-dire</span> <span class='ocrx_word' id='word_1_597' title='bbox 1574 2775 1602 2798; x_wconf 82' lang='lat' dir='ltr'>la</span> <span class='ocrx_word' id='word_1_598' title='bbox 1626 2775 1709 2799; x_wconf 67' lang='lat' dir='ltr'>lettre</span> <span class='ocrx_word' id='word_1_599' title='bbox 1739 2779 1769 2798; x_wconf 79' lang='lat' dir='ltr'>n⁰</span> <span class='ocrx_word' id='word_1_600' title='bbox 1799 2775 1867 2799; x_wconf 76' lang='lat'>1:388.</span> <span class='ocrx_word' id='word_1_601' title='bbox 1890 2775 2044 2799; x_wconf 78' lang='lat' dir='ltr'>transcritc</span> <span class='ocrx_word' id='word_1_602' title='bbox 2065 2774 2136 2799; x_wconf 80' lang='lat' dir='ltr'>dans</span> <span class='ocrx_word' id='word_1_603' title='bbox 2161 2774 2185 2799; x_wconf 78' lang='lat' dir='ltr'>le</span> <span class='ocrx_word' id='word_1_604' title='bbox 2210 2775 2307 2805; x_wconf 66' lang='lat' dir='ltr'>Regis-</span> 
     </span>
     <span class='ocr_line' id='line_1_93' title="bbox 1295 2821 1507 2844; baseline -0.005 0"><span class='ocrx_word' id='word_1_605' title='bbox 1295 2822 1338 2844; x_wconf 81' lang='lat' dir='ltr'>tre</span> <span class='ocrx_word' id='word_1_606' title='bbox 1353 2827 1389 2844; x_wconf 86' lang='lat' dir='ltr'>au</span> <span class='ocrx_word' id='word_1_607' title='bbox 1403 2825 1433 2844; x_wconf 85' lang='lat' dir='ltr'>n⁰</span> <span class='ocrx_word' id='word_1_608' title='bbox 1452 2821 1507 2844; x_wconf 82' lang='lat'>257.</span> 
     </span>
    </p>
   </div>
   <div class='ocr_carea' id='block_1_25' title="bbox 2149 2930 2183 2956">
    <p class='ocr_par' dir='ltr' id='par_1_25' title="bbox 2149 2930 2183 2956">
     <span class='ocr_line' id='line_1_94' title="bbox 2149 2930 2183 2956; baseline 0 0"><span class='ocrx_word' id='word_1_609' title='bbox 2149 2930 2183 2956; x_wconf 80' lang='lat'>25</span> 
     </span>
    </p>
   </div>
  </div>
 </body>
</html>
