2519 3262
1041 231 1281 270 'ruorsOEME
1311 230 1475 268 ΑΝΝΕΕ.
2239 243 2296 271 273

216 328 272 357 tus
301 327 505 357 servitorum
533 327 684 365 ejusdem
710 327 882 365 prioratus
903 333 1067 355 numerus
1088 323 1230 353 nullate-

217 389 280 410 nus
305 380 487 416 minuatur,
507 382 538 409 et
556 379 753 410 memoratis
773 378 885 408 abbati
901 381 934 408 et
954 376 1133 407 conventui
1151 384 1226 422 cum

218 434 411 473 integritate
439 434 615 473 persolvas
638 432 798 472 quicquid
825 431 875 462 eis
896 431 936 461 de
962 431 1050 460 dicto
1076 429 1229 468 prioratu

218 487 303 517 solvi
320 487 418 517 annis
436 486 582 525 singulis
598 485 783 516 consuevit.
804 483 900 515 Nulli
923 492 1001 522 ergo
1021 484 1135 512 nostre
1153 490 1225 511 con-

217 540 383 570 cessionis
402 542 462 570 etc.
490 540 615 570 Datum
632 538 721 577 apud
744 537 1032 572 Urbemveterem,
1053 544 1097 564 xii
1113 534 1228 564 kalen-

218 593 278 623 das
291 593 391 632 junii,
409 601 496 623 anno
514 592 625 623 tertio.
644 600 661 621 »

311 757 406 788 1755
812 751 936 782 Orvieto,
953 752 987 779 23
1004 751 1061 777 mai
1078 751 1157 778 1204.

253 839 420 874 Praeposito
441 838 579 866 ecclesiae
601 846 624 864 s.
647 836 760 864 Martini
785 835 940 862 Mindensis
963 835 1082 862 mandat
1106 837 1136 862 ut
1163 835 1229 862 Ber-

217 890 377 915 trammum
398 891 541 914 rectorem
559 885 697 914 ecclesiae
718 885 746 912 in
768 885 899 916 Lerbike,
919 884 1076 911 Mindensis
1095 884 1227 918 diocesis,

217 936 463 971 consanguineum
482 935 579 962 fratris
599 935 765 965 llermanni,
784 933 892 960 ordinis
910 933 1156 964 Praedicatorum,
1174 941 1231 967 pue-

217 984 378 1012 nitentiarii
403 988 430 1012 et
447 984 587 1019 capellani
611 983 774 1019 apostolici,
796 982 950 1010 ecclesiam
971 982 1050 1017 cujus
1076 984 1230 1017 proventus

215 1033 424 1061 insufficientes
439 1034 576 1065 existunt,
593 1033 739 1068 resignare
757 1034 903 1067 paratum,
920 1031 948 1058 in
968 1031 1090 1058 ecclesia
1109 1030 1229 1057 Wildes-

215 1082 342 1114 husensi,
364 1082 595 1117 Osnaburgensis
610 1081 743 1112 diocesis,
758 1081 787 1107 in
803 1080 975 1108 canonicum
989 1088 1055 1107 cum
1069 1080 1230 1115 praebenda

214 1131 389 1166 vacanti-'seu
406 1134 543 1159 vacatura
559 1130 649 1166 recipi
667 1130 765 1157 faciat.
782 1130 862 1165 (Bm.
879 1130 923 1163 29,
940 1128 989 1156 fol.
1012 1129 1068 1162 170,
1086 1134 1115 1155 n⁰
1127 1129 1179 1157 8οἴ)
1196 1128 1229 1160 ¹.)

257 1242 271 1261 t(
296 1232 458 1272 Preposito
478 1232 600 1263 ecclesie
624 1243 647 1262 s.
667 1233 798 1263 Martini
819 1232 994 1263 Mindensis.
1016 1231 1228 1263 Constitutus

216 1285 251 1315 in
267 1286 439 1324 presentia
455 1302 504 1315 —.
522 1286 646 1317 Datum
665 1287 753 1325 apud
769 1286 1060 1321 Urbemveterem,
1077 1294 1099 1315 x
1115 1285 1229 1315 kalen-

217 1338 277 1369 das
287 1338 386 1377 junii‚
405 1347 492 1369 anno
508 1340 621 1370 tertio.
644 1350 658 1368 »

309 1507 405 1538 175ss
809 1506 932 1538 Orvieto,
951 1505 983 1533 17
996 1506 1059 1542 juin
1078 1506 1155 1534 1264.

252 1587 390 1622 Magistro
406 1588 520 1623 Heiyae.
540 1588 688 1623 capellano
706 1589 875 1623 apostolico,
894 1589 1032 1616 canonico
1051 1589 1226 1621 Bclvacensi,

216 1638 377 1663 cantoriam
402 1638 540 1665 ecclcsiae
558 1646 580 1664 s.
592 1637 690 1664 Hilarii
711 1638 900 1667 Pictavensis.
918 1641 1067 1665 vacantem
1083 1646 1133 1672 per
1153 1647 1227 1665 mor-

217 1687 277 1711 tem
294 1687 427 1720 magistri
451 1687 558 1721 Ugonis
574 1687 608 1713 dc
627 1696 650 1713 s.
669 1687 817 1720 Amancio,
839 1687 980 1722 capellani
1004 1687 1165 1722 apostolici,
1181 1688 1230 1714 ad-

214 1733 335 1768 judicat.
354 1736 433 1770 (Rae.
453 1736 497 1767 29,
514 1735 563 1762 sol.
581 1736 640 1766 178,
660 1741 691 1762 n⁰
705 1735 782 1770 800.)

258 1846 273 1865 ((
293 1836 442 1876 ,ὶΙαρὶείνο
455 1835 560 1875 Helye,
577 1835 738 1875 capellano
754 1840 866 1872 nostro,
880 1837 1026 1866 canonico
1040 1836 1226 1874 Behracensi,

218 1890 337 1919 cantori
355 1889 476 1918 ecclesie
493 1889 590 1918 sancti
608 1888 705 1918 Ylarii
721 1889 920 1925 Pit-cavensis,
938 1889 979 1919 ad
995 1890 1163 1919 Romanam
1180 1900 1227 1919 ec-

217 1942 337 1972 clesiam
356 1941 440 1971 nullo
461 1941 557 1972 medio
571 1942 767 1982 pertinentis.
788 1942 986 1973 Laudabilis
1003 1944 1228 1974 conversatio—

216 1995 270 2026 nis
287 1997 319 2026 et
336 2013 385 2025 -.
405 1995 550 2025 Proinde
567 1995 737 2034 siquidem
757 1996 943 2026 cantoriam
964 1996 1105 2026 ecclesie
1121 1997 1228 2027 sancti

216 2049 325 2079 Ylarii
343 2049 568 2084 Pictavensis,
588 2058 663 2078 cum
682 2048 840 2079 omnibus
856 2048 992 2087 juribus
1011 2051 1042 2079 et
1059 2050 1230 2088 pertinen—

216 2103 275 2133 tiis
302 2102 386 2138 suis,
417 2104 591 2132 vacantem
617 2111 676 2140 per
694 2105 837 2132 mortem
865 2103 1019 2142 magistri
1044 2103 1171 2142 Ugonis
1189 2104 1228 2134 de

217 2156 333 2185 sancto
355 2155 529 2190 Amancio,
548 2154 734 2193 capellani²
756 2155 875 2189 nostri,
907 2177 913 2184 .
1068 2179 1074 2186 .
1117 2157 1229 2186 canto-

217 2208 265 2239 ris
283 2208 393 2247 ipsius
409 2208 561 2244 ecclesie,
581 2208 638 2246 qui
661 2208 749 2246 apud
764 2208 879 2239 sedem
901 2209 1124 2247 apostolicam
1137 2209 1229 2240 debi-

216 2263 288 2292 tum
310 2264 429 2291 nature
447 2261 622 2300 persolvit,
654 2264 685 2291 et
704 2262 937 2292 canonicatum
952 2262 1105 2301 ejusdem
1125 2262 1229 2293 eccle-

217 2315 278 2351 sie,
298 2323 374 2344 cum
386 2314 595 2353 plenitudine
610 2314 698 2352 juris
713 2315 875 2350 canonici,
892 2315 966 2351 tibi,
987 2315 1066 2346 licet
1084 2315 1227 2352 absenti,

217 2368 402 2407 apostolica
419 2367 618 2398 auctoritate
645 2368 849 2398 contulimus
876 2370 906 2399 et
922 2369 962 2399 de
985 2369 1056 2399 illis
1081 2369 1226 2408 providi-

216 2430 307 2458 mus,
328 2421 490 2451 dilectum
512 2420 620 2451 filium
642 2420 781 2451 fratrem
799 2421 906 2452 Adam
926 2422 1138 2460 capellanum
1153 2431 1229 2453 nos-

217 2477 307 2506 trum
328 2474 551 2505 investientes
573 2475 631 2504 tuo
654 2474 789 2505 nomine
810 2475 850 2504 de
871 2475 999 2505 eisdem
1019 2484 1057 2506 ac
1083 2477 1230 2506 statuen-

216 2530 268 2559 tes
289 2530 325 2559 ut
349 2528 412 2558 tibi
429 2528 468 2558 de
491 2527 648 2557 omnibus
668 2527 889 2565 proventibus
912 2528 999 2558 dicte
1023 2529 1174 2566 ecclesie,
1195 2530 1229 2559 in

217 2590 284 2621 qua
297 2590 362 2612 non
381 2583 443 2614 est,
457 2582 493 2611 ut
510 2581 644 2614 dicitur,
654 2581 890 2610 canonicorum
903 2589 1065 2612 numerus
1086 2590 1146 2612 nec
1162 2582 1230 2612 dis-

217 2635 337 2666 tinctio
353 2634 612 2674 prebendarum,
632 2634 719 2664 sicut
735 2634 793 2663 uni
812 2642 853 2664 ex
870 2634 947 2664 aliis
965 2635 1076 2673 ipsius
1093 2636 1230 2666 ecclesie

217 2688 402 2723 canonicis,
425 2687 595 2726 provideri
618 2686 765 2718 deberet.
789 2687 1013 2718 Decernimus
1033 2697 1167 2727 quoque
1190 2697 1231 2719 ex

217 2743 297 2772 tunc
309 2741 445 2771 irritum
458 2742 489 2771 et
505 2740 603 2771 inane
620 2740 779 2779 quicquid
792 2740 832 2770 de
845 2740 1006 2774 cantoria,
1021 2741 1230 2778 canonicatu,

215 2794 352 2833 juribus
368 2795 400 2824 et
416 2793 630 2832 pertinentiis
644 2792 806 2832 predictis
821 2801 879 2831 per
897 2801 1142 2832 quemcunque,
1160 2803 1234 2825 con-

253 2896 276 2919 i.
296 2895 339 2919 En
357 2901 454 2925 mai-ge
472 2899 478 2918 ς
497 2903 506 2916 ι
522 2894 658 2925 sufficiens
673 2896 720 2918 est.
741 2902 750 2916 ι

253 2939 278 2963 2.
298 2939 377 2963 Deux
396 2941 469 2963 mots
486 2938 629 2963 illisibles.

349 2984 488 3012 URBAIN
509 2984 564 3018 IV,
585 2986 606 3011 t.
626 2983 683 3015 111,
704 2984 769 3017 Rey.
790 2982 849 3010 ord.

1286 323 1336 352 tra
1359 321 1563 356 collationis,
1586 321 1792 359 provisionis
1816 323 1847 352 et
1873 322 2073 353 investiture
2103 323 2296 361 hujusmodi

1287 376 1449 410 tenorem,
1466 374 1673 412 contingeret
1691 375 1896 413 attemptari,
1917 376 2018 405 certis
2038 375 2099 406 tibi
2119 385 2220 415 super
2238 378 2297 407 boc

1287 427 1525 457 executoribus
1544 428 1724 466 deputatis.
1738 427 1823 458 Sane
1838 428 2024 466 capitulum
2035 429 2183 467 predicte
2198 430 2298 460 eccle-

1287 481 1348 515 sie,
1378 481 1455 519 post
1480 480 1706 517 collationem,
1733 481 1974 519 provisionem,
2004 482 2240 512 investituram
2267 485 2299 513 et

1286 533 1456 564 decretum
1474 533 1679 573 hujusmodi,
1701 534 1902 573 magistrum
1919 535 2057 565 Petrum
2072 535 2187 571 Merle,
2202 545 2299 566 cano·

1287 587 1399 617 nicum
1411 586 1498 617 dicte
1510 587 1663 623 ecclesie,
1680 587 1720 617 de
1733 587 1831 623 facto,
1843 597 1917 618 cum
1929 588 2050 626 dejure
2064 589 2297 627 nequiverant,

1286 640 1430 679 elegisse
1441 641 1475 670 in
1488 642 1658 670 cantorem
1677 641 1786 679 ipsius
1799 641 1939 671 ecclesie
1952 641 2033 671 acin
2046 642 2299 680 possessionem

1287 694 1448 728 cantorie,
1472 693 1601 731 jurium
1629 697 1660 724 et
1690 695 1970 732 pertinentiarum
1998 694 2224 733 predictarum
2252 695 2298 724 in·

1260 761 1262 771 ι
1287 747 1427 777 duxisse
1438 747 1610 781 dicuntur:
1625 748 1740 786 sicque
1754 747 1940 786 capitulum
1955 750 1986 777 et
2002 748 2163 786 magister
2179 748 2299 777 Petrus

1287 800 1428 838 predicti
1447 800 1508 830 tibi
1528 809 1630 838 super
1641 800 1702 830 hoc
1723 800 1871 830 indebite
1884 809 1919 830 se
1936 801 2299 838 opposuerunt.Quare

1287 853 1385 883 nobis
1405 853 1579 884 humiliter
1596 853 1796 892 supplicasti
1815 855 1851 883 ut
1861 853 2037 892 providere
2052 853 2225 892 tibisuper
2240 853 2299 884 hoc

1287 908 1427 945 paterna
1453 906 1683 936 sollicitudine
1708 915 1916 937 curaremus.
1943 906 2015 936 Nos
2043 906 2167 945 itaque,
2197 909 2300 937 atten-

1288 959 1406 990 dentes
1425 960 1514 998 quod
1540 962 1616 998 post
1635 960 1863 995 collationem,
1883 960 2111 998 provisionem
2136 962 2166 990 et
2190 960 2300 990 inves-

1288 1013 1425 1043 tituram
1452 1013 1621 1051 predictas
1651 1021 1688 1043 ac
1713 1014 1789 1051 post
1814 1013 1941 1043 dictum
1961 1013 2131 1043 decretum
2161 1022 2178 1043 a
2201 1013 2300 1043 nobis

1288 1066 1538 1105 interpositum,
1572 1066 1716 1105 predicti
1751 1066 1936 1104 capitulum
1968 1074 2033 1096 non
2057 1068 2238 1104 potuerunt
2260 1066 2299 1097 de

1283 1120 1358 1159 jure
1372 1119 1553 1159 procedere
1571 1119 1613 1150 ad
1629 1119 1829 1150 electionem
1847 1119 1994 1150 cantoris
2011 1127 2071 1150 nec
2088 1119 2122 1149 in
2137 1120 2298 1155 cantoria,

1284 1173 1419 1213 juribus
1435 1175 1467 1204 et
1484 1173 1700 1212 pertinentiis
1718 1174 1880 1213 predictis
1903 1173 2003 1204 alicui
2020 1173 2130 1212 potuit
2152 1173 2187 1203 in
2203 1175 2299 1203 tuum

1288 1229 1320 1258 et
1338 1227 1541 1264 collationiS,
1559 1227 1766 1266 provisionis
1786 1229 1817 1258 et
1832 1227 2031 1257 investiture
2046 1235 2083 1257 ac
2099 1226 2224 1256 decreti
2243 1226 2300 1256 hu-

1283 1281 1433 1320 jusmodi
1450 1281 1686 1320 prejudicium,
1708 1281 1765 1320 jus
1783 1281 1925 1320 acquiri,
1943 1280 2137 1319 hujusmodi
2164 1279 2299 1310 electio-

1287 1343 1363 1365 nem
1387 1337 1419 1365 et
1437 1335 1598 1374 quicquid
1621 1344 1662 1365 ex
1686 1344 1725 1365 ea
1745 1335 1798 1365 vel
1823 1334 1864 1365 ob
1887 1335 1996 1374 ipsam
2021 1336 2173 1366 secutum
2200 1342 2235 1365 ac
2259 1334 2298 1366 de

1286 1388 1438 1424 canonia,
1452 1388 1588 1427 juribus
1602 1390 1633 1418 et
1651 1388 1868 1427 pertinentiis
1892 1389 2089 1419 memoratis
2115 1397 2174 1427 per
2198 1397 2298 1428 quos-

1286 1450 1416 1480 cunque
1436 1442 1559 1472 factum
1584 1441 1635 1472 vel
1653 1443 1890 1481 attemptatum
1906 1442 2030 1476 extitit,
2050 1443 2127 1480 post
2148 1442 2298 1472 collatio-

1286 1503 1374 1530 nem,
1403 1495 1633 1533 provisionem
1658 1496 1689 1525 et
1718 1495 1956 1525 investituram
1985 1504 2021 1525 ac
2046 1495 2217 1526 decretum
2239 1496 2297 1526 hu-

1283 1548 1444 1587 jusmodi,
1466 1557 1540 1587 que,
1556 1557 1621 1578 non
1643 1548 1857 1578 obstantibus
1871 1548 1938 1578 hiis
1956 1557 2020 1587 que
2033 1557 2051 1578 a
2064 1549 2153 1579 dicto
2165 1550 2202 1579 P.
2222 1558 2296 1579 con-

1285 1604 1337 1631 tra
1354 1604 1384 1632 te
1404 1601 1532 1640 objecta
1549 1602 1653 1638 fuere,
1666 1604 1723 1632 aut
1739 1602 1997 1640 quibuscunque
2010 1602 2296 1640 appellationibus

1287 1664 1304 1685 a
1320 1655 1467 1693 capitulo
1490 1655 1542 1685 vel
1561 1655 1722 1693 magistro
1748 1655 1785 1684 P.
1814 1655 1976 1694 predictis
2005 1658 2060 1685 aut
2088 1655 2296 1694 quibuslibet

1286 1708 1364 1738 aliis
1392 1708 1433 1738 ad
1461 1709 1574 1738 sedem
1604 1708 1825 1746 apostolicam
1852 1709 2050 1747 interjectis,
2079 1709 2236 1739 volumus
2263 1710 2297 1739 in

1285 1761 1384 1800 pleno
1400 1761 1519 1791 robore
1532 1762 1725 1799 perdurare,
1738 1758 1913 1791 cassamus
1927 1764 1958 1791 et
1971 1762 2146 1791 irritamus
2159 1764 2191 1792 et
2201 1771 2297 1792 cassa

1286 1817 1317 1845 et
1340 1815 1435 1845 irrita
1453 1815 1649 1845 nuntiamus
1666 1823 1703 1844 ac
1727 1815 1856 1844 nullius
1877 1815 2024 1845 existere
2050 1815 2240 1850 firmitatis:
2260 1824 2297 1845 ac

1286 1868 1429 1898 eundem
1442 1868 1642 1907 magistrum
1661 1869 1697 1898 P.
1712 1870 1742 1898 et
1756 1877 1976 1907 quoscunque
1993 1868 2079 1898 alios
2099 1877 2117 1898 a
2134 1870 2296 1905 cantoria,

1283 1922 1418 1961 juribus
1435 1923 1465 1952 et
1484 1922 1699 1960 pertinentiis
1716 1922 1858 1960 prefatis
1877 1922 2011 1960 penitus
2028 1930 2235 1956 amovemuS,
2261 1931 2297 1953 ac

1286 1975 1374 2005 dicto
1392 1976 1555 2014 magistro
1575 1976 1673 2005 Petro
1684 1977 1715 2005 et
1732 1976 1821 2006 dicto
1839 1975 1984 2013 capitulo
1995 1984 2097 2014 super
2114 1976 2297 2006 contradic-

1286 2028 1376 2058 tione
1396 2037 1432 2058 ac
1450 2028 1663 2066 oppositione
1681 2028 1889 2067 quibuslibet
1914 2031 1983 2058 tam
2008 2037 2109 2067 super
2136 2029 2296 2065 cantoria,

1282 2081 1417 2121 juribus
1435 2083 1465 2111 et
1484 2082 1698 2120 pertinentiis
1717 2082 1800 2115 suis,
1825 2091 1925 2120 quam
1945 2082 2141 2112 canonicatu
2166 2084 2198 2112 et
2224 2091 2298 2120 pro-

1286 2135 1455 2171 ventibus,
1475 2135 1536 2166 tibi
1555 2136 1663 2174 ipsius
1680 2136 1810 2165 ratione
1827 2135 1963 2166 debitis,
1983 2137 2182 2174 perpetuum
2200 2136 2298 2165 silen-

1286 2189 1371 2219 tium
1389 2189 1613 2227 imponentes,
1636 2188 1882 2227 appellationes
1901 2197 2120 2227 quascunque
2138 2197 2178 2218 ex
2203 2190 2297 2227 parte

1287 2242 1439 2280 ipsorum
1457 2242 1509 2272 vel
1536 2242 1680 2271 aliorum
1705 2241 1936 2280 interpositas,
1964 2241 2076 2271 nullas
2100 2244 2132 2271 et
2158 2241 2297 2271 frivolas

1287 2298 1496 2334 reputamus,
1523 2304 1559 2325 ac
1580 2295 1745 2325 defectum
1766 2295 1794 2324 si
1818 2295 1894 2333 quis
1913 2303 1953 2324 ex
1972 2303 2171 2333 quacunque
2197 2304 2298 2325 causa

1287 2350 1320 2379 in
1339 2349 1389 2379 eis
1405 2351 1461 2379 aut
1480 2349 1514 2378 in
1535 2349 1726 2384 collatione,
1744 2348 1936 2386 provisione
1955 2350 1987 2378 et
2007 2348 2207 2378 investitura
2226 2357 2299 2386 pre-

1286 2403 1403 2433 libatis
1426 2402 1502 2437 fuit,
1530 2402 1727 2440 supplentes
1757 2401 1796 2431 de
1814 2401 1997 2440 apostolice
2014 2401 2226 2440 plenitudine
2243 2410 2299 2440 po·

1286 2456 1431 2489 testatis,
1452 2455 1493 2485 ad
1521 2457 1552 2485 te
1577 2455 1744 2493 pertinere
1766 2454 1865 2493 pleno
1886 2454 1961 2492 jure
1980 2455 2164 2485 cantoriam
2189 2455 2299 2493 ipsam

1287 2518 1363 2540 cum
1374 2508 1590 2547 suisjuribus
1602 2510 1633 2538 et
1644 2508 1860 2546 pertinentiis
1876 2507 2098 2538 declaramus.
2110 2507 2205 2538 Nulli
2222 2516 2299 2547 ergo

1287 2564 1401 2592 nostre
1420 2561 1632 2597 cassationis,
1655 2560 1871 2597 irritationis,
1898 2561 2133 2597 nuntiationis,
2161 2561 2300 2591 amotio-

1288 2616 1352 2650 nis,
1375 2614 1601 2654 suppletionis
1617 2616 1649 2645 et
1667 2614 1906 2644 declarationis
1921 2616 1982 2645 etc.
2004 2632 2053 2643 —.
2072 2614 2197 2645 Datum
2211 2614 2301 2653 apud

1288 2667 1578 2703 Urbemveterem,
1597 2675 1642 2697 xv
1655 2667 1818 2697 kalendas
1832 2667 1921 2706 julii,
1942 2675 2029 2697 anno
2045 2667 2157 2698 tertio.
2177 2675 2195 2696 )›

1384 2850 1478 2882 1757
1881 2848 2004 2879 Orvieto,
2026 2849 2055 2875 17
2071 2848 2133 2884 juin
2151 2848 2228 2876 1264.

1327 2935 1483 2962 Cantorem
1501 2933 1637 2961 ecclcsiae
1659 2942 1681 2960 s.
1703 2934 1856 2961 Frontonis
1876 2934 2120 2969 Petragorieensis
2135 2936 2163 2961 et
2176 2934 2301 2968 priorem

2144 2982 2180 3010 35
