2519 3262
173 214 213 244 92
928 211 1174 243 REGISTRES
1205 214 1422 248 D'URBAIN
1452 218 1510 248 IV.

175 296 215 326 ad
224 295 471 335 procedendum
480 295 513 325 in
524 295 703 334 principali
716 295 848 334 negotio
857 304 922 325 non
932 296 1003 326 erat
1011 295 1185 328 sufficiens

172 350 380 388 procurator,
399 357 458 379 nec
477 349 603 379 dictum
633 349 842 387 prepositum
872 357 973 388 super
990 349 1051 379 hoc
1073 349 1184 380 desen-

173 403 251 433 dere
268 402 375 432 voluit
395 402 524 440 pluries
541 402 739 440 requisitus,
758 410 865 440 neque
883 402 972 432 alius
989 411 1050 440 pro
1067 403 1184 433 eodem

172 456 346 494 preposito
365 464 475 486 coram
486 455 639 485 auditore
656 455 730 493 ipso
748 455 947 494 comparuit,
964 456 1042 486 11661
1054 456 1184 495 pluries

173 510 205 539 et
230 509 456 547 peremptorie
486 508 519 538 in
550 508 721 538 audientia
748 507 886 546 publica
906 509 1029 540 citatus
1048 509 1182 546 suisset,

171 561 415 600 pronuntiavit,
429 570 493 591 non
504 561 657 591 obstante
668 560 821 591 absentia
831 561 994 592 nominati
1004 563 1181 601 prepositi,

172 623 248 645 esse
274 615 308 644 in
335 614 561 653 appellatione
590 616 622 644 et
641 614 821 653 principali
846 615 980 654 negotio
1003 616 1184 654 proceden-

171 667 262 698 dum.
280 667 411 698 Deinde
432 675 509 697 vero
532 667 642 697 dictus
659 666 775 702 abbas,
794 676 812 697 a
830 669 861 698 te
883 676 984 707 super
1002 669 1183 707 premissis

170 719 287 750 libello
302 721 333 751 et
345 720 536 758 juramento
554 720 593 750 de
610 720 752 750 veritate
769 720 909 751 dicenda
924 722 1081 760 receptis,
1098 723 1182 753 visis

170 782 303 812 quoque
317 782 353 803 ac
370 773 550 811 diligenter
567 773 730 812 inspectis
748 774 865 804 eodem
884 774 1001 806 libello
1017 776 1049 805 et
1065 784 1182 814 supra-

170 827 270 857 dictis
280 827 407 857 nostris
419 827 543 857 litteris
553 836 589 857 ac
598 827 816 866 processibus
825 827 950 858 habitis
960 837 1019 867 per
1031 830 1178 867 easdem,

168 888 296 910 necnon
324 880 595 918 depositionibus
614 881 766 915 testium,
788 881 977 912 rationibus
1003 883 1034 912 et
1058 882 1182 922 allega-

167 932 318 963 tionibus
347 933 416 963 tuis
444 934 513 963 tam
543 933 632 972 juris
658 942 759 972 quam
784 933 863 964 facti
885 935 916 964 et
939 934 1098 965 omnibus
1117 944 1180 974 que

168 994 279 1016 coram
309 994 347 1016 eo
377 995 564 1025 proponere
589 986 741 1021 voluisti,
766 987 819 1017 die
844 996 922 1018 vero
946 988 987 1018 ad
1011 988 1182 1027 proferen-

168 1039 244 1069 dam
272 1039 475 1070 sententiani
497 1039 724 1078 peremptorie
751 1041 935 1080 assignata,
955 1041 1111 1081 jurisque
1131 1051 1182 1073 or-

167 1092 242 1122 dine
277 1092 467 1129 observato,
498 1094 632 1132 recepto
664 1093 766 1123 etiam
786 1102 804 1124 a
822 1095 855 1124 te
873 1094 1066 1133 juramento
1091 1096 1181 1135 quod

166 1145 337 1184 prebenda
362 1146 437 1185 ipsa
463 1155 527 1184 que
551 1145 614 1176 fuit
632 1146 802 1185 quondam
819 1147 952 1178 Alberti
971 1149 1125 1187 predicti,
1145 1149 1180 1179 in

167 1198 355 1229 elusionem
382 1199 531 1229 mandati
552 1199 659 1229 nostri
679 1199 737 1230 alii
755 1200 877 1231 collata
896 1201 1016 1238 fuerat,
1039 1203 1071 1232 et
1091 1203 1179 1241 quod

167 1252 239 1290 ejus
255 1254 440 1291 proventus
456 1251 611 1283 valebant
626 1255 656 1284 et
675 1253 787 1284 valent
806 1254 1029 1293 quadraginta
1048 1264 1179 1286 marcas

166 1305 358 1336 leodienses
381 1306 567 1343 annuatim,
588 1314 606 1336 a
626 1306 724 1336 nobis
750 1307 852 1337 etiam
873 1307 1011 1338 licentia
1032 1317 1179 1347 pronun-

165 1358 272 1389 tiandi
291 1359 436 1396 obtenta,
457 1359 496 1389 de
510 1359 661 1398 plurium
680 1359 845 1390 bonorum
863 1361 1014 1391 virorum
1035 1363 1178 1394 consilio

166 1413 198 1442 et
214 1412 352 1450 speciali
370 1412 528 1442 mamiato
545 1414 671 1448 nostro,
684 1413 811 1443 dictum
825 1415 1037 1453 prepositum
1049 1415 1084 1445 in
1101 1425 1178 1454 qua-

165 1465 456 1504 dragintamarcis
474 1465 718 1502 leodiensibus,
735 1467 907 1497 solvendis
921 1467 984 1497 tibi
1001 1470 1177 1499 annuatim

164 1518 204 1548 de
230 1518 340 1557 ipsius
360 1518 574 1557 prepositure
594 1527 653 1549 sue
672 1519 874 1557 redditibus
895 1521 1000 1551 donec
1018 1523 1053 1552 tu
1071 1522 1178 1552 fueris

163 1571 197 1600 in
217 1571 334 1601 eadem
356 1571 499 1602 ecclesia
517 1572 624 1601 sancti
649 1572 795 1602 Servatii
816 1573 1023 1611 prebendam
1047 1574 1176 1614 integre

162 1625 194 1655 et
224 1624 360 1663 pacifice
389 1626 577 1661 assecutuS,
609 1626 641 1655 et
671 1626 712 1655 ad
742 1626 1022 1657 satisfaciendum
1049 1628 1109 1658 tibi
1136 1629 1176 1660 de

163 1677 384 1717 [hujusmodi]
411 1678 634 1717 quadraginta
659 1679 783 1709 marcis
810 1688 828 1709 a
847 1681 997 1719 tempore
1019 1690 1084 1720 quo
1102 1682 1175 1720 ipse

162 1739 265 1770 super
288 1731 348 1761 hoc
373 1740 433 1770 per
463 1732 696 1770 supradictum
718 1732 902 1771 Symonem
928 1734 967 1764 de
988 1734 1173 1772 Montibus,

158 1785 256 1824 juxta
274 1785 468 1815 mandatum
487 1786 652 1819 nostrum⁷
669 1785 732 1816 fuit
748 1786 911 1823 monitus,
927 1788 1176 1819 sententialiter

162 1838 431 1876 condempnavit.
457 1838 695 1869 Pronuntiavit
714 1847 847 1878 quoque
870 1841 901 1870 et
923 1841 1175 1879 pronuntiando

162 1890 345 1921 declaravit
371 1892 403 1921 te
431 1891 663 1930 recipiendum
692 1900 767 1922 esse
793 1893 827 1922 in
858 1894 1057 1924 canonicum
1085 1896 1117 1925 et
1140 1895 1174 1925 in

161 1943 301 1974 fratrem
320 1944 353 1974 in
371 1944 515 1974 ecclesia
533 1944 640 1974 sancti
659 1945 805 1976 Servatii
824 1948 1021 1983 memorata,
1035 1950 1065 1978 et
1082 1948 1174 1987 adju-

162 1997 286 2027 dicavit
296 1996 357 2027 tibi
370 1997 617 2028 sententialiter
628 1997 835 2036 prebendam
847 1999 932 2028 nulli
943 1999 1001 2029 alii
1012 2000 1171 2037 debitam,

162 2050 191 2080 si
219 2059 285 2089 qua
303 2051 397 2080 vacat
419 2049 558 2087 ibidem,
577 2051 630 2081 vel
652 2051 809 2089 proximo
828 2055 1032 2083 vacaturam.
1053 2054 1174 2093 Supra-

162 2103 288 2134 dictum
320 2112 398 2133 vero
422 2104 633 2142 prepositum
654 2113 783 2134 necnon
802 2104 963 2135 decanum
989 2108 1021 2136 et
1048 2108 1173 2146 capitu-

160 2156 232 2187 lum
261 2156 412 2195 ejusdem
430 2157 570 2187 ecclesie
594 2158 701 2187 sancti
719 2157 863 2188 Servatii
885 2159 926 2188 ad
944 2160 1172 2198 receptionem

159 2211 253 2240 tuam
277 2209 310 2239 in
340 2210 549 2245 canonicum,
584 2211 615 2240 et
638 2210 679 2240 ad
709 2211 976 2250 assignationem
1001 2213 1171 2252 prebende

159 2262 311 2293 vacantis
328 2263 381 2293 vel
402 2263 558 2301 proximo
576 2264 744 2299 vacature,
762 2266 929 2303 quatenus
946 2267 1171 2298 communiter

158 2316 211 2346 vel
237 2316 376 2345 divisim
403 2316 549 2354 pertinet
572 2316 613 2346 ad
635 2317 784 2354 eosdem,
804 2326 933 2348 necnon
957 2320 1168 2358 prepositum

158 2369 271 2408 ipsum
294 2369 354 2399 tibi
374 2369 406 2398 in
425 2369 585 2407 expensis
603 2369 767 2409 legitimis
788 2372 925 2409 propter
942 2371 1001 2401 hoc
1019 2381 1037 2402 a
1054 2374 1085 2402 te
1103 2373 1169 2404 sac-

157 2422 214 2456 tis,
226 2431 369 2461 quarum
386 2422 596 2453 taxationem
613 2422 704 2462 [sibi]
724 2424 962 2455 reservavit'in
981 2428 1167 2464 posterum,

158 2475 405 2506 sententialiter
423 2476 693 2514 condempnavit,
711 2479 809 2516 prout
834 2477 867 2507 in
888 2478 1025 2517 publico
1044 2479 1168 2510 instru-

157 2531 270 2559 mento
296 2529 447 2559 confecto
468 2529 589 2560 exinde
616 2538 652 2560 ac
682 2530 795 2569 sigillo
828 2531 995 2562 auditoris
1025 2533 1168 2571 predicti

157 2581 300 2621 signato,
312 2581 446 2620 plenius
465 2583 665 2613 continetur.
683 2583 754 2614 Nos
771 2584 897 2622 itaque,
914 2585 984 2615 tuis
1001 2586 1169 2625 supplica-

156 2633 309 2664 tionibus
332 2635 709 2675 inclinati,hujusmodi
733 2637 950 2674 sententiam,
971 2638 1167 2670 declaratio-

155 2694 246 2724 nem,
262 2689 573 2726 pronuntiationem
589 2690 621 2720 et
633 2689 984 2728 condempnationem,
1003 2691 1090 2722 sicut
1109 2702 1168 2732 per

156 2740 299 2771 eundem
319 2742 508 2773 auditorem
532 2742 671 2781 provide
690 2742 756 2773 late
774 2744 864 2778 sunt,
883 2745 974 2775 ratas
994 2746 1026 2776 et
1051 2745 1166 2776 firmas

154 2792 328 2830 habentes,
345 2803 403 2825 eas
420 2795 618 2826 auctoritate
637 2796 823 2834 apostolica
842 2797 1082 2829 confirmamus
1102 2801 1163 2830 etc.

153 2853 262 2886 usque
283 2848 542 2879 communimus.

195 2899 360 2931 Tenorem
393 2902 505 2932 autem
537 2901 647 2941 ipsius
674 2902 893 2934 instrumenti
920 2904 960 2935 de
988 2904 1091 2936 verbo
1124 2906 1164 2936 ad

1246 300 1386 332 verbum
1404 301 1621 340 presentibus
1638 301 1782 332 fecimus
1802 302 1970 337 annotari,
1988 303 2046 342 qui
2069 303 2149 334 talis
2177 308 2228 335 est
2252 317 2258 334 :

1286 364 1303 384 «
1320 354 1358 384 In
1371 355 1506 385 nomine
1518 355 1667 388 Domini,
1683 363 1791 385 amen.
1806 356 1890 386 Cum
1904 364 2006 386 causa
2020 357 2261 395 appellationis

1246 408 1277 437 et
1287 408 1488 446 principalis
1501 416 1565 447 que
1580 408 1665 438 verti
1681 407 1882 446 sperabatur
1896 409 1984 439 inter
2001 433 2019 438 ..
2034 410 2258 448 prepositum,

1246 461 1277 490 et
1298 460 1483 499 capitulum
1508 461 1614 491 sancti
1641 461 1786 491 servatii
1810 461 1850 492 de
1874 461 2039 501 Trajecto,
2059 463 2261 494 Leodiensis

1246 513 1404 549 (11066313,
1423 522 1464 543 ex
1483 522 1550 544 una
1569 516 1673 552 parte,
1694 515 1725 544 et
1745 513 1909 544 Thomam
1933 514 1973 545 (16
1992 515 2145 554 TraJ'ecto
2164 516 2261 546 cleri-

1245 574 1333 601 cum,
1353 567 1512 605 nepotem
1529 567 1698 603 Hawidis,
1714 567 1846 597 16611136
1871 567 1977 597 sancti
1995 568 2149 598 Remacli
2163 568 2261 607 juxta

1245 619 1421 655 Leodium,
1436 628 1538 658 super
1550 620 1742 658 receptione
1757 620 1867 658 ipsius
1878 620 2004 651 Tliome
2018 621 2051 650 in
2061 622 2260 652 canonicum

1245 673 1276 702 et
1302 672 1337 702 in
1361 671 1501 702 fratrem
1525 672 1559 702 in
1586 673 1675 703 dicta
1701 673 1844 703 ecclesia
1871 673 2079 712 Trajectensi
2106 675 2137 704 et
2157 683 2260 713 super

1245 725 1323 755 aliis
1337 725 1371 755 in
1385 724 1502 755 libello
1517 726 1695 762 contentis,
1713 734 1755 756 ex
1770 726 1889 762 altera,
1904 736 1921 756 a
1937 727 2153 757 sanctissimo
2164 729 2259 766 patre

1244 778 1380 808 domino
1406 781 1522 809 1103110
1542 778 1678 809 Urbano
1705 788 1792 818 papa
1812 782 1932 818 quarto
1951 779 2062 816 nobis,
2081 780 2178 811 fratri
2196 781 2259 812 Ge-

1243 831 1349 866 raldo,
1369 831 1483 862 abbati
1501 832 1691 868 Lesatensi,
1708 832 1882 871 capellano
1904 842 1965 863 3110
1984 835 2015 863 61
2034 833 2187 872 ejusdem
2206 843 2260 873 pa-

1242 885 1317 915 latii
1342 885 1491 924 generali
1512 885 1671 921 auditori,
1696 885 1892 924 specialiter
1915 887 2099 916 commissa
2125 887 2257 922 fuisset,

1243 939 1322 977 quia
1338 938 1553 973 Lambertus,
1565 939 1709 969 clericus
1723 940 1920 977 procurator
1936 939 2018 969 dicti
2035 940 2200 978 prepositi
2217 940 2260 971 ad

1242 991 1494 1030 impetrandum
1523 993 1554 1022 et
1588 992 1885 1022 contradicendum
1915 1002 1933 1022 a
1968 992 2055 1023 (11610
2084 993 2258 1031 preposito

1243 1045 1460 1080 constitutus,
1478 1045 1626 1076 litteram
1650 1045 1853 1084 impetrabat
1879 1054 1981 1084 super
1998 1045 2087 1076 dicta
2111 1045 2259 1085 appella-

1242 1098 1333 1129 tione
1353 1099 1394 1129 ad
1413 1124 1432 1129 ..
1453 1098 1618 1129 decanum
1636 1098 1776 1129 ecclesie
1796 1099 1997 1129 Sanctorum
2012 1100 2257 1138 Apostolorum

1242 1152 1468 1188 Coloniensis‚
1492 1152 1604 1181 dictus
1622 1152 1769 1182 Thomas
1789 1152 1994 1191 supplicavit
2019 1153 2109 1191 quod
2131 1154 2257 1184 dictam

1241 1205 1390 1236 litteram
1420 1205 1609 1236 faceremus
1639 1205 1680 1235 ad
1707 1207 1859 1235 nostram
1883 1206 2089 1244 presentiam
2109 1207 2254 1237 evocari.

1240 1258 1313 1294 Qua
1326 1258 1440 1289 littera
1454 1260 1603 1292 evocata,
1614 1267 1690 1288 cum
1700 1258 1830 1288 diutius
1843 1267 1955 1289 coram
1969 1258 2068 1289 nobis
2084 1259 2256 1299 litigatum

1241 1311 1363 1342 fuisset
1388 1313 1503 1342 utrum
1527 1311 1718 1350 predictum
1744 1312 1918 1350 negotium
1947 1314 2037 1342 esset
2062 1314 2093 1342 et
2119 1312 2256 1344 deberet

1240 1365 1275 1394 in
1297 1365 1391 1395 curia
1412 1364 1561 1400 tractari,
1588 1367 1619 1394 et
1645 1365 1693 1395 sic
1716 1373 1775 1403 per
1800 1373 2011 1403 consequens
2030 1367 2144 1395 utrum
2164 1367 2256 1397 esset

1240 1418 1329 1448 dicta
1357 1418 1472 1448 littera
1499 1417 1717 1455 absolvenda,
1746 1426 1819 1453 1103,
1848 1418 1974 1448 auditis
2005 1418 2195 1449 rationibus
2223 1420 2256 1450 et

1240 1471 1503 1510 allegationibus
1522 1471 1700 1510 utriusque
1724 1471 1844 1509 partis,
1865 1471 1905 1502 de
1928 1471 2068 1510 speciali
2096 1473 2254 1504 mandato

1239 1524 1382 1563 predicti
1401 1524 1530 1554 domini
1544 1524 1664 1561 nostri,
1676 1524 1972 1562 pronuntiavimus
1990 1525 2180 1563 predictum
2196 1533 2254 1555 ne-

1238 1578 1368 1616 gotium
1389 1585 1463 1607 esse
1480 1577 1515 1606 in
1535 1577 1629 1607 curia
1646 1578 1677 1607 et
1695 1578 1848 1616 tempora
1863 1577 2118 1608 constitutionis
2138 1578 2257 1608 statui-

1238 1639 1315 1661 mus
1325 1630 1431 1661 fuisse
1442 1640 1460 1660 a
1470 1630 1558 1660 dicto
1571 1630 1700 1661 Thema
1712 1630 1863 1670 legitime
1875 1630 2064 1668 observata,
2079 1633 2110 1662 et
2126 1631 2254 1662 dictum

1238 1684 1411 1723 negotium
1441 1684 1475 1714 in
1504 1683 1597 1714 curia
1625 1683 1745 1714 debere
1779 1684 1928 1715 tractari.
1962 1685 2003 1714 Et
2032 1684 2112 1723 quia
2142 1685 2253 1716 dictus

1237 1737 1452 1773 Lambertus,
1475 1737 1533 1776 qui
1555 1736 1699 1767 habebat
1722 1737 1920 1768 mandatnm
1941 1737 1983 1767 ad
2000 1737 2254 1776 impetrandum

1237 1792 1269 1821 et
1284 1790 1581 1821 contradicendum
1594 1790 1819 1827 solummodo,
1829 1799 1895 1820 11011
1905 1793 1975 1821 erat
1991 1790 2167 1821 sufficiens
2178 1799 2253 1830 pro-

1237 1845 1371 1874 curator
1389 1843 1429 1873 ad
1446 1843 1696 1882 procedendum
1714 1843 1749 1873 in
1768 1843 1901 1882 negotio
1918 1842 2097 1884 principali
2118 1853 2179 1875 1166
2197 1845 2254 1876 (16-

1236 1896 1372 1927 fendere
1398 1897 1506 1927 voluit
1527 1897 1653 1927 dictum
1669 1897 1880 1936 prepositum
1901 1897 2032 1936 pluries
2050 1898 2251 1937 requisitus,

1236 1959 1295 1980 nec
1312 1950 1399 1980 alius
1418 1951 1627 1988 compareret
1643 1959 1703 1989 pro
1724 1959 1774 1986 60,
1793 1950 1871 1981 licet
1895 1951 2025 1989 pluries
2043 1953 2074 1981 et
2098 1959 2252 1991 peremp-

1235 2003 1320 2033 torie
1334 2003 1368 2033 in
1381 2003 1552 2033 audientia
1566 2003 1701 2042 publica
1717 2003 1839 2033 fuisset
1857 2003 1967 2034 (1161113
1986 2004 2182 2043 prepositus
2197 2005 2251 2036 vel

1236 2056 1308 2095 ejus
1326 2057 1522 2094 procurator
1537 2056 1672 2092 citatus,
1690 2057 1999 2094 promintiavimus,
2011 2066 2076 2087 non
2095 2057 2250 2089 obstante

1234 2109 1344 2148 ipsius
1357 2108 1697 2148 prepositiabsentia,
1712 2109 1961 2148 procedendum
1977 2119 2052 2141 esse
2064 2110 2099 2140 in
2116 2112 2250 2150 negotio

1235 2162 1475 2201 appellationis
1500 2164 1532 2192 et
1551 2162 1742 2201 principali.
1770 2162 1993 2193 Postmodum
2019 2172 2111 2200 vero,
2139 2164 2251 2195 dictus

1234 2215 1381 2246 Thomas
1399 2215 1555 2245 libellum
1577 2224 1677 2246 suum
1706 2214 1827 2246 obtulit
1852 2215 1885 2245 in
1911 2216 1999 2247 dicto
2025 2217 2159 2256 negotio
2187 2217 2251 2248 sub

1231 2268 1292 2299 hac
1310 2269 1419 2299 forma
1437 2280 1442 2298 ;

1271 2332 1288 2352 ((
1308 2323 1430 2353 Coram
1448 2321 1706 2359 vobis,‹lon1ino
1718 2322 1770 2358 G.,
1783 2321 1903 2353 abbate
1915 2323 2107 2357 Lesatensi,
2119 2323 2250 2354 domini

1233 2385 1248 2405 »
1268 2384 1353 2414 pape
1373 2376 1548 2414 capellano
1568 2378 1599 2406 et
1616 2376 1769 2414 ejusdem
1788 2375 1904 2414 palatii
1924 2376 2074 2415 generali
2095 2376 2249 2408 auditore

1231 2437 1248 2458 1)
1268 2438 1459 2465 causarum,
1472 2429 1551 2459 dicit
1568 2431 1598 2459 et
1615 2429 1773 2468 proponit
1788 2429 1936 2460 Thomas
1951 2429 1990 2460 de
2005 2430 2170 2469 Trajecto,
2183 2430 2249 2461 cle—

1231 2490 1248 2511 »
1268 2483 1370 2519 ricus,
1389 2491 1494 2521 nepos
1511 2482 1678 2516 Hawidis,
1697 2482 1829 2513 16611136
1848 2482 1954 2512 sancti
1978 2483 2130 2514 Bemaeli
2149 2483 2249 2522 juxta

1231 2544 1248 2564 1)
1267 2536 1444 2572 Leodium,
1465 2536 1554 2575 quod
1579 2536 1738 2566 dominus
1762 2535 1920 2567 L'rbanns
1940 2544 2027 2575 papa
2046 2536 2111 2566 1111
2133 2559 2139 2566 .
2157 2561 2163 2567 .
2191 2537 2248 2568 de-

1230 2596 1247 2617 »
1266 2597 1348 2619 cano
1365 2589 1506 2619 ecclesie
1525 2589 1633 2619 sancti
1648 2589 1810 2619 ,101111111113
1829 2589 1863 2618 111
1884 2589 1995 2628 Burgo
2014 2589 2246 2626 Laudunensi‚

1230 2650 1247 2670 »
1266 2642 1338 2672 suis
1355 2642 1437 2672 olim
1458 2642 1550 2673 dedit
1578 2643 1704 2673 litteris
1724 2643 1755 2672 in
1774 2642 1942 2672 mandatis
1962 2644 1997 2672 ut
2014 2642 2103 2673 dicto
2118 2642 2246 2673 Thome

1230 2704 1246 2724 »
1266 2695 1306 2725 de
1330 2695 1511 2734 prebenda,
1532 2696 1630 2735 siqua
1650 2696 1685 2726 in
1711 2695 1853 2726 ecclesia
1877 2695 1983 2726 sancti
2001 2696 2145 2726 Servatii
2164 2696 2246 2726 Tra-

1230 2757 1244 2776 11
1261 2746 2118 2786 jectensis,Le0diensisdiocesis,tunevacabat,vel
2129 2755 2244 2786 qnam-

1229 2810 1244 2830 »
1263 2801 1411 2839 primum
1433 2801 1475 2831 ad
1501 2801 1535 2831 id
1564 2810 1599 2831 se
1626 2800 1770 2831 facultas
1797 2800 1942 2836 offerret,
1962 2809 2022 2839 per
2049 2808 2084 2830 se
2109 2800 2162 2830 vel
2184 2808 2246 2839 per

1227 2854 1368 2884 »alium
1393 2854 1597 2893 provideret,
1621 2853 1749 2884 faciens
1777 2853 1889 2892 ipsum
1916 2853 1957 2883 ad
1981 2853 2088 2889 illam,
2109 2861 2184 2884 cum
2201 2853 2242 2885 de

1228 2917 1242 2936 11
1261 2907 1336 2946 ipsa
1350 2909 1488 2938 vacante
1506 2906 1571 2938 sibi
1588 2907 1764 2946 provisum
1779 2908 1880 2942 esset,
1892 2907 1925 2936 in
1939 2907 2138 2937 canonicum
2154 2906 2243 2945 63113-
