2519 3262
209 184 268 213 230

812 265 937 295 Orvieto,
953 265 969 291 4
984 264 1056 291 avril
1076 265 1150 292 1202.

302 270 396 301 1561

246 353 382 387 Episcopo
408 352 587 379 Urbevetano
614 351 732 377 mandat
754 352 782 376 ut
811 349 957 383 Fassucio,
976 349 1092 383 pauperi
1120 349 1224 376 clerico

212 402 399 433 Urbevetano,
414 402 449 427 de
461 401 555 435 aliquo
566 399 763 427 ecclesiastis-o
781 398 918 425 beneficio
935 399 1093 432 provideat,
1106 399 1223 425 obtentu

209 451 246 483 .l.‚
263 458 302 476 ss.
324 451 444 476 (Iosmae
470 453 494 475 ct
519 449 650 476 Damiani
672 448 786 475 diaconi
813 447 980 474 cardinalis.
1001 448 1080 481 (ltssc.
1101 449 1144 478 κί’,
1174 447 1221 474 sol.
1248 465 1250 475 t

212 499 314 532 15110,
333 504 362 524 110
377 499 452 531 cn.)

251 607 265 621 «
285 595 438 634 Episcopo
460 593 660 624 Urbecelano.
678 593 840 624 Volentes
860 593 982 624 dilecto
1003 593 1073 623 filio
1091 611 1139 620 —.
1160 593 1223 622 Da-

211 649 281 678 tum
299 647 387 686 apud
412 647 701 683 Urbemveterem,
726 656 746 676 11
772 655 877 677 nonas
899 646 1031 685 aprilis,
1049 654 1135 675 anno
1159 647 1222 675 ter-

211 701 268 731 tio.
290 711 303 729 1)

303 859 399 889 1532
761 857 885 886 Orvicto,
901 857 933 884 21
952 856 1054 883 i'evricr
1073 857 1148 884 1202.

245 942 343 967 (Iertas
360 941 555 968 absolutiones
579 942 910 968 excommunicationum
941 941 1151 968 sententiarum
1167 942 1219 968 im-

211 998 312 1023 pensas
334 990 361 1016 in
377 999 464 1025 regno
479 990 609 1025 Angliac,
628 991 724 1017 irritas
740 993 764 1017 et
786 991 885 1018 inanes
898 991 1059 1018 denuntiat.
1078 991 1157 1025 (Bac.
1176 993 1220 1022 29,

211 1039 259 1066 sul.
285 1040 343 1071 152,
359 1045 387 1066 11⁰
400 1040 476 1075 012.)

250 1145 263 1164 t(
283 1160 308 1165 ..
335 1135 565 1175 archiepiscopo
592 1136 818 1166 Cantuaricnsi.
838 1136 889 1166 Ad
916 1136 1123 1166 audientiam
1148 1145 1222 1167 nos-

210 1188 309 1224 tram,
332 1190 363 1218 te
388 1189 578 1225 intimante,
599 1189 753 1228 pervenit
781 1189 870 1228 qnod
894 1189 1048 1219 nonnulli
1070 1190 1220 1229 religiosi

210 1241 304 1279 regni
321 1241 443 1280 Anglie
456 1241 606 1272 dicentes
623 1251 682 1280 per
696 1242 828 1273 litteras
845 1243 1029 1281 apostolice
1048 1243 1140 1273 sedis
1156 1243 1221 1273 sibi

212 1294 282 1324 sore
298 1303 495 1324 concessum
516 1296 551 1325 ut
572 1295 705 1333 possint
722 1295 988 1326 absolvereillos
1004 1296 1074 1335 qui,
1099 1304 1140 1326 ex
1164 1297 1221 1326 ali-

211 1347 333 1386 quibus
349 1348 473 1384 causis,
486 1348 520 1378 in
538 1349 604 1378 late
623 1349 789 1379 sententie
802 1357 963 1379 canonem
980 1349 1171 1380 inciderunt
1190 1352 1222 1380 et
1248 1331 1250 1370 ⁴=

210 1400 276 1430 alia
295 1401 468 1431 nonnullis
484 1401 592 1431 facere
609 1410 672 1440 que
689 1402 848 1440 potestati
860 1402 1044 1440 apostolice
1058 1405 1135 1433 sunt
1150 1412 1221 1442 spe-

209 1453 341 1484 cialiter
364 1456 547 1488 reservata,
575 1463 634 1485 nec
658 1455 756 1485 veriti
781 1455 977 1494 hujusmodi
1003 1457 1221 1488 concessione

209 1507 242 1535 in
260 1516 397 1537 suarum
420 1508 612 1538 animarum
639 1507 733 1538 abuti
759 1509 943 1547 perniciem
967 1511 999 1539 et
1023 1510 1220 1540 scandalum

207 1559 445 1598 plurimorum,
464 1561 605 1600 illisqui
627 1570 687 1600 pro
703 1562 852 1592 violenta
867 1571 1026 1592 manuum
1041 1563 1220 1601 injectione

208 1613 240 1642 in
259 1613 411 1650 clericos,
432 1614 650 1644 ecclesiarum
670 1615 865 1649 violatione,
885 1617 1114 1654 asportatione
1132 1618 1219 1647 deci-

206 1675 338 1696 marum
358 1669 388 1697 et
408 1667 486 1697 aliis
504 1667 650 1698 diversis
670 1668 880 1704 excessibus,
903 1669 1098 1701 imminente
1123 1679 1220 1709 gene-

207 1719 268 1749 rali
285 1719 476 1750 turbatione
498 1721 639 1759 predicti
658 1722 762 1760 regni,
789 1722 987 1753 auctoritate
1010 1725 1148 1754 canonis
1167 1724 1218 1754 vel

206 1773 464 1811 provincialium
480 1774 698 1804 conciliorum
713 1776 1075 1807 excommunicationis
1087 1779 1220 1808 senten-

207 1826 286 1856 tiam
306 1827 531 1863 incurrerunt,
550 1827 776 1859 absolutionis
795 1829 834 1859 de
861 1829 958 1863 facto,
982 1838 1057 1859 cum
1083 1830 1122 1860 de
1143 1831 1218 1869 Jure

206 1881 428 1918 nonpossint,
442 1880 641 1911 beneficium
656 1882 970 1920 largiuntui·.super
981 1892 1046 1921 quo
1056 1891 1115 1921 per
1131 1884 1218 1914 dicte

206 1932 296 1962 sedis
320 1934 566 1971 providentiam
589 1935 718 1973 petiisti
738 1935 924 1965 remedium
951 1935 1116 1973 adhiberi,
1143 1946 1216 1966 cum

206 1985 247 2015 ob
262 1986 295 2015 id
311 1986 471 2017 vilescere
486 1987 680 2017 dinoscatur
694 1988 888 2018 venalitatis
901 1990 957 2018 aut
970 1988 1145 2020 facilitatis
1162 1990 1216 2019 ab·

205 2048 268 2068 usu
286 2048 409 2070 nervus
429 2040 657 2070 ecclesiastice
679 2041 870 2080 discipline.
891 2042 984 2072 Licet
1009 2042 1122 2081 itaque
1142 2052 1214 2081 pre-

204 2092 310 2122 missa
327 2101 391 2122 non
404 2093 580 2123 credamus
593 2094 693 2124 alicui
705 2095 926 2131 concessisse,
942 2096 1093 2126 volentes
1103 2098 1214 2126 tamen

205 2145 237 2174 in
254 2145 314 2175 hac
332 2148 425 2184 parte
443 2149 581 2185 paterna
600 2147 831 2178 sollicitudine
850 2148 1038 2187 providere,
1059 2149 1211 2179 fraterni-

203 2199 263 2228 tati
290 2201 344 2229 tue
371 2200 570 2230 mandamus
596 2200 768 2239 quatinus,
789 2201 816 2230 si
834 2204 885 2232 est
906 2202 962 2238 ita,
982 2202 1213 2233 absolutiones

203 2251 396 2290 hujusmodi
408 2261 466 2291 per
476 2253 583 2283 dictos
596 2254 773 2292 religiosos
783 2263 885 2293 super
896 2255 1047 2294 hiisque,
1057 2258 1212 2295 pretextu

203 2304 289 2335 dicto
301 2305 516 2343 turbationis
526 2307 708 2338 emersisse
718 2310 915 2344 noscuntur,
928 2309 1100 2347 prestitam,
1114 2319 1171 2348 per
1182 2312 1213 2341 te

203 2357 255 2387 vel
274 2367 329 2426 pe}
346 2359 458 2418 smum.
473 2360 650 2419 qelffumles
666 2363 801 2400 pennus
816 2370 885 2425 non,
898 2362 1021 2421 ‚valere’
1035 2371 1100 2393 mSl
1112 2373 1213 2422 bunel—
1270 2393 1344 2422 dem
1358 2393 1580 2431 apostolicam
1594 2393 1814 2431 appellatum,
1830 2395 1942 2423 tamen
1959 2393 2024 2432 ipsi
2037 2402 2149 2424 coram
2162 2394 2286 2424 dilecto

202 2420 418 2442 concessione
432 2412 496 2442 sibi
514 2414 598 2444 tacta
609 2415 698 2453 quod
711 2415 796 2445 tales
812 2417 945 2454 possint
959 2415 1212 2452 absolve1·e,11t-
1239 2432 1241 2466 ᾖ
1271 2445 1339 2475 filio
1366 2448 1479 2476 nostro
1502 2446 1530 2477 G
1585 2446 1677 2476 tituli
1703 2455 1718 2470 ζ
1758 2446 1861 2476 ΜἩὋῘ
1917 2446 2082 2477 reshnero
2107 2447 2271 2478 cardimli

203 2465 292 2494 teras
304 2465 481 2496 ostendant
499 2467 714 2505 apostolicas,
732 2476 796 2507 que
807 2469 996 2508 suspitione
1008 2472 1142 2500 careant
1155 2470 1211 2500 sal·
1239 2471 1240 2493 1
1537 2469 1556 2481 ”
1758 2465 1768 2476 ⁴
1794 2467 1801 2476 “
1892 2455 1912 2485 p
2120 2468 2133 2477 ⁴
2227 2468 2234 2478 ⁸
2276 2468 2284 2482 '

203 2518 328 2553 sitatis,
349 2519 589 2550 nichilonnnus
610 2521 807 2552 auctoritate
826 2523 1036 2561 presentium
1057 2523 1212 2553 inhibens

203 2579 242 2601 ne
262 2571 389 2602 similia
403 2573 442 2602 de
457 2576 566 2604 cetero
585 2575 785 2613 attemptare
802 2577 999 2614 presumant
1016 2594 1064 2607 -.
1087 2577 1211 2607 Datum

202 2624 290 2663 apud
303 2624 590 2663 Urbemveterem‚
604 2637 625 2657 x
639 2628 799 2659 kalendas
820 2629 944 2666 martii,
962 2638 1049 2660 anno
1066 2630 1177 2660 tertio.
1194 2639 1210 2659 »

294 2786 389 2817 1563

779 2788 903 2819 Orvicto,
921 2789 955 2816 20
973 2788 1044 2816 avril
1063 2789 1140 2816 1:204.

240 2868 335 2895 lilerio
357 2869 538 2897 Maeloviensi
561 2872 678 2898 mandat
707 2874 736 2899 ut
752 2872 905 2900 ecclesiam
926 2873 960 2900 de
981 2874 1082 2901 Brcon.
1108 2873 1211 2901 Maelo-

964 179 1209 210 REGISTRES
1238 180 1452 211 D'URBAIN
1482 181 1539 210 lv.

1279 264 1384 291 viensis
1406 264 1539 293 diocesis,
1567 265 1653 291 alicui
1677 273 1815 299 personae
1835 266 1954 293 idoneae
1973 267 2112 294 conserat.
2140 268 2218 296 (aaa.
2245 270 2291 302 ΞΟ,

1278 313 1326 340 sol.
1348 314 1405 343 152,
1423 319 1452 340 11⁰
1467 314 1544 349 (313.)

1319 429 1333 447 «
1357 418 1683 448 lz'lertoitlaeloviensi.
1701 420 1799 455 Cum,
1815 420 1902 450 sicut
1919 420 2151 451 intelleximus
2163 440 2212 450 -.
2229 423 2295 453 Da-

1279 474 1349 502 tum
1379 472 1468 510 apud
1491 472 1782 505 Urbemveterem,
1815 482 1863 503 ΧΗ
1891 473 2055 504 kalendas
2082 475 2176 510 maii,
2206 483 2292 506 anno

1278 525 1389 555 tertio.
1413 537 1425 550 »

1368 701 1465 731 1564
1865 701 1990 732 Orvieto,
2009 703 2024 728 2
2044 702 2115 728 avril
2138 702 2215 729 1202.

1311 782 1339 808 S.
1366 783 1470 809 Mariae
1494 785 1518 809 et
1547 792 1570 809 s.
1597 783 1682 809 Marci
1705 783 1850 817 prioribus
1874 784 2146 818 Nigripontensibus
2173 787 2291 813 mandat

1277 834 1306 857 ut
1320 831 1467 863 Rainaldo,
1483 832 1587 859 clerico
1601 833 1740 859 ecclcsiae
1759 841 1782 860 s.
1802 833 1923 867 Sophiae
1944 834 2292 869 Constantinopolitanae,

1277 888 1375 914 quum,
1388 880 1504 908 civitate
1514 882 1833 916 Constantinopolitana
1843 886 1936 916 capta,
1948 892 1964 909 a
1974 883 2088 910 Graecis
2097 884 2145 910 diu
2158 884 2291 911 detentus

1279 929 1327 955 i'uit
1358 929 1385 955 in
1409 938 1533 956 can-ere.
1554 931 1587 956 de
1611 930 1706 965 aliquo
1725 931 1863 958 beneficio
1886 932 1921 958 ad
1943 931 2129 959 collationem
2163 932 2290 967 episcopi

1247 976 1248 987 ¹
1277 978 1509 1012 Nigr-ipontensis
1522 982 1681 1013 spectante,
1696 980 1874 1014 provideant.
1888 980 1966 1012 (Rea.
1976 980 2078 1011 29,1'0l.
2094 982 2154 1014 152,
2168 985 2200 1008 11ο
2215 982 2291 1014 (514)

1317 1094 1333 1115 «
1349 1086 1382 1114 S.
1397 1085 1494 1114 Mario
1511 1090 1538 1114 c!
1550 1095 1573 1114 s.
1593 1085 1693 1114 Marci
1705 1085 1862 1125 prioribus
1873 1086 2174 1125 Niqripontensiltus.
2191 1088 2289 1118 Circa

1278 1146 1458 1176 personam
1482 1139 1596 1169 dilecti
1614 1156 1665 1167 —.
1687 1139 1810 1169 Datum
1830 1140 1919 1178 apud
1934 1140 2222 1175 L'rlieinveterem,
2240 1151 2290 1170 1111

1281 1199 1386 1221 nonas
1404 1192 1535 1230 aprilis,
1557 1201 1642 1222 anno
1662 1192 1775 1222 tertio.
1797 1204 1811 1221 »

1370 1368 1466 1398 1565
1856 1368 1982 1402 Orvieto,
2002 1369 2032 1396 11
2050 1369 2122 1395 avril
2144 1370 2221 1398 1264.

1313 1451 1425 1477 Dec-ano
1443 1451 1599 1478 Parisiensi
1614 1454 1640 1478 et
1656 1451 1860 1478 archidiacono
1881 1453 1915 1478 de
1930 1452 2043 1480 Virtute
2056 1453 2084 1480 in
2105 1453 2227 1481 eeclesia
2241 1455 2292 1482 Ca-

1276 1500 1458 1526 thalaunensi
1475 1501 1593 1527 mandat
1613 1502 1641 1526 ut
1657 1500 1894 1527 archidiaconum
1908 1501 2171 1529 ttjttthalaunensem
2184 1503 2291 1531 saciant

1275 1548 1394 1583 pacifica
1411 1550 1594 1583 possessione
1612 1550 1735 1584 gaudere
1753 1550 1897 1584 prioratus
1907 1551 1942 1577 de
1959 1550 2291 1587 nrzuieucortsspectantis

1275 1599 1309 1624 ad
1333 1599 1543 1625 monasterium
1566 1599 1764 1630 llosbacensis,
1788 1599 1896 1626 ordinis
1914 1608 1936 1626 s.
1958 1600 2116 1634 Benedicti,
2138 1601 2291 1628 Meldensis

1275 1647 1408 1675 diocesis.
1422 1648 1500 1682 (Risu.
1518 1650 1563 1681 ΖΕ),
1579 1648 1627 1675 sol.
1646 1649 1706 1676 152.
1724 1653 1754 1674 11ο
1768 1649 1842 1682 015.)

1315 1765 1329 1781 u
1348 1753 1466 1783 Decumo
1488 1753 1656 1783 Parisiensi
1674 1759 1731 1784 el..
1751 1754 1967 1784 archidiacono
1989 1755 2023 1784 dc
2052 1755 2169 1785 Virtute
2197 1756 2226 1785 in
2247 1766 2291 1785 ec-

1275 1805 1364 1835 clexin
1378 1806 1630 1837 Callialaunensi.
1652 1808 1817 1846 Exposuit
1832 1808 1929 1838 nobis
1941 1808 2086 1839 dilectus
2097 1809 2218 1839 tilius..
2241 1819 2290 1840 ar-

1274 1860 1491 1890 chidiaconus
1504 1861 1798 1897 Cathalaunensis,
1813 1862 1901 1900 quod
1916 1870 1976 1892 nos
2001 1862 2029 1892 ei
2045 1863 2235 1900 prioratum
2249 1863 2289 1894 de

1273 1913 1469 1949 Guiencort,
1489 1916 1696 1952 spectantem
1724 1914 1764 1943 ad
1790 1915 2032 1945 monasterium
2057 1915 2286 1950 Rosbacense,

1274 1966 1403 1996 ordinis
1423 1976 1449 1996 s.
1477 1967 1662 2003 Benedicti,
1686 1967 1871 1998 Meldensis
1892 1968 2049 2002 diocesis,
2070 1970 2102 1998 in
2126 1969 2287 1999 archidia-

1273 2022 1395 2050 conatu
1430 2028 1491 2050 suo
1524 2021 1639 2055 situm,
1671 2021 1913 2051 conserendum
1931 2021 2105 2056 duximus,
2130 2022 2171 2051 ab
2198 2023 2285 2061 ipso,

1272 2073 1377 2103 donec
1401 2073 1537 2108 vixerit,
1556 2074 1811 2112 possidendum,
1838 2073 1935 2104 vobis
1963 2082 2065 2112 super
2099 2075 2287 2106 inducendo

1273 2127 1385 2164 ipsum
1408 2126 1442 2156 in
1460 2126 1554 2156 illius
1570 2128 1824 2165 possessionem
1846 2127 2084 2157 executoribus
2102 2128 2284 2167 deputatis.

1273 2180 1401 2210 Etlicet
1418 2188 1478 2218 pro
1490 2181 1585 2218 parte
1600 2179 1732 2210 abbatis
1749 2182 1779 2210 et
1795 2182 1981 2210 conventus
1996 2180 2138 2219 predicti
2153 2189 2285 2212 monas-

1271 2233 1347 2262 terii
1368 2242 1385 2262 a
1404 2232 1512 2269 vobis,
1531 2241 1590 2271 pro
1617 2242 1654 2263 eo
1674 2233 1762 2271 quod
1788 2233 1901 2272 ipsum
1927 2233 2202 2264 archidiaconum
2226 2243 2286 2265 seu

1272 2288 1520 2324 procuratorem
1539 2286 1611 2324 ejus
1627 2286 1659 2316 in
1678 2286 1818 2324 predicti
1832 2287 2005 2325 prioratus
2018 2287 2284 2325 possessionem,

1267 2339 1364 2378 juxta
1384 2339 1527 2370 sormam
1544 2339 1641 2370 vobis
1658 2340 1829 2375 traditam,
1846 2340 2044 2375 induxistis,
2059 2340 2161 2371 fuerit
2178 2340 2219 2371 ad
2237 2349 2285 2371 se·

1269 2507 1369 2537 quem
1383 2499 1416 2528 in
1431 2508 1532 2529 causa
1551 2499 1791 2538 appellationis
1809 2500 2016 2538 ImJusmodi,
2030 2500 2072 2530 ad
2087 2500 2284 2531 instantiam

1269 2552 1347 2582 dicti
1385 2552 1624 2588 archidiaconi,
1662 2553 1852 2583 auditorem
1890 2553 2060 2589 dedimus,
2090 2562 2284 2593 comparere

1269 2614 1327 2644 per
1345 2614 1380 2636 se
1404 2606 1456 2636 vel
1475 2608 1728 2645 procuratorem
1748 2607 1931 2645 ydoneum,
1957 2616 2150 2646 quanquam
2169 2610 2284 2646 potue-

1269 2659 1347 2695 rint,
1367 2668 1431 2689 non
1454 2661 1626 2694 curarunt,
1648 2659 1723 2690 licet
1752 2660 1785 2690 in
1803 2660 1976 2691 audientia
1995 2660 2130 2699 publica
2153 2661 2283 2699 pluries

1268 2713 1361 2743 citati
1382 2712 1508 2743 suerint
1534 2715 1566 2743 et
1589 2713 1758 2752 expectati
1785 2713 1927 2750 diutius,
1953 2716 1987 2744 ut
2005 2716 2055 2744 est
2077 2714 2194 2744 moris.
2213 2715 2284 2745 Nos

1269 2765 1383 2804 igitur.
1396 2766 1477 2796 dicti
1493 2766 1719 2797 archidiaconi
1733 2766 1891 2806 precibus
1907 2766 2073 2802 inclinati,
2086 2767 2285 2798 discretioni

1269 2821 1379 2849 vestre
1397 2819 1599 2850 mandamus
1616 2822 1795 2859 quatenus,
1817 2820 1846 2850 si
1870 2822 1921 2850 est
1946 2821 2004 2856 ita,
2028 2820 2217 2859 predictum
2235 2829 2283 2851 ar-

1267 2872 1514 2909 chidiaconum,
1542 2873 1768 2912 appellatione
1796 2873 1991 2913 hujusmodi
2020 2882 2086 2904 non
2113 2873 2281 2909 obstante,
