2519 3262
193 190 249 220 198

232 284 248 304 ((
274 274 419 313 Muqislro
461 272 589 302 Roborto
630 271 665 301 de
708 270 859 305 criciaco,
900 269 1044 299 canonico
1081 268 1201 298 ecclesie

191 338 215 356 s.
234 326 386 363 Quintium}
407 325 613 355 Noviomensz's
634 324 771 353 diocesis.
791 324 988 362 Exposcunt
1011 321 1201 353 devotionis

192 381 312 410 merita
329 396 377 410 —.
398 379 521 410 Datum
539 378 626 417 apud
644 377 932 412 Urbemveterem,
953 385 1001 406 ιιιι
1024 376 1100 406 idus
1118 384 1203 405 mar-

192 433 243 467 tii,
258 441 344 463 anno
360 432 460 463 tertio
479 433 498 462 ¹.
520 442 534 460 »

283 615 299 645 1
308 614 378 645 407

759 611 884 642 Orviet0‚
902 611 935 637 15
952 618 1030 637 mars
1052 610 1128 637 1204.

230 697 397 724 l'rimicorio
423 697 536 724 Lucano
562 697 681 723 mandat
708 699 739 723 ut
770 697 1013 729 Bonaventuram,
1047 694 1201 729 plebanum

194 746 284 780 plebis
310 747 344 772 de
370 746 524 780 Groppore,
547 745 731 772 pistoriensis
754 745 889 778 diocesis,
910 745 956 779 qui
977 752 1027 779 per
1044 744 1202 778 quinquen-

192 795 271 822 nium
286 795 444 830 etamplius
460 795 487 822 in
498 795 653 822 vicariatus
667 794 760 821 officio
772 794 904 829 episcopo
914 794 1027 820 Lucano
1038 792 1201 819 deservivit.

192 844 308 870 obtentu
325 843 453 878 ejusdem
467 843 603 878 episcopi,
622 843 651 870 in
665 842 833 869 Pistoriensi
849 842 970 870 ecclesia
985 842 1011 868 in
1030 841 1200 868 canonicum

192 892 279 927 recipi
301 892 382 919 saciat
409 892 490 926 eique
513 893 547 919 de
564 892 724 926 praebenda
748 892 906 926 provideat.
925 892 1003 925 (nac.
1019 892 1064 925 29,
1086 890 1134 917 sol.
1153 891 1201 917 ‘127

191 946 231 974 νο,
253 944 283 967 n⁰
298 941 372 976 457.)

233 1058 247 1077 α
264 1071 269 1077 .
289 1071 295 1077 .
314 1049 487 1088 primicerio
513 1048 647 1078 Lucano.
673 1048 766 1079 Sicut
793 1048 998 1079 venerabilis
1017 1048 1133 1079 fratris
1152 1067 1201 1078 —.

192 1101 316 1132 Datum
329 1102 418 1141 apud
428 1102 715 1139 Urbemveterem,
732 1103 807 1132 idus
818 1102 944 1139 martii,
958 1110 1045 1132 anno
1061 1102 1172 1132 tertio.
1188 1112 1203 1131 ))

284 1286 379 1317 1408

745 1284 868 1315 ornem,
885 1284 918 1311 21
934 1284 1037 1311 sevrier
1054 1285 1131 1311 1204.

229 1369 362 1402 nem-ico,
388 1369 520 1403 episcopo
544 1369 668 1402 Lucano,
693 1368 822 1403 indulget
839 1371 869 1395 ut
890 1369 938 1395 uni
962 1368 1067 1395 clerico
1089 1368 1122 1394 de
1147 1376 1202 1394 uno
1233 1360 1234 1377 ³

193 1418 350 1452 plebanum
366 1426 414 1444 scu
441 1418 568 1452 prioratu
593 1418 715 1445 seculari
737 1418 765 1444 in
782 1418 895 1444 Lucana
914 1417 1031 1445 civitate
1048 1425 1080 1444 ac
1096 1416 1203 1443 diocesi

194 1466 341 1500 providere
360 1468 463 1493 valeat.
479 1467 558 1499 (linc.
575 1467 619 1498 29,-
636 1466 683 1493 sol.
701 1466 760 1499 128,
779 1472 808 1493 n⁰
824 1467 900 1501 458.)

235 1582 249 1599 ι(
270 1571 412 1606 Hem-ico,
433 1571 574 1611 episcopo
593 1570 725 1601 Lucano.
745 1571 945 1601 Devotionis
960 1572 1016 1602 tue
1033 1572 1202 1611 supplica·
1232 1578 1234 1607 ζ
1294 1602 1299 1607 ,
1333 1603 1338 1607 ,
1449 1602 1454 1607 ,
1745 1603 1749 1607 ,
1838 1603 1843 1608 ,

1233 1608 1234 1620 ¹
1260 1605 1389 1629 cristi-am
1416 1603 1530 1637 aliaque
1551 1611 1602 1630 sua
1632 1603 1768 1630 beneficia
1789 1606 1914 1630 retinere
1935 1604 2041 1636 valeat,
2060 1612 2116 1631 non
2140 1605 2273 1632 obstante

194 1623 343 1654 tionibus
360 1641 409 1654 —-.
432 1624 556 1654 Datum
581 1624 669 1663 apud
692 1623 980 1659 Urbemveterem,
1000 1634 1020 1654 x
1040 1625 1203 1656 kalendas

195 1677 319 1711 martii,
338 1686 423 1707 anno
439 1678 552 1708 tertio.
571 1687 586 1707 ι)

287 1863 381 1893 moa

731 1863 854 1894 Ori-iem,
882 1865 910 1891 13
920 1863 1033 1899 janvier
1056 1864 1132 1890 1262.

232 1944 362 1979 (laipitulo
392 1946 530 1972 ccclesiae
551 1946 747 1973 Salernitanae
769 1948 885 1974 mandat
913 1950 942 1974 ut
969 1947 1154 1974 Franciscum
1171 1947 1205 1974 de

198 1993 294 2025 l'orta,
313 1996 445 2028 nepotem
466 1994 597 2029 magistri
622 1995 742 2022 Maihaei
763 1997 797 2022 de
818 1996 914 2028 Porta,
936 1997 1103 2023 subdiaconi
1121 1999 1149 2023 et
1163 2005 1207 2023 ca-

197 2042 301 2077 pellani
328 2042 488 2077 apostolici,
517 2044 653 2070 clericum
679 2045 816 2071 ecclesiae
835 2054 858 2071 s.
883 2045 958 2072 Petri
977 2046 1011 2071 ail
1033 2047 1159 2076 curtem,
1176 2045 1206 2073 in

197 2091 316 2118 ccclesia
342 2092 522 2119 Salernitana
548 2093 574 2119 in
601 2092 736 2120 clericum
756 2093 885 2128 recipiat.
906 2095 983 2127 (unu.
1007 2097 1051 2125 29,
1075 2094 1122 2122 l'ol.
1145 2095 1205 2129 128,

196 2146 226 2166 110
240 2140 315 2175 450.)

236 2260 252 2279 «
272 2249 415 2289 Cupilulo
432 2251 553 2280 ccclcxie
570 2250 777 2281 Salernilane.
792 2252 961 2282 Dilectum
978 2252 1085 2282 filium
1100 2252 1207 2282 Fran-

197 2303 322 2333 ciscuin
342 2321 390 2332 —.
407 2304 529 2334 Datum
545 2305 633 2343 apud
645 2305 935 2340 Urbemveterem,
953 2305 1205 2344 idusjanuarii,

198 2364 282 2386 anno
297 2357 407 2387 tertio.
428 2367 442 2385 »

289 2541 384 2572 1410

794 2541 950 2577 Orvietonf)
965 2549 1042 2568 mars
1059 2541 1135 2568 1264.

234 2624 372 2659 Episcopo
390 2627 418 2651 et
438 2625 562 2659 capitulo
583 2625 792 2652 biterrensibus
811 2626 929 2652 mandat
947 2629 977 2653 ut
996 2626 1115 2653 Petrum
1136 2626 1207 2660 Ray-

201 2673 340 2699 mundum
354 2674 388 2700 ‹le
408 2673 665 2708 Moniepessuluno,
679 2674 828 2707 clericum,
843 2677 976 2710 nepotem
992 2674 1118 2710 episcopi
1136 2675 1208 2710 Aga·

199 2721 319 2752 theosis,
338 2721 456 2749 obtentu
480 2722 672 2750 archidiaconi
692 2723 875 2758 Agathensis,
896 2723 1037 2758 capellani
1056 2723 1207 2758 apostolici

199 2772 227 2797 et
254 2770 404 2797 familiaris
433 2771 557 2806 episcopi
590 2772 765 2804 Subinensis,
798 2772 877 2808 cujus
908 2772 1102 2800 archidiaconi
1129 2772 1207 2800 idem

231 2882 253 2904 1.
272 2881 312 2906 En
332 2888 447 2912 mai-gc:
466 2891 475 2904 ι
497 2882 618 2907 Concessa
633 2883 686 2913 fuit
700 2882 805 2908 obtentu
820 2883 948 2915 ejusdem.
966 2892 975 2905 ι

942 182 1187 214 REGISTRES
1216 181 1430 212 D'URBAIN
1461 181 1518 212 IV.

1258 267 1442 302 Raymundus
1467 274 1555 301 nepos
1580 266 1689 299 existit,
1712 266 1740 292 in
1763 266 1934 293 canonicum
1959 266 2097 301 recipiant
2119 267 2268 303 eidemque

1256 315 1406 350 episcopus
1419 315 1599 342 Biterrensis.
1610 316 1644 342 ad
1654 323 1738 350 quem
1750 315 1778 342 in
1791 315 1892 342 eadem
1906 315 2028 343 ecclesia
2039 316 2268 350 praebendarum

1257 364 1372 392 collatio
1396 365 1530 399 pertinet,
1557 365 1591 391 de
1617 365 1779 399 praebenda
1795 364 1952 399 provideat.
1973 364 2051 399 (nso.
2069 365 2113 395 29,
2134 364 2183 391 sol.
2204 366 2269 399 128,

1258 419 1287 440 n⁰
1301 413 1378 447 460.)

1297 529 1314 549 «
1338 545 1343 550 .
1364 543 1369 548 .
1391 519 1545 559 episcopo,
1570 523 1596 548 et
1622 517 1741 547 dilectis
1767 517 1842 556 filiis
1871 517 2005 558 capitulo
2031 517 2266 548 Biterrensibus.

1258 572 1410 603 Dilectus
1437 572 1528 602 filius
1559 571 1680 602 Petrus
1705 588 1754 600 —-.
1784 571 1908 602 Datum
1932 571 2021 610 apud
2050 571 2271 601 L'rbemvete-

1258 634 1343 661 rem,
1364 635 1399 654 ιιι
1420 633 1526 655 nonas
1545 625 1671 660 martii,
1692 633 1779 655 anno
1799 624 1913 655 tertio.
1933 635 1947 654 »

1349 805 1443 835 1411

1848 801 1973 834 Orvieto,
1990 802 2006 829 Ο
2023 810 2101 828 mars
2119 802 2196 829 1264.

1294 887 1432 922 Magistro
1454 888 1569 922 I'agano
1589 888 1623 913 dc
1648 887 1765 914 l‘inibus
1786 887 1918 914 concedit
1943 887 2111 914 facultatem
2137 889 2271 913 mutuum

1258 936 1446 963 contrahendi
1464 944 1553 971 usque
1569 937 1605 963 ad
1626 944 1774 963 summam
1785 936 1978 971 quadraginta
1993 943 2041 962 sex
2056 935 2194 962 librarum
2214 937 2272 962 tur.

1258 988 1286 1012 et
1302 985 1448 1012 Simonem
1465 986 1500 1012 de
1525 985 1665 1016 Clissone,
1685 985 1906 1012 Maelovienscm
1925 986 2062 1016 electum,
2076 992 2188 1011 necnon
2208 992 2272 1010 suc-

1259 1042 1387 1061 cessores
1404 1043 1469 1061 suos
1488 1036 1516 1061 et
1537 1035 1609 1061 bona
1636 1034 1725 1069 ipsius
1747 1034 1886 1061 ecclesiae
1903 1033 2093 1061 creditoribus
2111 1032 2269 1067 obligandi.

1260 1083 1339 1117 (Rue.
1356 1083 1401 1115 29,
1418 1082 1468 1110 fol.
1485 1083 1548 1116 128,
1567 1089 1597 1109 n⁰
1611 1084 1684 1118 461.)

1299 1198 1314 1217 «
1338 1188 1490 1227 Mayislro
1519 1188 1645 1227 Puquno
1671 1187 1707 1217 de
1734 1187 1872 1224 Finibus,
1901 1188 2010 1218 clerico
2042 1187 2270 1227 Andeqavensi.

1260 1242 1344 1272 Cum
1363 1242 1451 1272 sicut
1465 1242 1498 1271 in
1516 1260 1565 1272 -.
1578 1242 1703 1272 Datum
1720 1242 1808 1280 apud
1819 1241 2108 1278 Urbemvetereni‚
2127 1251 2147 1271 ιι
2166 1250 2272 1272 nonas

1259 1295 1385 1330 martii,
1405 1303 1492 1325 anno
1510 1295 1621 1325 tertio.
1645 1305 1659 1323 υ

1351 1471 1448 1501 1412
1832 1470 1957 1504 Orvieto,
1976 1471 2008 1498 17
2025 1479 2104 1498 mars
2123 1471 2199 1498 1264.

1296 1553 1469 1588 Berengario
1487 1554 1521 1580 de
1540 1553 1678 1581 Boe-iacis.
1693 1553 1831 1581 sacristae
1848 1554 2019 1588 Biterrensi,
2035 1555 2165 1590 indulget
2183 1558 2212 1582 ut
2229 1564 2272 1583 sa-

1260 1655 1328 1678 nota
1345 1651 1507 1679 haereticae
1529 1652 1680 1686 pravitatis
1696 1661 1712 1679 a
1732 1654 1813 1687 patre
1827 1660 1895 1679 suae
1911 1653 2001 1688 ipsius
2023 1653 2126 1680 matris
2146 1654 2270 1681 incursa.

1260 1701 1337 1736 (Rae.
1357 1701 1402 1732 29,
1418 1701 1532 1729 f01.128
1548 1709 1587 1731 vo,
1606 1707 1638 1727 n⁰
1655 1701 1731 1736 402.)
1749 1703 1768 1728 ¹.

1302 1817 1316 1835 u
1337 1806 1524 1845 Ber-enyario
1550 1805 1586 1835 de
1608 1806 1760 1839 Bociacis.
1788 1806 1912 1836 sacrista
1934 1807 2116 1836 Biterrensi.
2142 1807 2272 1837 Induci-

1262 1869 1338 1890 mur
1361 1868 1402 1890 ex
1424 1859 1587 1890 laudabili
1607 1860 1801 1890 testimonio
1820 1860 1911 1898 quod
1938 1859 2037 1891 nobis
2053 1860 2093 1891 de
2120 1861 2190 1891 tuis
2208 1869 2273 1890 me-

1235 1944 1237 1951 ,
1262 1913 1339 1943 ritis
1369 1912 1578 1951 perhibetur,
1603 1914 1637 1942 ut
1667 1915 1698 1943 te
1728 1913 1859 1951 paterni
1888 1913 2014 1944 favoris
2044 1913 2275 1944 benivolentia

1263 1967 1520 2005 prosequentes,
1547 1965 1856 2004 supplicationibus
1870 1966 1939 1996 tuis
1964 1966 2196 1997 favorabiliter
2219 1975 2276 1997 an-

1264 2019 1470 2049 nuamus.1n
1489 2020 1603 2049 nostra
1616 2019 1753 2057 quidem
1769 2019 1978 2058 proposuisti
1995 2020 2167 2058 presentia
2179 2028 2277 2050 cons-

1263 2073 1386 2103 titutus
1406 2072 1493 2111 quod
1519 2072 1688 2111 quondam
1708 2072 1904 2102 Arinannus
1930 2072 1970 2103 de
1996 2073 2161 2109 Bociaris,
2182 2074 2278 2111 pater

1265 2128 1354 2161 tuns,
1368 2133 1552 2163 omnesque
1568 2125 1621 2154 sui
1631 2125 1865 2163 progenitores
1884 2133 1944 2163 per
1959 2127 2133 2164 paternam
2152 2126 2278 2157 lineam

1264 2179 1485 2210 ascendentes
1505 2187 1639 2216 semper
1658 2178 1758 2208 fidem
1771 2178 2005 2215 orthodoxam,
2021 2180 2196 2218 tamquam
2213 2179 2276 2210 viri

1238 2250 1239 2255 =
1264 2232 1431 2268 catholici,
1458 2231 1646 2267 coluerunt,
1665 2233 1697 2261 et
1715 2231 1837 2262 dilecta
1856 2231 1890 2261 in
1909 2231 2044 2263 Christo
2064 2232 2134 2262 filia
2152 2232 2279 2263 nobilis

1265 2285 1387 2316 mulier
1418 2285 1670 2321 Ermessendis,
1701 2286 1809 2314 mater
1838 2286 1907 2321 tua,
1942 2294 2027 2315 uxor
2060 2285 2203 2324 predicti
2236 2286 2277 2316 A.

1238 2361 1239 2371 ἢ
1264 2339 1371 2378 patris
1392 2338 1452 2374 tui,
1475 2337 1597 2368 mulier
1613 2337 1724 2368 fidelis
1749 2338 1920 2368 extitisset
1937 2338 2116 2369 devotione
2134 2339 2277 2369 sincera.

1264 2393 1404 2428 Verum,
1420 2392 1499 2431 quia
1514 2391 1683 2430 quondam
1699 2390 1880 2426 Imbertus,
1894 2393 1988 2430 pater
1998 2392 2151 2431 ejusdem
2161 2392 2280 2423 matris

1263 2448 1331 2482 tue,
1352 2445 1449 2484 longe
1469 2445 1544 2483 post
1560 2444 1632 2482 ejus
1650 2443 1792 2478 obitum,
1812 2445 1926 2475 extitit
1945 2444 1985 2475 de
2002 2445 2085 2475 vitio
2097 2445 2279 2484 pravitatis

1264 2498 1410 2529 heretice
1434 2498 1712 2536 condempnatus,
1734 2499 1782 2534 tu,
1801 2497 1961 2528 dubitans
1981 2506 2021 2528 ne
2037 2506 2096 2536 per
2120 2498 2281 2529 constitu-

1264 2552 1391 2582 tionem
1408 2551 1519 2582 felicis
1533 2550 1777 2581 recordationis
1789 2551 1976 2581 Alexandri
1992 2558 2090 2590 pape,
2102 2551 2280 2590 predeces-

1266 2604 1354 2635 soris
1379 2603 1498 2639 nostri,
1525 2605 1641 2634 contra
1667 2603 1862 2643 he[re4'ticos
1879 2606 1909 2634 et
1928 2612 2045 2634 eorum
2062 2604 2152 2634 filios
2170 2613 2280 2644 usque

1266 2658 1306 2689 ad
1324 2657 1506 2688 secundam
1522 2657 1776 2696 generationem
1794 2657 1931 2694 editam,
1944 2665 2010 2696 qua
2025 2657 2111 2687 tales
2129 2657 2280 2688 obtentis

1265 2711 1443 2751 privantur
1468 2710 1643 2741 beneficiis
1663 2712 1694 2741 et
1718 2710 1759 2740 ad
1777 2709 1960 2741 obtinenda
1982 2710 2168 2741 redduntur
2191 2710 2280 2742 inha-

1266 2764 1365 2802 biles
1392 2763 1495 2795 statui
1523 2765 1581 2794 tuo
1612 2763 1647 2794 in
1674 2763 1788 2803 aliquo
1815 2763 2006 2803 derogetur,
2030 2763 2203 2803 provideri
2218 2763 2282 2795 tibi

1299 2884 1321 2907 1.
1341 2882 1382 2906 En
1401 2889 1514 2913 mai-ge:
1534 2891 1543 2904 «
1560 2882 1600 2906 Ad
1617 2882 1769 2907 instantiam
1783 2881 1882 2907 domini
1894 2881 2052 2907 Sabinensis.
2071 2891 2080 2905 ι
