<?xml version="1.0" encoding="UTF-8"?>
<!DOCTYPE html PUBLIC "-//W3C//DTD XHTML 1.0 Transitional//EN"
    "http://www.w3.org/TR/xhtml1/DTD/xhtml1-transitional.dtd">
<html xmlns="http://www.w3.org/1999/xhtml" xml:lang="en" lang="en">
 <head>
  <title>
</title>
<meta http-equiv="Content-Type" content="text/html;charset=utf-8" />
  <meta name='ocr-system' content='tesseract 3.04.00' />
  <meta name='ocr-capabilities' content='ocr_page ocr_carea ocr_par ocr_line ocrx_word'/>
</head>
<body>
  <div class='ocr_page' id='page_1' title='image "./lesregistresdurb34cath/lesregistresdurb34cath_0212.png"; bbox 0 0 2519 3262; ppageno 0'>
   <div class='ocr_carea' id='block_1_1' title="bbox 228 201 284 228">
    <p class='ocr_par' dir='ltr' id='par_1_1' title="bbox 228 201 284 228">
     <span class='ocr_line' id='line_1_1' title="bbox 228 201 284 228; baseline 0 0"><span class='ocrx_word' id='word_1_1' title='bbox 228 201 284 228; x_wconf 73' lang='lat'>¹·-4</span> 
     </span>
    </p>
   </div>
   <div class='ocr_carea' id='block_1_2' title="bbox 226 277 1238 1165">
    <p class='ocr_par' dir='ltr' id='par_1_2' title="bbox 226 277 1238 1165">
     <span class='ocr_line' id='line_1_2' title="bbox 226 277 1229 324; baseline -0.01 -8"><span class='ocrx_word' id='word_1_2' title='bbox 226 285 436 324; x_wconf 79' lang='lat' dir='ltr'>presumpta,</span> <span class='ocrx_word' id='word_1_3' title='bbox 454 290 581 313; x_wconf 81' lang='lat' dir='ltr'>necnon</span> <span class='ocrx_word' id='word_1_4' title='bbox 601 282 633 311; x_wconf 87' lang='lat' dir='ltr'>et</span> <span class='ocrx_word' id='word_1_5' title='bbox 649 279 809 318; x_wconf 90' lang='lat' dir='ltr'>quicquid</span> <span class='ocrx_word' id='word_1_6' title='bbox 826 287 867 309; x_wconf 87' lang='lat' dir='ltr'>ex</span> <span class='ocrx_word' id='word_1_7' title='bbox 881 278 1043 309; x_wconf 78' lang='lat' dir='ltr'>electione</span> <span class='ocrx_word' id='word_1_8' title='bbox 1062 277 1119 307; x_wconf 88' lang='lat' dir='ltr'>tali</span> <span class='ocrx_word' id='word_1_9' title='bbox 1137 285 1229 307; x_wconf 84' lang='lat' dir='ltr'>secu-</span> 
     </span>
     <span class='ocr_line' id='line_1_3' title="bbox 233 329 1229 373; baseline -0.01 -4"><span class='ocrx_word' id='word_1_10' title='bbox 233 340 302 368; x_wconf 84' lang='lat' dir='ltr'>tum</span> <span class='ocrx_word' id='word_1_11' title='bbox 320 339 370 368; x_wconf 86' lang='lat' dir='ltr'>est</span> <span class='ocrx_word' id='word_1_12' title='bbox 385 336 437 367; x_wconf 89' lang='lat' dir='ltr'>vel</span> <span class='ocrx_word' id='word_1_13' title='bbox 452 335 492 366; x_wconf 88' lang='lat' dir='ltr'>ob</span> <span class='ocrx_word' id='word_1_14' title='bbox 507 335 627 373; x_wconf 83' lang='lat' dir='ltr'>ipsam,</span> <span class='ocrx_word' id='word_1_15' title='bbox 637 332 765 363; x_wconf 91' lang='lat' dir='ltr'>nullum</span> <span class='ocrx_word' id='word_1_16' title='bbox 777 331 878 361; x_wconf 88' lang='lat' dir='ltr'>robur</span> <span class='ocrx_word' id='word_1_17' title='bbox 889 330 1035 362; x_wconf 84' lang='lat' dir='ltr'>obtineat</span> <span class='ocrx_word' id='word_1_18' title='bbox 1048 329 1229 364; x_wconf 87' lang='lat' dir='ltr'>firmitatis,</span> 
     </span>
     <span class='ocr_line' id='line_1_4' title="bbox 229 383 1229 430; baseline -0.01 -9"><span class='ocrx_word' id='word_1_19' title='bbox 229 400 330 430; x_wconf 88' lang='lat' dir='ltr'>super</span> <span class='ocrx_word' id='word_1_20' title='bbox 342 390 402 420; x_wconf 90' lang='lat' dir='ltr'>hoc</span> <span class='ocrx_word' id='word_1_21' title='bbox 412 388 476 418; x_wconf 81' lang='lat' dir='ltr'>sibi</span> <span class='ocrx_word' id='word_1_22' title='bbox 487 388 702 426; x_wconf 85' lang='lat' dir='ltr'>dignaremur</span> <span class='ocrx_word' id='word_1_23' title='bbox 712 385 875 424; x_wconf 91' lang='lat' dir='ltr'>oportuno</span> <span class='ocrx_word' id='word_1_24' title='bbox 885 384 1032 414; x_wconf 89' lang='lat' dir='ltr'>remedio</span> <span class='ocrx_word' id='word_1_25' title='bbox 1043 383 1229 423; x_wconf 87' lang='lat' dir='ltr'>providere.</span> 
     </span>
     <span class='ocr_line' id='line_1_5' title="bbox 228 435 1229 481; baseline -0.011 -6"><span class='ocrx_word' id='word_1_26' title='bbox 228 443 390 475; x_wconf 87' lang='lat' dir='ltr'>Nolentes</span> <span class='ocrx_word' id='word_1_27' title='bbox 411 442 514 481; x_wconf 86' lang='lat' dir='ltr'>igitur</span> <span class='ocrx_word' id='word_1_28' title='bbox 536 442 569 470; x_wconf 92' lang='lat' dir='ltr'>ut</span> <span class='ocrx_word' id='word_1_29' title='bbox 589 439 781 470; x_wconf 79' lang='lat' dir='ltr'>nominatus</span> <span class='ocrx_word' id='word_1_30' title='bbox 799 437 966 468; x_wconf 89' lang='lat' dir='ltr'>Henricus</span> <span class='ocrx_word' id='word_1_31' title='bbox 983 437 1022 467; x_wconf 91' lang='lat' dir='ltr'>de</span> <span class='ocrx_word' id='word_1_32' title='bbox 1039 435 1229 475; x_wconf 83' lang='lat' dir='ltr'>hujusmodi</span> 
     </span>
     <span class='ocr_line' id='line_1_6' title="bbox 229 489 1232 534; baseline -0.009 -7"><span class='ocrx_word' id='word_1_33' title='bbox 229 505 289 527; x_wconf 83' lang='lat' dir='ltr'>sua</span> <span class='ocrx_word' id='word_1_34' title='bbox 308 495 567 534; x_wconf 77' lang='lat' dir='ltr'>presumptuosa</span> <span class='ocrx_word' id='word_1_35' title='bbox 586 491 846 522; x_wconf 74' lang='lat' dir='ltr'>contractatione</span> <span class='ocrx_word' id='word_1_36' title='bbox 863 490 971 521; x_wconf 81' lang='lat' dir='ltr'>aliene</span> <span class='ocrx_word' id='word_1_37' title='bbox 990 490 1037 520; x_wconf 90' lang='lat' dir='ltr'>rei</span> <span class='ocrx_word' id='word_1_38' title='bbox 1060 492 1094 519; x_wconf 84' lang='lat' dir='ltr'>se</span> <span class='ocrx_word' id='word_1_39' title='bbox 1111 489 1232 519; x_wconf 90' lang='lat' dir='ltr'>letetur</span> 
     </span>
     <span class='ocr_line' id='line_1_7' title="bbox 229 543 1233 586; baseline -0.008 -7"><span class='ocrx_word' id='word_1_40' title='bbox 229 549 404 580; x_wconf 86' lang='lat' dir='ltr'>comodum</span> <span class='ocrx_word' id='word_1_41' title='bbox 436 547 618 586; x_wconf 85' lang='lat' dir='ltr'>reportare,</span> <span class='ocrx_word' id='word_1_42' title='bbox 654 544 867 579; x_wconf 75' lang='lat' dir='ltr'>collationeS,</span> <span class='ocrx_word' id='word_1_43' title='bbox 904 543 1172 582; x_wconf 87' lang='lat' dir='ltr'>presentationes</span> <span class='ocrx_word' id='word_1_44' title='bbox 1201 543 1233 571; x_wconf 92' lang='lat' dir='ltr'>et</span> 
     </span>
     <span class='ocr_line' id='line_1_8' title="bbox 233 595 1232 638; baseline -0.009 -6"><span class='ocrx_word' id='word_1_45' title='bbox 233 601 465 632; x_wconf 80' lang='lat' dir='ltr'>concessiones</span> <span class='ocrx_word' id='word_1_46' title='bbox 480 598 672 638; x_wconf 87' lang='lat' dir='ltr'>hujusmodi</span> <span class='ocrx_word' id='word_1_47' title='bbox 691 597 796 627; x_wconf 88' lang='lat' dir='ltr'>factas</span> <span class='ocrx_word' id='word_1_48' title='bbox 815 605 873 635; x_wconf 88' lang='lat' dir='ltr'>per</span> <span class='ocrx_word' id='word_1_49' title='bbox 891 596 1031 627; x_wconf 91' lang='lat' dir='ltr'>eundem</span> <span class='ocrx_word' id='word_1_50' title='bbox 1050 595 1232 625; x_wconf 88' lang='lat' dir='ltr'>Henricum</span> 
     </span>
     <span class='ocr_line' id='line_1_9' title="bbox 232 647 1233 692; baseline -0.008 -7"><span class='ocrx_word' id='word_1_51' title='bbox 232 663 358 685; x_wconf 86' lang='lat' dir='ltr'>necnon</span> <span class='ocrx_word' id='word_1_52' title='bbox 376 655 407 684; x_wconf 86' lang='lat' dir='ltr'>et</span> <span class='ocrx_word' id='word_1_53' title='bbox 427 652 586 692; x_wconf 82' lang='lat' dir='ltr'>quicquid</span> <span class='ocrx_word' id='word_1_54' title='bbox 596 659 655 690; x_wconf 91' lang='lat' dir='ltr'>per</span> <span class='ocrx_word' id='word_1_55' title='bbox 670 651 780 689; x_wconf 88' lang='lat' dir='ltr'>ipsum</span> <span class='ocrx_word' id='word_1_56' title='bbox 792 650 848 684; x_wconf 91' lang='lat' dir='ltr'>H.,</span> <span class='ocrx_word' id='word_1_57' title='bbox 859 650 938 680; x_wconf 92' lang='lat' dir='ltr'>dum</span> <span class='ocrx_word' id='word_1_58' title='bbox 948 647 1233 679; x_wconf 75' lang='lat' dir='ltr'>administrationi</span> 
     </span>
     <span class='ocr_line' id='line_1_10' title="bbox 232 701 1235 747; baseline -0.008 -9"><span class='ocrx_word' id='word_1_59' title='bbox 232 708 380 747; x_wconf 75' lang='lat' dir='ltr'>predicte</span> <span class='ocrx_word' id='word_1_60' title='bbox 397 715 432 736; x_wconf 89' lang='lat' dir='ltr'>se</span> <span class='ocrx_word' id='word_1_61' title='bbox 452 705 564 735; x_wconf 88' lang='lat' dir='ltr'>taliter</span> <span class='ocrx_word' id='word_1_62' title='bbox 582 703 764 743; x_wconf 77' lang='lat' dir='ltr'>ingerebat,</span> <span class='ocrx_word' id='word_1_63' title='bbox 781 703 868 733; x_wconf 82' lang='lat' dir='ltr'>circa</span> <span class='ocrx_word' id='word_1_64' title='bbox 886 702 1131 741; x_wconf 83' lang='lat' dir='ltr'>possessiones,</span> <span class='ocrx_word' id='word_1_65' title='bbox 1148 701 1235 731; x_wconf 82' lang='lat' dir='ltr'>hona</span> 
     </span>
     <span class='ocr_line' id='line_1_11' title="bbox 231 754 1233 799; baseline -0.008 -8"><span class='ocrx_word' id='word_1_66' title='bbox 231 762 262 791; x_wconf 89' lang='lat' dir='ltr'>et</span> <span class='ocrx_word' id='word_1_67' title='bbox 276 761 351 799; x_wconf 87' lang='lat' dir='ltr'>jura</span> <span class='ocrx_word' id='word_1_68' title='bbox 366 759 452 789; x_wconf 88' lang='lat' dir='ltr'>dicte</span> <span class='ocrx_word' id='word_1_69' title='bbox 464 757 678 796; x_wconf 85' lang='lat' dir='ltr'>prepositure</span> <span class='ocrx_word' id='word_1_70' title='bbox 695 756 929 795; x_wconf 82' lang='lat' dir='ltr'>attemptatum</span> <span class='ocrx_word' id='word_1_71' title='bbox 944 764 1018 785; x_wconf 80' lang='lat' dir='ltr'>esse</span> <span class='ocrx_word' id='word_1_72' title='bbox 1036 754 1233 789; x_wconf 79' lang='lat' dir='ltr'>dinoscitur,</span> 
     </span>
     <span class='ocr_line' id='line_1_12' title="bbox 234 807 1235 850; baseline -0.007 -7"><span class='ocrx_word' id='word_1_73' title='bbox 234 812 446 844; x_wconf 80' lang='lat' dir='ltr'>decernimus</span> <span class='ocrx_word' id='word_1_74' title='bbox 463 811 598 850; x_wconf 83' lang='lat' dir='ltr'>penitus</span> <span class='ocrx_word' id='word_1_75' title='bbox 614 818 680 840; x_wconf 92' lang='lat' dir='ltr'>non</span> <span class='ocrx_word' id='word_1_76' title='bbox 694 809 805 840; x_wconf 88' lang='lat' dir='ltr'>valere</span> <span class='ocrx_word' id='word_1_77' title='bbox 822 817 857 839; x_wconf 89' lang='lat' dir='ltr'>ac</span> <span class='ocrx_word' id='word_1_78' title='bbox 875 809 1003 838; x_wconf 88' lang='lat' dir='ltr'>nullius</span> <span class='ocrx_word' id='word_1_79' title='bbox 1020 808 1165 838; x_wconf 79' lang='lat' dir='ltr'>existere</span> <span class='ocrx_word' id='word_1_80' title='bbox 1181 807 1235 837; x_wconf 83' lang='lat' dir='ltr'>fir-</span> 
     </span>
     <span class='ocr_line' id='line_1_13' title="bbox 241 860 1236 901; baseline -0.007 -5"><span class='ocrx_word' id='word_1_81' title='bbox 241 866 382 901; x_wconf 88' lang='lat' dir='ltr'>mitatis,</span> <span class='ocrx_word' id='word_1_82' title='bbox 416 863 614 894; x_wconf 88' lang='lat' dir='ltr'>discretioni</span> <span class='ocrx_word' id='word_1_83' title='bbox 646 863 758 893; x_wconf 87' lang='lat' dir='ltr'>vestre</span> <span class='ocrx_word' id='word_1_84' title='bbox 792 870 851 901; x_wconf 91' lang='lat' dir='ltr'>per</span> <span class='ocrx_word' id='word_1_85' title='bbox 879 861 1063 900; x_wconf 81' lang='lat' dir='ltr'>apostolica</span> <span class='ocrx_word' id='word_1_86' title='bbox 1087 860 1236 899; x_wconf 72' lang='lat' dir='ltr'>[scripta]</span> 
     </span>
     <span class='ocr_line' id='line_1_14' title="bbox 232 913 1236 956; baseline -0.006 -7"><span class='ocrx_word' id='word_1_87' title='bbox 232 919 429 950; x_wconf 80' lang='lat' dir='ltr'>mandantes</span> <span class='ocrx_word' id='word_1_88' title='bbox 443 919 609 956; x_wconf 88' lang='lat' dir='ltr'>quatenus</span> <span class='ocrx_word' id='word_1_89' title='bbox 636 925 674 946; x_wconf 85' lang='lat' dir='ltr'>ea</span> <span class='ocrx_word' id='word_1_90' title='bbox 691 924 756 946; x_wconf 89' lang='lat' dir='ltr'>non</span> <span class='ocrx_word' id='word_1_91' title='bbox 777 915 887 945; x_wconf 84' lang='lat' dir='ltr'>valere</span> <span class='ocrx_word' id='word_1_92' title='bbox 907 924 944 945; x_wconf 91' lang='lat' dir='ltr'>ac</span> <span class='ocrx_word' id='word_1_93' title='bbox 961 914 1088 944; x_wconf 90' lang='lat' dir='ltr'>nullius</span> <span class='ocrx_word' id='word_1_94' title='bbox 1105 913 1236 944; x_wconf 88' lang='lat' dir='ltr'>roboris</span> 
     </span>
     <span class='ocr_line' id='line_1_15' title="bbox 232 967 1237 1007; baseline -0.006 -5"><span class='ocrx_word' id='word_1_95' title='bbox 232 972 425 1002; x_wconf 87' lang='lat' dir='ltr'>firmitatem</span> <span class='ocrx_word' id='word_1_96' title='bbox 443 969 575 1006; x_wconf 86' lang='lat' dir='ltr'>habere,</span> <span class='ocrx_word' id='word_1_97' title='bbox 599 969 632 999; x_wconf 92' lang='lat' dir='ltr'>in</span> <span class='ocrx_word' id='word_1_98' title='bbox 656 969 752 1004; x_wconf 88' lang='lat' dir='ltr'>locis,</span> <span class='ocrx_word' id='word_1_99' title='bbox 783 969 816 998; x_wconf 92' lang='lat' dir='ltr'>in</span> <span class='ocrx_word' id='word_1_100' title='bbox 839 967 962 1007; x_wconf 87' lang='lat' dir='ltr'>quibus</span> <span class='ocrx_word' id='word_1_101' title='bbox 994 967 1153 1006; x_wconf 80' lang='lat' dir='ltr'>expedire</span> <span class='ocrx_word' id='word_1_102' title='bbox 1188 967 1237 996; x_wconf 86' lang='lat' dir='ltr'>vi-</span> 
     </span>
     <span class='ocr_line' id='line_1_16' title="bbox 233 1020 1238 1062; baseline -0.005 -7"><span class='ocrx_word' id='word_1_103' title='bbox 233 1024 362 1059; x_wconf 84' lang='lat' dir='ltr'>deritis,</span> <span class='ocrx_word' id='word_1_104' title='bbox 381 1032 440 1062; x_wconf 89' lang='lat' dir='ltr'>per</span> <span class='ocrx_word' id='word_1_105' title='bbox 457 1032 517 1053; x_wconf 90' lang='lat' dir='ltr'>vos</span> <span class='ocrx_word' id='word_1_106' title='bbox 533 1022 586 1053; x_wconf 90' lang='lat' dir='ltr'>vel</span> <span class='ocrx_word' id='word_1_107' title='bbox 606 1030 664 1060; x_wconf 92' lang='lat' dir='ltr'>per</span> <span class='ocrx_word' id='word_1_108' title='bbox 679 1021 764 1051; x_wconf 87' lang='lat' dir='ltr'>alios</span> <span class='ocrx_word' id='word_1_109' title='bbox 788 1030 845 1051; x_wconf 90' lang='lat' dir='ltr'>seu</span> <span class='ocrx_word' id='word_1_110' title='bbox 873 1021 976 1051; x_wconf 88' lang='lat' dir='ltr'>alium</span> <span class='ocrx_word' id='word_1_111' title='bbox 1002 1020 1134 1059; x_wconf 90' lang='lat' dir='ltr'>publice</span> <span class='ocrx_word' id='word_1_112' title='bbox 1155 1029 1238 1050; x_wconf 92' lang='lat' dir='ltr'>nun-</span> 
     </span>
     <span class='ocr_line' id='line_1_17' title="bbox 235 1073 1236 1113; baseline -0.004 -5"><span class='ocrx_word' id='word_1_113' title='bbox 235 1077 339 1108; x_wconf 89' lang='lat' dir='ltr'>tietis.</span> <span class='ocrx_word' id='word_1_114' title='bbox 359 1076 629 1108; x_wconf 87' lang='lat' dir='ltr'>Contradictores</span> <span class='ocrx_word' id='word_1_115' title='bbox 646 1092 693 1103; x_wconf 88' lang='lat'>-—.</span> <span class='ocrx_word' id='word_1_116' title='bbox 707 1075 830 1105; x_wconf 88' lang='lat' dir='ltr'>Datum</span> <span class='ocrx_word' id='word_1_117' title='bbox 848 1074 936 1113; x_wconf 90' lang='lat' dir='ltr'>apud</span> <span class='ocrx_word' id='word_1_118' title='bbox 949 1073 1236 1108; x_wconf 81' lang='lat' dir='ltr'>Urhemveterem,</span> 
     </span>
     <span class='ocr_line' id='line_1_18' title="bbox 235 1128 763 1165; baseline -0.009 -4"><span class='ocrx_word' id='word_1_119' title='bbox 235 1131 309 1161; x_wconf 88' lang='lat' dir='ltr'>idus</span> <span class='ocrx_word' id='word_1_120' title='bbox 331 1129 503 1165; x_wconf 85' lang='lat' dir='ltr'>februarii,</span> <span class='ocrx_word' id='word_1_121' title='bbox 520 1137 605 1159; x_wconf 90' lang='lat' dir='ltr'>anno</span> <span class='ocrx_word' id='word_1_122' title='bbox 620 1128 728 1158; x_wconf 88' lang='lat' dir='ltr'>tertio.</span> <span class='ocrx_word' id='word_1_123' title='bbox 750 1140 763 1155; x_wconf 91' lang='lat'>»</span> 
     </span>
    </p>
   </div>
   <div class='ocr_carea' id='block_1_3' title="bbox 779 1310 1165 1341">
    <p class='ocr_par' dir='ltr' id='par_1_3' title="bbox 779 1310 1165 1341">
     <span class='ocr_line' id='line_1_19' title="bbox 779 1310 1165 1341; baseline 0 -4"><span class='ocrx_word' id='word_1_124' title='bbox 779 1311 902 1341; x_wconf 81' lang='lat' dir='ltr'>Orvieto,</span> <span class='ocrx_word' id='word_1_125' title='bbox 923 1310 952 1336; x_wconf 82' lang='lat'>10</span> <span class='ocrx_word' id='word_1_126' title='bbox 969 1310 1073 1336; x_wconf 56' lang='grc' dir='ltr'><strong>[ἑκ-1101</strong></span> <span class='ocrx_word' id='word_1_127' title='bbox 1090 1310 1165 1337; x_wconf 77' lang='grc'><strong>1264.</strong></span> 
     </span>
    </p>
   </div>
   <div class='ocr_carea' id='block_1_4' title="bbox 325 1316 416 1346">
    <p class='ocr_par' dir='ltr' id='par_1_4' title="bbox 325 1316 416 1346">
     <span class='ocr_line' id='line_1_20' title="bbox 325 1316 416 1346; baseline -0.011 0"><span class='ocrx_word' id='word_1_128' title='bbox 325 1316 416 1346; x_wconf 82' lang='lat'><strong>1311</strong></span> 
     </span>
    </p>
   </div>
   <div class='ocr_carea' id='block_1_5' title="bbox 235 1394 1240 1640">
    <p class='ocr_par' dir='ltr' id='par_1_5' title="bbox 235 1394 1240 1530">
     <span class='ocr_line' id='line_1_21' title="bbox 273 1394 1240 1428; baseline -0.002 -5"><span class='ocrx_word' id='word_1_129' title='bbox 273 1398 413 1425; x_wconf 75' lang='lat' dir='ltr'>Comitem</span> <span class='ocrx_word' id='word_1_130' title='bbox 428 1397 620 1423; x_wconf 85' lang='lat' dir='ltr'>Juliacenscm</span> <span class='ocrx_word' id='word_1_131' title='bbox 634 1395 764 1422; x_wconf 83' lang='lat' dir='ltr'>hortatur</span> <span class='ocrx_word' id='word_1_132' title='bbox 780 1398 806 1422; x_wconf 96' lang='lat' dir='ltr'>ut</span> <span class='ocrx_word' id='word_1_133' title='bbox 820 1395 852 1421; x_wconf 88' lang='lat' dir='ltr'>dc</span> <span class='ocrx_word' id='word_1_134' title='bbox 862 1394 1018 1421; x_wconf 74' lang='lat' dir='ltr'>redditibus</span> <span class='ocrx_word' id='word_1_135' title='bbox 1028 1394 1240 1428; x_wconf 81' lang='lat' dir='ltr'>praepositurae</span> 
     </span>
     <span class='ocr_line' id='line_1_22' title="bbox 235 1444 1240 1479; baseline -0.002 -6"><span class='ocrx_word' id='word_1_136' title='bbox 235 1446 426 1479; x_wconf 78' lang='lat' dir='ltr'>Coloniensis,</span> <span class='ocrx_word' id='word_1_137' title='bbox 449 1446 476 1472; x_wconf 89' lang='lat' dir='ltr'>in</span> <span class='ocrx_word' id='word_1_138' title='bbox 495 1445 555 1472; x_wconf 80' lang='lat' dir='ltr'>suis</span> <span class='ocrx_word' id='word_1_139' title='bbox 572 1445 794 1472; x_wconf 73' lang='lat' dir='ltr'>consistentibus</span> <span class='ocrx_word' id='word_1_140' title='bbox 810 1444 905 1478; x_wconf 75' lang='lat' dir='ltr'>terris,</span> <span class='ocrx_word' id='word_1_141' title='bbox 927 1445 978 1471; x_wconf 81' lang='lat' dir='ltr'>soli</span> <span class='ocrx_word' id='word_1_142' title='bbox 995 1445 1119 1471; x_wconf 67' lang='lat' dir='ltr'>Arnoldo</span> <span class='ocrx_word' id='word_1_143' title='bbox 1137 1446 1171 1471; x_wconf 88' lang='lat' dir='ltr'>de</span> <span class='ocrx_word' id='word_1_144' title='bbox 1187 1445 1240 1471; x_wconf 88' lang='lat' dir='ltr'>Los</span> 
     </span>
     <span class='ocr_line' id='line_1_23' title="bbox 235 1493 990 1530; baseline -0.004 -8"><span class='ocrx_word' id='word_1_145' title='bbox 235 1494 401 1530; x_wconf 79' lang='lat' dir='ltr'>responderi</span> <span class='ocrx_word' id='word_1_146' title='bbox 422 1494 515 1521; x_wconf 83' lang='lat' dir='ltr'>saciat.</span> <span class='ocrx_word' id='word_1_147' title='bbox 532 1494 610 1528; x_wconf 63' lang='lat' dir='ltr'>(REO.</span> <span class='ocrx_word' id='word_1_148' title='bbox 629 1494 673 1525; x_wconf 52' lang='lat'>292</span> <span class='ocrx_word' id='word_1_149' title='bbox 695 1493 718 1520; x_wconf 79' lang='lat' dir='ltr'>f⁰</span> <span class='ocrx_word' id='word_1_150' title='bbox 738 1494 783 1520; x_wconf 89' lang='grc'>111</span> <span class='ocrx_word' id='word_1_151' title='bbox 804 1501 844 1527; x_wconf 78' lang='lat' dir='ltr'>vo,</span> <span class='ocrx_word' id='word_1_152' title='bbox 863 1500 895 1520; x_wconf 71' lang='grc' dir='ltr'>11Ω</span> <span class='ocrx_word' id='word_1_153' title='bbox 914 1493 990 1529; x_wconf 72' lang='lat'>301.)</span> 
     </span>
    </p>

    <p class='ocr_par' dir='ltr' id='par_1_6' title="bbox 276 1602 1238 1640">
     <span class='ocr_line' id='line_1_24' title="bbox 276 1602 1238 1640; baseline -0.002 -6"><span class='ocrx_word' id='word_1_154' title='bbox 276 1616 290 1634; x_wconf 76' lang='grc'>(1</span> <span class='ocrx_word' id='word_1_155' title='bbox 309 1604 413 1634; x_wconf 70' lang='lat' dir='ltr'>Nobili</span> <span class='ocrx_word' id='word_1_156' title='bbox 430 1605 491 1634; x_wconf 75' lang='lat' dir='ltr'>viro</span> <span class='ocrx_word' id='word_1_157' title='bbox 507 1628 513 1633; x_wconf 86' lang='lat'>.</span> <span class='ocrx_word' id='word_1_158' title='bbox 535 1627 541 1633; x_wconf 92' lang='lat'><strong>.</strong></span> <span class='ocrx_word' id='word_1_159' title='bbox 574 1604 676 1633; x_wconf 80' lang='lat' dir='ltr'>comiti</span> <span class='ocrx_word' id='word_1_160' title='bbox 692 1603 869 1640; x_wconf 74' lang='lat' dir='ltr'>Juliacensi,</span> <span class='ocrx_word' id='word_1_161' title='bbox 893 1602 1081 1633; x_wconf 68' lang='lat' dir='ltr'>Coloniensis</span> <span class='ocrx_word' id='word_1_162' title='bbox 1105 1602 1238 1632; x_wconf 73' lang='lat' dir='ltr'>diocesis.</span> 
     </span>
    </p>
   </div>
   <div class='ocr_carea' id='block_1_6' title="bbox 236 1656 1241 1745">
    <p class='ocr_par' dir='ltr' id='par_1_7' title="bbox 236 1656 1241 1745">
     <span class='ocr_line' id='line_1_25' title="bbox 236 1656 1241 1696; baseline -0.002 -8"><span class='ocrx_word' id='word_1_163' title='bbox 236 1658 330 1688; x_wconf 87' lang='lat' dir='ltr'>Hanc</span> <span class='ocrx_word' id='word_1_164' title='bbox 347 1666 440 1696; x_wconf 88' lang='lat' dir='ltr'>spem</span> <span class='ocrx_word' id='word_1_165' title='bbox 457 1658 495 1688; x_wconf 88' lang='lat' dir='ltr'>de</span> <span class='ocrx_word' id='word_1_166' title='bbox 514 1675 560 1687; x_wconf 91' lang='lat'>—.</span> <span class='ocrx_word' id='word_1_167' title='bbox 578 1657 700 1687; x_wconf 83' lang='lat' dir='ltr'>Datum</span> <span class='ocrx_word' id='word_1_168' title='bbox 721 1657 807 1696; x_wconf 88' lang='lat' dir='ltr'>apud</span> <span class='ocrx_word' id='word_1_169' title='bbox 822 1656 1107 1693; x_wconf 81' lang='lat' dir='ltr'>Urbemvetereln,</span> <span class='ocrx_word' id='word_1_170' title='bbox 1121 1665 1167 1686; x_wconf 80' lang='lat' dir='ltr'>xii</span> <span class='ocrx_word' id='word_1_171' title='bbox 1187 1657 1241 1686; x_wconf 84' lang='lat' dir='ltr'>ka·</span> 
     </span>
     <span class='ocr_line' id='line_1_26' title="bbox 238 1710 770 1745; baseline -0.004 -4"><span class='ocrx_word' id='word_1_172' title='bbox 238 1711 353 1741; x_wconf 85' lang='lat' dir='ltr'>lendas</span> <span class='ocrx_word' id='word_1_173' title='bbox 374 1711 498 1745; x_wconf 81' lang='lat' dir='ltr'>martii,</span> <span class='ocrx_word' id='word_1_174' title='bbox 518 1719 604 1740; x_wconf 88' lang='lat' dir='ltr'>anno</span> <span class='ocrx_word' id='word_1_175' title='bbox 621 1710 730 1740; x_wconf 88' lang='lat' dir='ltr'>tertio.</span> <span class='ocrx_word' id='word_1_176' title='bbox 754 1719 770 1739; x_wconf 87' lang='lat'>»</span> 
     </span>
    </p>
   </div>
   <div class='ocr_carea' id='block_1_7' title="bbox 337 1897 428 1926">
    <p class='ocr_par' dir='ltr' id='par_1_8' title="bbox 337 1897 428 1926">
     <span class='ocr_line' id='line_1_27' title="bbox 337 1897 428 1926; baseline 0 0"><span class='ocrx_word' id='word_1_177' title='bbox 337 1897 428 1926; x_wconf 77' lang='lat'>1312</span> 
     </span>
    </p>
   </div>
   <div class='ocr_carea' id='block_1_8' title="bbox 790 1894 1172 1925">
    <p class='ocr_par' dir='ltr' id='par_1_9' title="bbox 790 1894 1172 1925">
     <span class='ocr_line' id='line_1_28' title="bbox 790 1894 1172 1925; baseline 0 -4"><span class='ocrx_word' id='word_1_178' title='bbox 790 1895 914 1925; x_wconf 78' lang='lat' dir='ltr'>Orvicto,</span> <span class='ocrx_word' id='word_1_179' title='bbox 933 1895 962 1921; x_wconf 86' lang='grc'>19</span> <span class='ocrx_word' id='word_1_180' title='bbox 980 1894 1082 1921; x_wconf 78' lang='lat' dir='ltr'>fcvricr</span> <span class='ocrx_word' id='word_1_181' title='bbox 1096 1895 1172 1921; x_wconf 71' lang='lat'><strong>1202.</strong></span> 
     </span>
    </p>
   </div>
   <div class='ocr_carea' id='block_1_9' title="bbox 241 1978 1245 2159">
    <p class='ocr_par' dir='ltr' id='par_1_10' title="bbox 241 1978 1245 2159">
     <span class='ocr_line' id='line_1_29' title="bbox 279 1978 1243 2012; baseline -0.001 -8"><span class='ocrx_word' id='word_1_182' title='bbox 279 1978 475 2012; x_wconf 77' lang='lat' dir='ltr'>lnt&#39;rascriptis</span> <span class='ocrx_word' id='word_1_183' title='bbox 494 1979 611 2005; x_wconf 82' lang='lat' dir='ltr'>mandat</span> <span class='ocrx_word' id='word_1_184' title='bbox 629 1978 874 2012; x_wconf 79' lang='lat' dir='ltr'>archiepiscopum</span> <span class='ocrx_word' id='word_1_185' title='bbox 892 1978 1090 2004; x_wconf 68' lang='lat' dir='ltr'>‹Iolouieusoin</span> <span class='ocrx_word' id='word_1_186' title='bbox 1111 1978 1243 2004; x_wconf 85' lang='lat' dir='ltr'>inducant</span> 
     </span>
     <span class='ocr_line' id='line_1_30' title="bbox 243 2026 1245 2061; baseline -0.001 -8"><span class='ocrx_word' id='word_1_187' title='bbox 243 2030 270 2054; x_wconf 89' lang='lat' dir='ltr'>ut</span> <span class='ocrx_word' id='word_1_188' title='bbox 284 2028 439 2054; x_wconf 67' lang='lat' dir='ltr'>Arnoldum</span> <span class='ocrx_word' id='word_1_189' title='bbox 450 2028 482 2053; x_wconf 90' lang='lat' dir='ltr'>dc</span> <span class='ocrx_word' id='word_1_190' title='bbox 499 2027 550 2053; x_wconf 87' lang='lat' dir='ltr'>Los</span> <span class='ocrx_word' id='word_1_191' title='bbox 564 2028 590 2053; x_wconf 91' lang='lat' dir='ltr'>in</span> <span class='ocrx_word' id='word_1_192' title='bbox 606 2027 816 2061; x_wconf 70' lang='lat' dir='ltr'>possessionem</span> <span class='ocrx_word' id='word_1_193' title='bbox 828 2028 1042 2061; x_wconf 70' lang='lat' dir='ltr'>praepositurae</span> <span class='ocrx_word' id='word_1_194' title='bbox 1053 2026 1159 2057; x_wconf 87' lang='lat' dir='ltr'>mittat,</span> <span class='ocrx_word' id='word_1_195' title='bbox 1169 2026 1245 2052; x_wconf 82' lang='lat' dir='ltr'>int&#39;ra</span> 
     </span>
     <span class='ocr_line' id='line_1_31' title="bbox 241 2074 1245 2110; baseline -0.001 -9"><span class='ocrx_word' id='word_1_196' title='bbox 241 2076 408 2110; x_wconf 77' lang='lat' dir='ltr'>quindecim</span> <span class='ocrx_word' id='word_1_197' title='bbox 425 2076 485 2102; x_wconf 74' lang='lat' dir='ltr'>dics</span> <span class='ocrx_word' id='word_1_198' title='bbox 502 2078 564 2110; x_wconf 76' lang='lat' dir='ltr'>post</span> <span class='ocrx_word' id='word_1_199' title='bbox 582 2075 770 2102; x_wconf 79' lang='lat' dir='ltr'>monitionem</span> <span class='ocrx_word' id='word_1_200' title='bbox 787 2083 896 2107; x_wconf 85' lang='lat' dir='ltr'>eorum,</span> <span class='ocrx_word' id='word_1_201' title='bbox 911 2078 1008 2102; x_wconf 82' lang='lat' dir='ltr'>amoto</span> <span class='ocrx_word' id='word_1_202' title='bbox 1024 2076 1059 2102; x_wconf 84' lang='lat' dir='ltr'>ab</span> <span class='ocrx_word' id='word_1_203' title='bbox 1076 2084 1108 2102; x_wconf 81' lang='lat' dir='ltr'>cu</span> <span class='ocrx_word' id='word_1_204' title='bbox 1127 2074 1245 2101; x_wconf 82' lang='lat' dir='ltr'>ilenrico</span> 
     </span>
     <span class='ocr_line' id='line_1_32' title="bbox 243 2124 944 2159; baseline 0 -8"><span class='ocrx_word' id='word_1_205' title='bbox 243 2125 275 2151; x_wconf 92' lang='lat' dir='ltr'>de</span> <span class='ocrx_word' id='word_1_206' title='bbox 298 2124 500 2159; x_wconf 71' lang='lat' dir='ltr'>llinsebtrgue.</span> <span class='ocrx_word' id='word_1_207' title='bbox 521 2125 597 2159; x_wconf 66' lang='lat' dir='ltr'>(Bao,</span> <span class='ocrx_word' id='word_1_208' title='bbox 624 2126 669 2158; x_wconf 64' lang='lat'>29,</span> <span class='ocrx_word' id='word_1_209' title='bbox 686 2124 734 2151; x_wconf 86' lang='lat' dir='ltr'>sol.</span> <span class='ocrx_word' id='word_1_210' title='bbox 754 2125 813 2157; x_wconf 76' lang='lat'><strong>112,</strong></span> <span class='ocrx_word' id='word_1_211' title='bbox 826 2129 855 2150; x_wconf 72' lang='grc' dir='ltr'>11ο</span> <span class='ocrx_word' id='word_1_212' title='bbox 868 2125 944 2157; x_wconf 72' lang='grc'><strong>3112.)</strong></span> 
     </span>
    </p>
   </div>
   <div class='ocr_carea' id='block_1_10' title="bbox 244 2232 1250 2908">
    <p class='ocr_par' dir='ltr' id='par_1_11' title="bbox 244 2232 1250 2908">
     <span class='ocr_line' id='line_1_33' title="bbox 284 2232 1244 2269; baseline -0.001 -6"><span class='ocrx_word' id='word_1_213' title='bbox 284 2244 297 2263; x_wconf 76' lang='lat' dir='ltr'>t(</span> <span class='ocrx_word' id='word_1_214' title='bbox 319 2258 324 2263; x_wconf 94' lang='lat'>.</span> <span class='ocrx_word' id='word_1_215' title='bbox 342 2258 348 2263; x_wconf 94' lang='lat'>.</span> <span class='ocrx_word' id='word_1_216' title='bbox 369 2232 711 2269; x_wconf 61' lang='lat' dir='ltr'>abbaciEarebodiensi,</span> <span class='ocrx_word' id='word_1_217' title='bbox 726 2233 1014 2262; x_wconf 67' lang='lat' dir='ltr'>l’remonstratensis</span> <span class='ocrx_word' id='word_1_218' title='bbox 1035 2233 1161 2269; x_wconf 53' lang='lat' dir='ltr'>malinis,</span> <span class='ocrx_word' id='word_1_219' title='bbox 1177 2234 1244 2262; x_wconf 83' lang='lat' dir='ltr'>Lco-</span> 
     </span>
     <span class='ocr_line' id='line_1_34' title="bbox 244 2286 1246 2322; baseline 0 -7"><span class='ocrx_word' id='word_1_220' title='bbox 244 2286 356 2316; x_wconf 79' lang='lat' dir='ltr'>dicnsis</span> <span class='ocrx_word' id='word_1_221' title='bbox 367 2286 503 2322; x_wconf 80' lang='lat' dir='ltr'>diocesis,</span> <span class='ocrx_word' id='word_1_222' title='bbox 524 2286 566 2315; x_wconf 74' lang='lat' dir='ltr'>le</span> <span class='ocrx_word' id='word_1_223' title='bbox 594 2286 630 2316; x_wconf 82' lang='lat' dir='ltr'>de</span> <span class='ocrx_word' id='word_1_224' title='bbox 646 2286 840 2322; x_wconf 53' lang='lat' dir='ltr'>litant-elima,</span> <span class='ocrx_word' id='word_1_225' title='bbox 852 2286 1063 2316; x_wconf 74' lang='lat' dir='ltr'>archidiacono</span> <span class='ocrx_word' id='word_1_226' title='bbox 1080 2287 1109 2316; x_wconf 74' lang='grc' dir='ltr'>ιἰι</span> <span class='ocrx_word' id='word_1_227' title='bbox 1125 2286 1246 2316; x_wconf 63' lang='lat' dir='ltr'>ecclesia</span> 
     </span>
     <span class='ocr_line' id='line_1_35' title="bbox 247 2338 1246 2374; baseline 0 -6"><span class='ocrx_word' id='word_1_228' title='bbox 247 2339 434 2374; x_wconf 70' lang='lat' dir='ltr'>Treveronsi,</span> <span class='ocrx_word' id='word_1_229' title='bbox 457 2345 483 2368; x_wconf 83' lang='lat' dir='ltr'>ct</span> <span class='ocrx_word' id='word_1_230' title='bbox 501 2364 506 2370; x_wconf 84' lang='lat'>.</span> <span class='ocrx_word' id='word_1_231' title='bbox 530 2362 535 2368; x_wconf 94' lang='lat'><em>.</em></span> <span class='ocrx_word' id='word_1_232' title='bbox 559 2338 718 2369; x_wconf 71' lang='lat' dir='ltr'>scolastico</span> <span class='ocrx_word' id='word_1_233' title='bbox 748 2339 867 2369; x_wconf 79' lang='lat' dir='ltr'>ecclesie</span> <span class='ocrx_word' id='word_1_234' title='bbox 888 2340 985 2369; x_wconf 73' lang='lat' dir='ltr'>sancei</span> <span class='ocrx_word' id='word_1_235' title='bbox 1003 2339 1142 2370; x_wconf 65' lang='lat' dir='ltr'>Get-conis</span> <span class='ocrx_word' id='word_1_236' title='bbox 1160 2339 1246 2370; x_wconf 83' lang='lat' dir='ltr'>Colo-</span> 
     </span>
     <span class='ocr_line' id='line_1_36' title="bbox 245 2392 1247 2432; baseline 0.002 -11"><span class='ocrx_word' id='word_1_237' title='bbox 245 2392 365 2422; x_wconf 77' lang='lat' dir='ltr'>niensis.</span> <span class='ocrx_word' id='word_1_238' title='bbox 382 2392 502 2422; x_wconf 79' lang='lat' dir='ltr'>Dilecti</span> <span class='ocrx_word' id='word_1_239' title='bbox 520 2392 581 2422; x_wconf 83' lang='lat' dir='ltr'>lilii</span> <span class='ocrx_word' id='word_1_240' title='bbox 601 2392 753 2429; x_wconf 86' lang='lat' dir='ltr'>Arnoldi,</span> <span class='ocrx_word' id='word_1_241' title='bbox 770 2393 933 2432; x_wconf 84' lang='lat' dir='ltr'>capellani</span> <span class='ocrx_word' id='word_1_242' title='bbox 952 2394 1069 2430; x_wconf 83' lang='lat' dir='ltr'>nostri,</span> <span class='ocrx_word' id='word_1_243' title='bbox 1087 2393 1247 2432; x_wconf 76' lang='lat' dir='ltr'>prepositi</span> 
     </span>
     <span class='ocr_line' id='line_1_37' title="bbox 245 2445 1248 2483; baseline 0.002 -8"><span class='ocrx_word' id='word_1_244' title='bbox 245 2445 385 2475; x_wconf 77' lang='lat' dir='ltr'>ecclesie</span> <span class='ocrx_word' id='word_1_245' title='bbox 410 2445 634 2481; x_wconf 76' lang='lat' dir='ltr'>Coloniensis⁷</span> <span class='ocrx_word' id='word_1_246' title='bbox 653 2445 720 2476; x_wconf 91' lang='lat' dir='ltr'>nati</span> <span class='ocrx_word' id='word_1_247' title='bbox 738 2445 862 2476; x_wconf 89' lang='lat' dir='ltr'>nobilis</span> <span class='ocrx_word' id='word_1_248' title='bbox 879 2446 942 2476; x_wconf 91' lang='lat' dir='ltr'>viri</span> <span class='ocrx_word' id='word_1_249' title='bbox 962 2446 1095 2477; x_wconf 90' lang='lat' dir='ltr'>comitis</span> <span class='ocrx_word' id='word_1_250' title='bbox 1112 2446 1151 2477; x_wconf 91' lang='lat' dir='ltr'>de</span> <span class='ocrx_word' id='word_1_251' title='bbox 1170 2447 1248 2483; x_wconf 85' lang='lat' dir='ltr'>Los,</span> 
     </span>
     <span class='ocr_line' id='line_1_38' title="bbox 246 2497 1249 2538; baseline 0.003 -10"><span class='ocrx_word' id='word_1_252' title='bbox 246 2497 342 2528; x_wconf 86' lang='lat' dir='ltr'>nobis</span> <span class='ocrx_word' id='word_1_253' title='bbox 361 2497 545 2528; x_wconf 82' lang='lat' dir='ltr'>insinuatio</span> <span class='ocrx_word' id='word_1_254' title='bbox 557 2498 715 2537; x_wconf 85' lang='lat' dir='ltr'>patefecit</span> <span class='ocrx_word' id='word_1_255' title='bbox 727 2499 827 2538; x_wconf 89' lang='lat' dir='ltr'>quod,</span> <span class='ocrx_word' id='word_1_256' title='bbox 841 2499 1003 2530; x_wconf 83' lang='lat' dir='ltr'>electione</span> <span class='ocrx_word' id='word_1_257' title='bbox 1020 2508 1083 2538; x_wconf 87' lang='lat' dir='ltr'>que</span> <span class='ocrx_word' id='word_1_258' title='bbox 1102 2500 1140 2530; x_wconf 92' lang='lat' dir='ltr'>de</span> <span class='ocrx_word' id='word_1_259' title='bbox 1155 2509 1249 2531; x_wconf 85' lang='lat' dir='ltr'>vene-</span> 
     </span>
     <span class='ocr_line' id='line_1_39' title="bbox 246 2550 1248 2593; baseline 0.005 -13"><span class='ocrx_word' id='word_1_260' title='bbox 246 2550 345 2581; x_wconf 83' lang='lat' dir='ltr'>rabili</span> <span class='ocrx_word' id='word_1_261' title='bbox 371 2550 472 2580; x_wconf 84' lang='lat' dir='ltr'>t&#39;ratre</span> <span class='ocrx_word' id='word_1_262' title='bbox 505 2551 619 2581; x_wconf 88' lang='lat' dir='ltr'>nostro</span> <span class='ocrx_word' id='word_1_263' title='bbox 648 2574 654 2579; x_wconf 93' lang='lat'><em>.</em></span> <span class='ocrx_word' id='word_1_264' title='bbox 680 2574 686 2580; x_wconf 93' lang='lat'><strong>.</strong></span> <span class='ocrx_word' id='word_1_265' title='bbox 719 2552 911 2583; x_wconf 87' lang='lat' dir='ltr'>Coloniensi</span> <span class='ocrx_word' id='word_1_266' title='bbox 938 2552 1199 2593; x_wconf 85' lang='lat' dir='ltr'>archiepiscopo,</span> <span class='ocrx_word' id='word_1_267' title='bbox 1215 2555 1248 2585; x_wconf 90' lang='lat' dir='ltr'>in</span> 
     </span>
     <span class='ocr_line' id='line_1_40' title="bbox 245 2602 1246 2647; baseline 0.004 -14"><span class='ocrx_word' id='word_1_268' title='bbox 245 2602 441 2633; x_wconf 81' lang='lat' dir='ltr'>Coloniensi</span> <span class='ocrx_word' id='word_1_269' title='bbox 464 2603 607 2634; x_wconf 86' lang='lat' dir='ltr'>ecclesia</span> <span class='ocrx_word' id='word_1_270' title='bbox 626 2603 792 2635; x_wconf 81' lang='lat' dir='ltr'>celebrata</span> <span class='ocrx_word' id='word_1_271' title='bbox 808 2605 998 2645; x_wconf 84' lang='lat' dir='ltr'>extitit,per</span> <span class='ocrx_word' id='word_1_272' title='bbox 1017 2607 1130 2637; x_wconf 87' lang='lat' dir='ltr'>sedem</span> <span class='ocrx_word' id='word_1_273' title='bbox 1155 2617 1246 2647; x_wconf 86' lang='lat' dir='ltr'>apos-</span> 
     </span>
     <span class='ocr_line' id='line_1_41' title="bbox 246 2656 1248 2698; baseline 0.006 -13"><span class='ocrx_word' id='word_1_274' title='bbox 246 2656 380 2686; x_wconf 87' lang='lat' dir='ltr'>tolicam</span> <span class='ocrx_word' id='word_1_275' title='bbox 401 2656 606 2690; x_wconf 79' lang='lat' dir='ltr'>confirmata,</span> <span class='ocrx_word' id='word_1_276' title='bbox 625 2665 685 2687; x_wconf 90' lang='lat' dir='ltr'>nos</span> <span class='ocrx_word' id='word_1_277' title='bbox 712 2658 960 2696; x_wconf 80' lang='lat' dir='ltr'>preposituram</span> <span class='ocrx_word' id='word_1_278' title='bbox 978 2659 1086 2698; x_wconf 90' lang='lat' dir='ltr'>ipsius</span> <span class='ocrx_word' id='word_1_279' title='bbox 1097 2660 1248 2697; x_wconf 82' lang='lat' dir='ltr'>ecclesie,</span> 
     </span>
     <span class='ocr_line' id='line_1_42' title="bbox 246 2709 1249 2754; baseline 0.006 -16"><span class='ocrx_word' id='word_1_280' title='bbox 246 2717 346 2747; x_wconf 89' lang='lat' dir='ltr'>quam</span> <span class='ocrx_word' id='word_1_281' title='bbox 364 2709 451 2739; x_wconf 88' lang='lat' dir='ltr'>idem</span> <span class='ocrx_word' id='word_1_282' title='bbox 469 2709 756 2749; x_wconf 79' lang='lat' dir='ltr'>archiepiscopus,</span> <span class='ocrx_word' id='word_1_283' title='bbox 772 2711 991 2750; x_wconf 87' lang='lat' dir='ltr'>promotionis</span> <span class='ocrx_word' id='word_1_284' title='bbox 1010 2721 1069 2743; x_wconf 84' lang='lat' dir='ltr'>sue</span> <span class='ocrx_word' id='word_1_285' title='bbox 1088 2714 1249 2754; x_wconf 74' lang='lat' dir='ltr'>tempore,</span> 
     </span>
     <span class='ocr_line' id='line_1_43' title="bbox 246 2760 1250 2797; baseline 0.007 -7"><span class='ocrx_word' id='word_1_286' title='bbox 246 2760 428 2797; x_wconf 79' lang='lat' dir='ltr'>obtinebat,</span> <span class='ocrx_word' id='word_1_287' title='bbox 459 2761 567 2791; x_wconf 85' lang='lat' dir='ltr'>eidem</span> <span class='ocrx_word' id='word_1_288' title='bbox 598 2762 747 2793; x_wconf 84' lang='lat' dir='ltr'>Arnoldo</span> <span class='ocrx_word' id='word_1_289' title='bbox 765 2764 971 2794; x_wconf 87' lang='lat' dir='ltr'>contulimus</span> <span class='ocrx_word' id='word_1_290' title='bbox 991 2768 1021 2795; x_wconf 87' lang='lat' dir='ltr'>et</span> <span class='ocrx_word' id='word_1_291' title='bbox 1040 2765 1250 2797; x_wconf 76' lang='lat' dir='ltr'>decrevimus</span> 
     </span>
     <span class='ocr_line' id='line_1_44' title="bbox 247 2814 1249 2857; baseline 0.007 -14"><span class='ocrx_word' id='word_1_292' title='bbox 247 2814 380 2844; x_wconf 90' lang='lat' dir='ltr'>irritum</span> <span class='ocrx_word' id='word_1_293' title='bbox 408 2815 439 2844; x_wconf 87' lang='lat' dir='ltr'>et</span> <span class='ocrx_word' id='word_1_294' title='bbox 461 2814 558 2844; x_wconf 88' lang='lat' dir='ltr'>inane</span> <span class='ocrx_word' id='word_1_295' title='bbox 583 2815 612 2844; x_wconf 89' lang='lat' dir='ltr'>si</span> <span class='ocrx_word' id='word_1_296' title='bbox 633 2824 729 2845; x_wconf 86' lang='lat' dir='ltr'>secus</span> <span class='ocrx_word' id='word_1_297' title='bbox 748 2816 787 2846; x_wconf 92' lang='lat' dir='ltr'>de</span> <span class='ocrx_word' id='word_1_298' title='bbox 803 2817 1015 2856; x_wconf 84' lang='lat' dir='ltr'>prepositura</span> <span class='ocrx_word' id='word_1_299' title='bbox 1034 2818 1106 2857; x_wconf 75' lang='lat' dir='ltr'>ipsa</span> <span class='ocrx_word' id='word_1_300' title='bbox 1124 2821 1249 2850; x_wconf 82' lang='lat' dir='ltr'>coutin-</span> 
     </span>
     <span class='ocr_line' id='line_1_45' title="bbox 247 2866 1247 2908; baseline 0.007 -12"><span class='ocrx_word' id='word_1_301' title='bbox 247 2868 335 2905; x_wconf 82' lang='lat' dir='ltr'>geret</span> <span class='ocrx_word' id='word_1_302' title='bbox 351 2866 555 2904; x_wconf 80' lang='lat' dir='ltr'>attemptari,</span> <span class='ocrx_word' id='word_1_303' title='bbox 570 2876 633 2897; x_wconf 93' lang='lat' dir='ltr'>non</span> <span class='ocrx_word' id='word_1_304' title='bbox 645 2867 798 2899; x_wconf 54' lang='lat' dir='ltr'>obstante</span> <span class='ocrx_word' id='word_1_305' title='bbox 809 2870 898 2908; x_wconf 85' lang='lat' dir='ltr'>quod</span> <span class='ocrx_word' id='word_1_306' title='bbox 913 2870 1058 2901; x_wconf 89' lang='lat' dir='ltr'>nondum</span> <span class='ocrx_word' id='word_1_307' title='bbox 1069 2871 1247 2903; x_wconf 86' lang='lat' dir='ltr'>decursum</span> 
     </span>
    </p>
   </div>
   <div class='ocr_carea' id='block_1_11' title="bbox 1268 1401 1280 2479">
    <p class='ocr_par' dir='ltr' id='par_1_12' title="bbox 1268 1401 1280 2479">
     <span class='ocr_line' id='line_1_46' title="bbox 1268 1401 1280 2479; baseline 0 0"><span class='ocrx_word' id='word_1_308' title='bbox 1268 1401 1280 2479; x_wconf 95' lang='lat' dir='ltr'> </span> 
     </span>
    </p>
   </div>
   <div class='ocr_carea' id='block_1_12' title="bbox 971 189 1542 222">
    <p class='ocr_par' dir='ltr' id='par_1_13' title="bbox 971 189 1542 222">
     <span class='ocr_line' id='line_1_47' title="bbox 971 189 1542 222; baseline -0.007 0"><span class='ocrx_word' id='word_1_309' title='bbox 971 190 1213 222; x_wconf 80' lang='lat' dir='ltr'>REGISTRES</span> <span class='ocrx_word' id='word_1_310' title='bbox 1242 189 1455 221; x_wconf 82' lang='lat' dir='ltr'><strong>D&#39;URBAIN</strong></span> <span class='ocrx_word' id='word_1_311' title='bbox 1487 190 1542 219; x_wconf 88' lang='lat' dir='ltr'>IV.</span> 
     </span>
    </p>
   </div>
   <div class='ocr_carea' id='block_1_13' title="bbox 1289 274 2321 2914">
    <p class='ocr_par' dir='ltr' id='par_1_14' title="bbox 1289 274 2321 2914">
     <span class='ocr_line' id='line_1_48' title="bbox 1289 274 2296 313; baseline 0.001 -8"><span class='ocrx_word' id='word_1_312' title='bbox 1289 277 1359 306; x_wconf 91' lang='lat' dir='ltr'>erat</span> <span class='ocrx_word' id='word_1_313' title='bbox 1390 277 1522 313; x_wconf 88' lang='lat' dir='ltr'>tempus</span> <span class='ocrx_word' id='word_1_314' title='bbox 1552 275 1592 305; x_wconf 91' lang='lat' dir='ltr'>de</span> <span class='ocrx_word' id='word_1_315' title='bbox 1619 274 1857 305; x_wconf 81' lang='lat' dir='ltr'>consecrandIS</span> <span class='ocrx_word' id='word_1_316' title='bbox 1887 274 2056 313; x_wconf 89' lang='lat' dir='ltr'>episcopis</span> <span class='ocrx_word' id='word_1_317' title='bbox 2073 283 2092 304; x_wconf 89' lang='lat' dir='ltr'>a</span> <span class='ocrx_word' id='word_1_318' title='bbox 2111 275 2296 306; x_wconf 78' lang='lat' dir='ltr'>canonibus</span> 
     </span>
     <span class='ocr_line' id='line_1_49' title="bbox 1290 327 2297 366; baseline 0.001 -8"><span class='ocrx_word' id='word_1_319' title='bbox 1290 328 1472 359; x_wconf 79' lang='lat' dir='ltr'>diffinitum</span> <span class='ocrx_word' id='word_1_320' title='bbox 1502 327 1678 366; x_wconf 84' lang='lat' dir='ltr'>dictusque</span> <span class='ocrx_word' id='word_1_321' title='bbox 1706 327 1981 366; x_wconf 79' lang='lat' dir='ltr'>archiepiscopus</span> <span class='ocrx_word' id='word_1_322' title='bbox 1998 327 2031 357; x_wconf 92' lang='lat' dir='ltr'>in</span> <span class='ocrx_word' id='word_1_323' title='bbox 2050 329 2164 358; x_wconf 86' lang='lat' dir='ltr'>nostra</span> <span class='ocrx_word' id='word_1_324' title='bbox 2179 330 2240 359; x_wconf 89' lang='lat' dir='ltr'>etc.</span> <span class='ocrx_word' id='word_1_325' title='bbox 2260 330 2297 359; x_wconf 86' lang='lat' dir='ltr'>ut</span> 
     </span>
     <span class='ocr_line' id='line_1_50' title="bbox 1291 380 2297 420; baseline 0.001 -9"><span class='ocrx_word' id='word_1_326' title='bbox 1291 390 1393 420; x_wconf 81' lang='lat' dir='ltr'>supra</span> <span class='ocrx_word' id='word_1_327' title='bbox 1415 381 1455 411; x_wconf 86' lang='lat' dir='ltr'>de</span> <span class='ocrx_word' id='word_1_328' title='bbox 1478 380 1580 411; x_wconf 87' lang='lat' dir='ltr'>verbo</span> <span class='ocrx_word' id='word_1_329' title='bbox 1595 381 1636 410; x_wconf 87' lang='lat' dir='ltr'>ad</span> <span class='ocrx_word' id='word_1_330' title='bbox 1658 380 1809 416; x_wconf 86' lang='lat' dir='ltr'>verbum,</span> <span class='ocrx_word' id='word_1_331' title='bbox 1825 388 1932 419; x_wconf 90' lang='lat' dir='ltr'>usque</span> <span class='ocrx_word' id='word_1_332' title='bbox 1949 380 2134 410; x_wconf 86' lang='lat' dir='ltr'>consuevit.</span> <span class='ocrx_word' id='word_1_333' title='bbox 2152 380 2216 411; x_wconf 85' lang='lat' dir='ltr'>Sed</span> <span class='ocrx_word' id='word_1_334' title='bbox 2232 389 2297 412; x_wconf 89' lang='lat' dir='ltr'>me-</span> 
     </span>
     <span class='ocr_line' id='line_1_51' title="bbox 1292 432 2298 472; baseline 0 -8"><span class='ocrx_word' id='word_1_335' title='bbox 1292 433 1721 472; x_wconf 76' lang='lat' dir='ltr'>moratusarchiepiscopus</span> <span class='ocrx_word' id='word_1_336' title='bbox 1732 432 2298 472; x_wconf 83' lang='lat' dir='ltr'>HenricodeHinsebergue,ipsius</span> 
     </span>
     <span class='ocr_line' id='line_1_52' title="bbox 1291 486 2298 526; baseline 0.001 -11"><span class='ocrx_word' id='word_1_337' title='bbox 1291 486 1432 516; x_wconf 77' lang='lat' dir='ltr'>ecclesie</span> <span class='ocrx_word' id='word_1_338' title='bbox 1457 486 1627 522; x_wconf 88' lang='lat' dir='ltr'>canonico,</span> <span class='ocrx_word' id='word_1_339' title='bbox 1653 495 1751 525; x_wconf 84' lang='lat' dir='ltr'>quem</span> <span class='ocrx_word' id='word_1_340' title='bbox 1773 487 1960 526; x_wconf 89' lang='lat' dir='ltr'>capitulum</span> <span class='ocrx_word' id='word_1_341' title='bbox 1979 487 2128 526; x_wconf 89' lang='lat' dir='ltr'>ejusdem</span> <span class='ocrx_word' id='word_1_342' title='bbox 2146 486 2298 522; x_wconf 86' lang='lat' dir='ltr'>ecclesie,</span> 
     </span>
     <span class='ocr_line' id='line_1_53' title="bbox 1293 539 2300 578; baseline 0.001 -10"><span class='ocrx_word' id='word_1_343' title='bbox 1293 540 1367 577; x_wconf 90' lang='lat' dir='ltr'>post</span> <span class='ocrx_word' id='word_1_344' title='bbox 1382 539 1594 569; x_wconf 85' lang='lat' dir='ltr'>collationem</span> <span class='ocrx_word' id='word_1_345' title='bbox 1614 539 1818 578; x_wconf 84' lang='lat' dir='ltr'>hujusmodi,</span> <span class='ocrx_word' id='word_1_346' title='bbox 1832 540 1871 570; x_wconf 92' lang='lat' dir='ltr'>de</span> <span class='ocrx_word' id='word_1_347' title='bbox 1895 539 1994 575; x_wconf 86' lang='lat' dir='ltr'>sacto,</span> <span class='ocrx_word' id='word_1_348' title='bbox 2012 548 2086 570; x_wconf 87' lang='lat' dir='ltr'>eum</span> <span class='ocrx_word' id='word_1_349' title='bbox 2107 539 2146 569; x_wconf 90' lang='lat' dir='ltr'>de</span> <span class='ocrx_word' id='word_1_350' title='bbox 2159 539 2235 577; x_wconf 86' lang='lat' dir='ltr'>jure</span> <span class='ocrx_word' id='word_1_351' title='bbox 2247 547 2300 569; x_wconf 93' lang='lat' dir='ltr'>ne-</span> 
     </span>
     <span class='ocr_line' id='line_1_54' title="bbox 1293 591 2300 632; baseline 0.001 -11"><span class='ocrx_word' id='word_1_352' title='bbox 1293 592 1474 630; x_wconf 87' lang='lat' dir='ltr'>quiverint,</span> <span class='ocrx_word' id='word_1_353' title='bbox 1489 592 1522 622; x_wconf 92' lang='lat' dir='ltr'>in</span> <span class='ocrx_word' id='word_1_354' title='bbox 1541 601 1637 622; x_wconf 87' lang='lat' dir='ltr'>suurn</span> <span class='ocrx_word' id='word_1_355' title='bbox 1650 593 1860 632; x_wconf 80' lang='lat' dir='ltr'>prepositum</span> <span class='ocrx_word' id='word_1_356' title='bbox 1877 592 2021 632; x_wconf 84' lang='lat' dir='ltr'>elegisse</span> <span class='ocrx_word' id='word_1_357' title='bbox 2039 592 2201 631; x_wconf 89' lang='lat' dir='ltr'>cujusque</span> <span class='ocrx_word' id='word_1_358' title='bbox 2219 591 2300 622; x_wconf 89' lang='lat' dir='ltr'>elec-</span> 
     </span>
     <span class='ocr_line' id='line_1_55' title="bbox 1294 645 2301 684; baseline 0 -9"><span class='ocrx_word' id='word_1_359' title='bbox 1294 645 1420 675; x_wconf 86' lang='lat' dir='ltr'>tionem</span> <span class='ocrx_word' id='word_1_360' title='bbox 1441 668 1446 674; x_wconf 93' lang='lat'>.</span> <span class='ocrx_word' id='word_1_361' title='bbox 1472 668 1478 674; x_wconf 92' lang='lat'><strong>.</strong></span> <span class='ocrx_word' id='word_1_362' title='bbox 1500 645 1646 676; x_wconf 89' lang='lat' dir='ltr'>vicarius</span> <span class='ocrx_word' id='word_1_363' title='bbox 1670 646 1792 684; x_wconf 84' lang='lat' dir='ltr'>prefati</span> <span class='ocrx_word' id='word_1_364' title='bbox 1820 645 2064 684; x_wconf 75' lang='lat' dir='ltr'>archIepiscopi</span> <span class='ocrx_word' id='word_1_365' title='bbox 2082 646 2301 675; x_wconf 80' lang='lat' dir='ltr'>confirmasse</span> 
     </span>
     <span class='ocr_line' id='line_1_56' title="bbox 1294 698 2301 737; baseline 0 -10"><span class='ocrx_word' id='word_1_366' title='bbox 1294 698 1464 735; x_wconf 80' lang='lat' dir='ltr'>dicuntur,</span> <span class='ocrx_word' id='word_1_367' title='bbox 1487 700 1601 728; x_wconf 80' lang='lat' dir='ltr'>contra</span> <span class='ocrx_word' id='word_1_368' title='bbox 1625 699 1836 728; x_wconf 86' lang='lat' dir='ltr'>nominatum</span> <span class='ocrx_word' id='word_1_369' title='bbox 1865 700 1904 729; x_wconf 84' lang='grc' dir='ltr'>Α.</span> <span class='ocrx_word' id='word_1_370' title='bbox 1933 707 2035 737; x_wconf 88' lang='lat' dir='ltr'>super</span> <span class='ocrx_word' id='word_1_371' title='bbox 2064 698 2125 728; x_wconf 89' lang='grc'><strong>1100</strong></span> <span class='ocrx_word' id='word_1_372' title='bbox 2154 698 2301 728; x_wconf 84' lang='lat' dir='ltr'>favorem</span> 
     </span>
     <span class='ocr_line' id='line_1_57' title="bbox 1295 750 2300 790; baseline 0 -10"><span class='ocrx_word' id='word_1_373' title='bbox 1295 751 1490 789; x_wconf 84' lang='lat' dir='ltr'>impendere</span> <span class='ocrx_word' id='word_1_374' title='bbox 1519 760 1583 781; x_wconf 88' lang='lat' dir='ltr'>non</span> <span class='ocrx_word' id='word_1_375' title='bbox 1607 753 1752 786; x_wconf 83' lang='lat' dir='ltr'>veretur,</span> <span class='ocrx_word' id='word_1_376' title='bbox 1771 760 1928 782; x_wconf 83' lang='lat' dir='ltr'>asserens</span> <span class='ocrx_word' id='word_1_377' title='bbox 1941 751 2029 790; x_wconf 87' lang='lat' dir='ltr'>quod</span> <span class='ocrx_word' id='word_1_378' title='bbox 2059 751 2147 781; x_wconf 86' lang='lat' dir='ltr'>idem</span> <span class='ocrx_word' id='word_1_379' title='bbox 2168 751 2207 781; x_wconf 73' lang='lat' dir='ltr'>A.</span> <span class='ocrx_word' id='word_1_380' title='bbox 2231 750 2300 780; x_wconf 78' lang='lat' dir='ltr'>exi·</span> 
     </span>
     <span class='ocr_line' id='line_1_58' title="bbox 1296 803 2303 843; baseline -0.001 -9"><span class='ocrx_word' id='word_1_381' title='bbox 1296 804 1374 834; x_wconf 85' lang='lat' dir='ltr'>bere</span> <span class='ocrx_word' id='word_1_382' title='bbox 1399 804 1463 834; x_wconf 89' lang='lat' dir='ltr'>sibi</span> <span class='ocrx_word' id='word_1_383' title='bbox 1499 804 1693 843; x_wconf 84' lang='lat' dir='ltr'>homagium</span> <span class='ocrx_word' id='word_1_384' title='bbox 1722 804 1917 843; x_wconf 85' lang='lat' dir='ltr'>hujusmodi</span> <span class='ocrx_word' id='word_1_385' title='bbox 1947 813 2013 834; x_wconf 91' lang='lat' dir='ltr'>non</span> <span class='ocrx_word' id='word_1_386' title='bbox 2033 805 2177 834; x_wconf 83' lang='lat' dir='ltr'>curarat.</span> <span class='ocrx_word' id='word_1_387' title='bbox 2208 803 2303 834; x_wconf 79' lang='lat' dir='ltr'>L&#39;nde</span> 
     </span>
     <span class='ocr_line' id='line_1_59' title="bbox 1296 856 2305 896; baseline -0.001 -9"><span class='ocrx_word' id='word_1_388' title='bbox 1296 866 1357 887; x_wconf 93' lang='lat' dir='ltr'>nos</span> <span class='ocrx_word' id='word_1_389' title='bbox 1372 858 1436 896; x_wconf 90' lang='lat' dir='ltr'>ipsi</span> <span class='ocrx_word' id='word_1_390' title='bbox 1452 857 1703 896; x_wconf 83' lang='lat' dir='ltr'>archiepiscopo</span> <span class='ocrx_word' id='word_1_391' title='bbox 1721 858 1846 887; x_wconf 90' lang='lat' dir='ltr'>nostris</span> <span class='ocrx_word' id='word_1_392' title='bbox 1859 857 2148 888; x_wconf 80' lang='lat' dir='ltr'>dediniuslitteris</span> <span class='ocrx_word' id='word_1_393' title='bbox 2164 856 2305 887; x_wconf 85' lang='lat' dir='ltr'>firmiter</span> 
     </span>
     <span class='ocr_line' id='line_1_60' title="bbox 1296 909 2304 950; baseline -0.002 -9"><span class='ocrx_word' id='word_1_394' title='bbox 1296 912 1331 941; x_wconf 90' lang='lat' dir='ltr'>in</span> <span class='ocrx_word' id='word_1_395' title='bbox 1361 911 1529 950; x_wconf 84' lang='lat' dir='ltr'>preceptis</span> <span class='ocrx_word' id='word_1_396' title='bbox 1547 913 1592 947; x_wconf 91' lang='lat' dir='ltr'>ut,</span> <span class='ocrx_word' id='word_1_397' title='bbox 1621 912 1732 941; x_wconf 88' lang='lat' dir='ltr'>amoto</span> <span class='ocrx_word' id='word_1_398' title='bbox 1757 910 1797 940; x_wconf 87' lang='lat' dir='ltr'>ab</span> <span class='ocrx_word' id='word_1_399' title='bbox 1825 911 1943 940; x_wconf 86' lang='lat' dir='ltr'>eadem</span> <span class='ocrx_word' id='word_1_400' title='bbox 1973 910 2187 949; x_wconf 89' lang='lat' dir='ltr'>prepositura</span> <span class='ocrx_word' id='word_1_401' title='bbox 2216 909 2304 940; x_wconf 87' lang='lat' dir='ltr'>dicto</span> 
     </span>
     <span class='ocr_line' id='line_1_61' title="bbox 1297 963 2305 1003; baseline -0.001 -9"><span class='ocrx_word' id='word_1_402' title='bbox 1297 964 1442 995; x_wconf 86' lang='lat' dir='ltr'>Henrico</span> <span class='ocrx_word' id='word_1_403' title='bbox 1469 965 1500 994; x_wconf 90' lang='lat' dir='ltr'>et</span> <span class='ocrx_word' id='word_1_404' title='bbox 1518 963 1668 1003; x_wconf 85' lang='lat' dir='ltr'>quolibet</span> <span class='ocrx_word' id='word_1_405' title='bbox 1689 964 1755 994; x_wconf 89' lang='lat' dir='ltr'>alio</span> <span class='ocrx_word' id='word_1_406' title='bbox 1772 964 1957 1000; x_wconf 86' lang='lat' dir='ltr'>detentore,</span> <span class='ocrx_word' id='word_1_407' title='bbox 1971 964 2095 994; x_wconf 81' lang='lat' dir='ltr'>faceret</span> <span class='ocrx_word' id='word_1_408' title='bbox 2117 963 2305 1002; x_wconf 78' lang='lat' dir='ltr'>sepefatum</span> 
     </span>
     <span class='ocr_line' id='line_1_62' title="bbox 1298 1016 2306 1057; baseline 0 -10"><span class='ocrx_word' id='word_1_409' title='bbox 1298 1019 1338 1049; x_wconf 93' lang='lat' dir='ltr'>A.</span> <span class='ocrx_word' id='word_1_410' title='bbox 1355 1018 1463 1057; x_wconf 87' lang='lat' dir='ltr'>ipsius</span> <span class='ocrx_word' id='word_1_411' title='bbox 1485 1018 1697 1056; x_wconf 84' lang='lat' dir='ltr'>prepositure</span> <span class='ocrx_word' id='word_1_412' title='bbox 1717 1017 1855 1056; x_wconf 86' lang='lat' dir='ltr'>pacifica</span> <span class='ocrx_word' id='word_1_413' title='bbox 1870 1017 2088 1056; x_wconf 86' lang='lat' dir='ltr'>possessione</span> <span class='ocrx_word' id='word_1_414' title='bbox 2105 1016 2250 1056; x_wconf 86' lang='lat' dir='ltr'>gaudere</span> <span class='ocrx_word' id='word_1_415' title='bbox 2269 1025 2306 1047; x_wconf 87' lang='lat' dir='ltr'>ac</span> 
     </span>
     <span class='ocr_line' id='line_1_63' title="bbox 1298 1069 2307 1110; baseline -0.002 -8"><span class='ocrx_word' id='word_1_416' title='bbox 1298 1072 1418 1107; x_wconf 88' lang='lat' dir='ltr'>eidem,</span> <span class='ocrx_word' id='word_1_417' title='bbox 1437 1072 1596 1110; x_wconf 84' lang='lat' dir='ltr'>tanquam</span> <span class='ocrx_word' id='word_1_418' title='bbox 1629 1071 1822 1101; x_wconf 85' lang='lat' dir='ltr'>Coloniensi</span> <span class='ocrx_word' id='word_1_419' title='bbox 1845 1070 2030 1110; x_wconf 88' lang='lat' dir='ltr'>preposito,</span> <span class='ocrx_word' id='word_1_420' title='bbox 2059 1070 2190 1100; x_wconf 91' lang='lat' dir='ltr'>intendi</span> <span class='ocrx_word' id='word_1_421' title='bbox 2217 1070 2249 1100; x_wconf 90' lang='lat' dir='ltr'>et</span> <span class='ocrx_word' id='word_1_422' title='bbox 2267 1069 2307 1100; x_wconf 86' lang='lat' dir='ltr'>de</span> 
     </span>
     <span class='ocr_line' id='line_1_64' title="bbox 1295 1122 2306 1164; baseline -0.002 -9"><span class='ocrx_word' id='word_1_423' title='bbox 1295 1124 1431 1164; x_wconf 82' lang='lat' dir='ltr'>juribus</span> <span class='ocrx_word' id='word_1_424' title='bbox 1458 1133 1494 1154; x_wconf 90' lang='lat' dir='ltr'>ac</span> <span class='ocrx_word' id='word_1_425' title='bbox 1525 1123 1743 1163; x_wconf 89' lang='lat' dir='ltr'>proventibus</span> <span class='ocrx_word' id='word_1_426' title='bbox 1771 1124 1880 1163; x_wconf 89' lang='lat' dir='ltr'>ipsius</span> <span class='ocrx_word' id='word_1_427' title='bbox 1912 1123 2125 1163; x_wconf 86' lang='lat' dir='ltr'>prepositure</span> <span class='ocrx_word' id='word_1_428' title='bbox 2156 1122 2306 1162; x_wconf 83' lang='lat' dir='ltr'>plenarie</span> 
     </span>
     <span class='ocr_line' id='line_1_65' title="bbox 1298 1177 2307 1217; baseline -0.002 -8"><span class='ocrx_word' id='word_1_429' title='bbox 1298 1178 1507 1217; x_wconf 88' lang='lat' dir='ltr'>responderi.</span> <span class='ocrx_word' id='word_1_430' title='bbox 1534 1178 1686 1216; x_wconf 83' lang='lat' dir='ltr'>Injuncto</span> <span class='ocrx_word' id='word_1_431' title='bbox 1716 1186 1774 1216; x_wconf 88' lang='lat' dir='ltr'>per</span> <span class='ocrx_word' id='word_1_432' title='bbox 1801 1177 1886 1207; x_wconf 88' lang='lat' dir='ltr'>alias</span> <span class='ocrx_word' id='word_1_433' title='bbox 1902 1179 2035 1207; x_wconf 86' lang='lat' dir='ltr'>nostras</span> <span class='ocrx_word' id='word_1_434' title='bbox 2059 1177 2191 1207; x_wconf 86' lang='lat' dir='ltr'>litteras</span> <span class='ocrx_word' id='word_1_435' title='bbox 2213 1185 2307 1207; x_wconf 85' lang='lat' dir='ltr'>vene-</span> 
     </span>
     <span class='ocr_line' id='line_1_66' title="bbox 1298 1230 2307 1269; baseline -0.001 -8"><span class='ocrx_word' id='word_1_436' title='bbox 1298 1231 1400 1262; x_wconf 86' lang='lat' dir='ltr'>rabili</span> <span class='ocrx_word' id='word_1_437' title='bbox 1428 1231 1525 1261; x_wconf 89' lang='lat' dir='ltr'>fratri</span> <span class='ocrx_word' id='word_1_438' title='bbox 1548 1232 1663 1261; x_wconf 90' lang='lat' dir='ltr'>nostro</span> <span class='ocrx_word' id='word_1_439' title='bbox 1683 1253 1689 1260; x_wconf 92' lang='lat'>.</span> <span class='ocrx_word' id='word_1_440' title='bbox 1713 1253 1718 1259; x_wconf 95' lang='lat'>.</span> <span class='ocrx_word' id='word_1_441' title='bbox 1745 1231 1922 1261; x_wconf 89' lang='lat' dir='ltr'>Leodiensi</span> <span class='ocrx_word' id='word_1_442' title='bbox 1947 1230 2117 1269; x_wconf 85' lang='lat' dir='ltr'>episcopo,</span> <span class='ocrx_word' id='word_1_443' title='bbox 2137 1232 2168 1260; x_wconf 88' lang='lat' dir='ltr'>et</span> <span class='ocrx_word' id='word_1_444' title='bbox 2185 1230 2307 1260; x_wconf 88' lang='lat' dir='ltr'>dilecto</span> 
     </span>
     <span class='ocr_line' id='line_1_67' title="bbox 1299 1283 2306 1319; baseline -0.002 -5"><span class='ocrx_word' id='word_1_445' title='bbox 1299 1285 1370 1314; x_wconf 83' lang='lat' dir='ltr'>filio</span> <span class='ocrx_word' id='word_1_446' title='bbox 1390 1310 1394 1314; x_wconf 96' lang='lat'>.</span> <span class='ocrx_word' id='word_1_447' title='bbox 1418 1309 1423 1314; x_wconf 95' lang='lat'>.</span> <span class='ocrx_word' id='word_1_448' title='bbox 1443 1283 1555 1314; x_wconf 86' lang='lat' dir='ltr'>abbati</span> <span class='ocrx_word' id='word_1_449' title='bbox 1577 1283 1774 1314; x_wconf 70' lang='lat' dir='ltr'>monasterii</span> <span class='ocrx_word' id='word_1_450' title='bbox 1792 1284 1898 1314; x_wconf 87' lang='lat' dir='ltr'>sancti</span> <span class='ocrx_word' id='word_1_451' title='bbox 1912 1283 2092 1319; x_wconf 76' lang='lat' dir='ltr'>Trudonis,</span> <span class='ocrx_word' id='word_1_452' title='bbox 2107 1283 2306 1313; x_wconf 85' lang='lat' dir='ltr'>Leodiensis</span> 
     </span>
     <span class='ocr_line' id='line_1_68' title="bbox 1300 1336 2306 1375; baseline -0.001 -8"><span class='ocrx_word' id='word_1_453' title='bbox 1300 1337 1458 1371; x_wconf 86' lang='lat' dir='ltr'>diocesis,</span> <span class='ocrx_word' id='word_1_454' title='bbox 1475 1338 1522 1370; x_wconf 84' lang='lat' dir='ltr'>ut,</span> <span class='ocrx_word' id='word_1_455' title='bbox 1555 1336 1583 1366; x_wconf 90' lang='lat' dir='ltr'>si</span> <span class='ocrx_word' id='word_1_456' title='bbox 1602 1337 1711 1366; x_wconf 87' lang='lat' dir='ltr'>dictus</span> <span class='ocrx_word' id='word_1_457' title='bbox 1726 1336 2000 1375; x_wconf 86' lang='lat' dir='ltr'>archiepiscopus</span> <span class='ocrx_word' id='word_1_458' title='bbox 2017 1336 2213 1366; x_wconf 83' lang='lat' dir='ltr'>mandatum</span> <span class='ocrx_word' id='word_1_459' title='bbox 2233 1344 2306 1366; x_wconf 90' lang='lat' dir='ltr'>nos-</span> 
     </span>
     <span class='ocr_line' id='line_1_69' title="bbox 1302 1389 2306 1428; baseline -0.001 -8"><span class='ocrx_word' id='word_1_460' title='bbox 1302 1392 1390 1420; x_wconf 88' lang='lat' dir='ltr'>trum</span> <span class='ocrx_word' id='word_1_461' title='bbox 1408 1390 1440 1419; x_wconf 93' lang='lat' dir='ltr'>in</span> <span class='ocrx_word' id='word_1_462' title='bbox 1457 1389 1516 1419; x_wconf 84' lang='lat' dir='ltr'>hac</span> <span class='ocrx_word' id='word_1_463' title='bbox 1534 1390 1627 1428; x_wconf 82' lang='lat' dir='ltr'>parte</span> <span class='ocrx_word' id='word_1_464' title='bbox 1641 1390 1824 1428; x_wconf 82' lang='lat' dir='ltr'>negligeret</span> <span class='ocrx_word' id='word_1_465' title='bbox 1837 1389 2034 1428; x_wconf 87' lang='lat' dir='ltr'>adimplere,</span> <span class='ocrx_word' id='word_1_466' title='bbox 2046 1389 2111 1428; x_wconf 91' lang='lat' dir='ltr'>ipsi</span> <span class='ocrx_word' id='word_1_467' title='bbox 2123 1389 2174 1419; x_wconf 88' lang='lat' dir='ltr'>vel</span> <span class='ocrx_word' id='word_1_468' title='bbox 2190 1397 2306 1420; x_wconf 85' lang='lat' dir='ltr'>eorum</span> 
     </span>
     <span class='ocr_line' id='line_1_70' title="bbox 1301 1441 2310 1481; baseline 0 -9"><span class='ocrx_word' id='word_1_469' title='bbox 1301 1443 1386 1473; x_wconf 89' lang='lat' dir='ltr'>alter</span> <span class='ocrx_word' id='word_1_470' title='bbox 1402 1452 1477 1472; x_wconf 90' lang='lat' dir='ltr'>eum</span> <span class='ocrx_word' id='word_1_471' title='bbox 1497 1443 1537 1472; x_wconf 86' lang='lat' dir='ltr'>ad</span> <span class='ocrx_word' id='word_1_472' title='bbox 1560 1443 1604 1479; x_wconf 88' lang='lat' dir='ltr'>id,</span> <span class='ocrx_word' id='word_1_473' title='bbox 1624 1443 1808 1473; x_wconf 88' lang='lat' dir='ltr'>monitione</span> <span class='ocrx_word' id='word_1_474' title='bbox 1825 1442 2002 1481; x_wconf 82' lang='lat' dir='ltr'>premissa,</span> <span class='ocrx_word' id='word_1_475' title='bbox 2021 1441 2154 1472; x_wconf 85' lang='lat' dir='ltr'>sublato</span> <span class='ocrx_word' id='word_1_476' title='bbox 2175 1442 2310 1480; x_wconf 84' lang='lat' dir='ltr'>cujusti-</span> 
     </span>
     <span class='ocr_line' id='line_1_71' title="bbox 1302 1495 2308 1535; baseline 0 -10"><span class='ocrx_word' id='word_1_477' title='bbox 1302 1496 1355 1527; x_wconf 89' lang='lat' dir='ltr'>bet</span> <span class='ocrx_word' id='word_1_478' title='bbox 1375 1496 1613 1535; x_wconf 83' lang='lat' dir='ltr'>appellationis</span> <span class='ocrx_word' id='word_1_479' title='bbox 1639 1495 1822 1532; x_wconf 81' lang='lat' dir='ltr'>ohstaculo‚</span> <span class='ocrx_word' id='word_1_480' title='bbox 1843 1495 2041 1526; x_wconf 87' lang='lat' dir='ltr'>auctoritate</span> <span class='ocrx_word' id='word_1_481' title='bbox 2059 1497 2175 1526; x_wconf 86' lang='lat' dir='ltr'>nostra</span> <span class='ocrx_word' id='word_1_482' title='bbox 2192 1503 2308 1535; x_wconf 88' lang='lat' dir='ltr'>cogere</span> 
     </span>
     <span class='ocr_line' id='line_1_72' title="bbox 1302 1549 2309 1588; baseline 0.001 -9"><span class='ocrx_word' id='word_1_483' title='bbox 1302 1551 1529 1588; x_wconf 71' lang='lat' dir='ltr'>procurarent.</span> <span class='ocrx_word' id='word_1_484' title='bbox 1551 1550 1627 1584; x_wconf 85' lang='lat' dir='ltr'>Sed,</span> <span class='ocrx_word' id='word_1_485' title='bbox 1647 1549 1763 1579; x_wconf 90' lang='lat' dir='ltr'>eodem</span> <span class='ocrx_word' id='word_1_486' title='bbox 1791 1549 2043 1588; x_wconf 88' lang='lat' dir='ltr'>archiepiscopo</span> <span class='ocrx_word' id='word_1_487' title='bbox 2061 1549 2094 1578; x_wconf 91' lang='lat' dir='ltr'>in</span> <span class='ocrx_word' id='word_1_488' title='bbox 2112 1549 2309 1580; x_wconf 82' lang='lat' dir='ltr'>executione</span> 
     </span>
     <span class='ocr_line' id='line_1_73' title="bbox 1302 1602 2312 1641; baseline 0 -9"><span class='ocrx_word' id='word_1_489' title='bbox 1302 1603 1451 1633; x_wconf 86' lang='lat' dir='ltr'>mandati</span> <span class='ocrx_word' id='word_1_490' title='bbox 1483 1603 1602 1637; x_wconf 75' lang='lat' dir='ltr'>nostri,</span> <span class='ocrx_word' id='word_1_491' title='bbox 1631 1611 1696 1632; x_wconf 91' lang='lat' dir='ltr'>non</span> <span class='ocrx_word' id='word_1_492' title='bbox 1721 1603 1794 1632; x_wconf 87' lang='lat' dir='ltr'>sine</span> <span class='ocrx_word' id='word_1_493' title='bbox 1820 1602 2004 1640; x_wconf 88' lang='lat' dir='ltr'>apostolice</span> <span class='ocrx_word' id='word_1_494' title='bbox 2027 1602 2118 1632; x_wconf 88' lang='lat' dir='ltr'>sedis</span> <span class='ocrx_word' id='word_1_495' title='bbox 2142 1602 2265 1641; x_wconf 85' lang='lat' dir='ltr'>injuria</span> <span class='ocrx_word' id='word_1_496' title='bbox 2280 1603 2312 1632; x_wconf 90' lang='lat' dir='ltr'>et</span> 
     </span>
     <span class='ocr_line' id='line_1_74' title="bbox 1302 1655 2312 1694; baseline 0 -9"><span class='ocrx_word' id='word_1_497' title='bbox 1302 1657 1495 1693; x_wconf 85' lang='lat' dir='ltr'>contemptu</span> <span class='ocrx_word' id='word_1_498' title='bbox 1516 1664 1552 1685; x_wconf 89' lang='lat' dir='ltr'>ac</span> <span class='ocrx_word' id='word_1_499' title='bbox 1566 1655 1741 1685; x_wconf 87' lang='lat' dir='ltr'>memorati</span> <span class='ocrx_word' id='word_1_500' title='bbox 1758 1655 1900 1686; x_wconf 80' lang='lat' dir='ltr'>Arnoldi</span> <span class='ocrx_word' id='word_1_501' title='bbox 1919 1655 2117 1694; x_wconf 85' lang='lat' dir='ltr'>prejudicio,</span> <span class='ocrx_word' id='word_1_502' title='bbox 2133 1655 2312 1694; x_wconf 85' lang='lat' dir='ltr'>procedere</span> 
     </span>
     <span class='ocr_line' id='line_1_75' title="bbox 1303 1707 2311 1747; baseline 0 -9"><span class='ocrx_word' id='word_1_503' title='bbox 1303 1718 1337 1738; x_wconf 86' lang='lat' dir='ltr'>ac</span> <span class='ocrx_word' id='word_1_504' title='bbox 1354 1708 1495 1747; x_wconf 82' lang='lat' dir='ltr'>prefatis</span> <span class='ocrx_word' id='word_1_505' title='bbox 1522 1709 1679 1746; x_wconf 87' lang='lat' dir='ltr'>episcopo</span> <span class='ocrx_word' id='word_1_506' title='bbox 1698 1710 1729 1738; x_wconf 89' lang='lat' dir='ltr'>et</span> <span class='ocrx_word' id='word_1_507' title='bbox 1753 1707 1873 1738; x_wconf 84' lang='lat' dir='ltr'>abbate</span> <span class='ocrx_word' id='word_1_508' title='bbox 1890 1709 2002 1747; x_wconf 86' lang='lat' dir='ltr'>ipsum</span> <span class='ocrx_word' id='word_1_509' title='bbox 2021 1708 2311 1747; x_wconf 84' lang='lat' dir='ltr'>archiepiscopum</span> 
     </span>
     <span class='ocr_line' id='line_1_76' title="bbox 1303 1760 2311 1800; baseline 0.001 -9"><span class='ocrx_word' id='word_1_510' title='bbox 1303 1761 1344 1791; x_wconf 85' lang='lat' dir='ltr'>ad</span> <span class='ocrx_word' id='word_1_511' title='bbox 1369 1762 1401 1791; x_wconf 90' lang='lat' dir='ltr'>id</span> <span class='ocrx_word' id='word_1_512' title='bbox 1430 1770 1546 1800; x_wconf 87' lang='lat' dir='ltr'>cogere</span> <span class='ocrx_word' id='word_1_513' title='bbox 1565 1770 1630 1791; x_wconf 91' lang='lat' dir='ltr'>non</span> <span class='ocrx_word' id='word_1_514' title='bbox 1649 1761 1858 1797; x_wconf 81' lang='lat' dir='ltr'>curantibus,</span> <span class='ocrx_word' id='word_1_515' title='bbox 1879 1762 1966 1791; x_wconf 88' lang='lat' dir='ltr'>idem</span> <span class='ocrx_word' id='word_1_516' title='bbox 1985 1761 2156 1792; x_wconf 68' lang='lat' dir='ltr'>Arnoldus</span> <span class='ocrx_word' id='word_1_517' title='bbox 2179 1760 2311 1792; x_wconf 88' lang='lat' dir='ltr'>nullum</span> 
     </span>
     <span class='ocr_line' id='line_1_77' title="bbox 1303 1814 2310 1852; baseline -0.001 -8"><span class='ocrx_word' id='word_1_518' title='bbox 1303 1814 1409 1844; x_wconf 85' lang='lat' dir='ltr'>adhuc</span> <span class='ocrx_word' id='word_1_519' title='bbox 1439 1823 1479 1844; x_wconf 87' lang='lat' dir='ltr'>ex</span> <span class='ocrx_word' id='word_1_520' title='bbox 1509 1814 1669 1852; x_wconf 83' lang='lat' dir='ltr'>predictis</span> <span class='ocrx_word' id='word_1_521' title='bbox 1698 1814 1822 1844; x_wconf 89' lang='lat' dir='ltr'>litteris</span> <span class='ocrx_word' id='word_1_522' title='bbox 1851 1814 2028 1844; x_wconf 77' lang='lat' dir='ltr'>comodum</span> <span class='ocrx_word' id='word_1_523' title='bbox 2055 1815 2106 1844; x_wconf 90' lang='lat' dir='ltr'>est</span> <span class='ocrx_word' id='word_1_524' title='bbox 2143 1814 2310 1852; x_wconf 85' lang='lat' dir='ltr'>adeptus;</span> 
     </span>
     <span class='ocr_line' id='line_1_78' title="bbox 1305 1867 2310 1906; baseline 0 -10"><span class='ocrx_word' id='word_1_525' title='bbox 1305 1870 1439 1906; x_wconf 88' lang='lat' dir='ltr'>propter</span> <span class='ocrx_word' id='word_1_526' title='bbox 1451 1867 1539 1906; x_wconf 84' lang='lat' dir='ltr'>quod</span> <span class='ocrx_word' id='word_1_527' title='bbox 1557 1867 1628 1905; x_wconf 83' lang='lat' dir='ltr'>ipse</span> <span class='ocrx_word' id='word_1_528' title='bbox 1646 1867 1827 1903; x_wconf 76' lang='lat' dir='ltr'>Arnoldus,</span> <span class='ocrx_word' id='word_1_529' title='bbox 1839 1867 1879 1897; x_wconf 86' lang='lat' dir='ltr'>ad</span> <span class='ocrx_word' id='word_1_530' title='bbox 1892 1867 2074 1906; x_wconf 90' lang='lat' dir='ltr'>apostolice</span> <span class='ocrx_word' id='word_1_531' title='bbox 2091 1867 2182 1897; x_wconf 88' lang='lat' dir='ltr'>sedis</span> <span class='ocrx_word' id='word_1_532' title='bbox 2200 1875 2310 1897; x_wconf 81' lang='lat' dir='ltr'>recur-</span> 
     </span>
     <span class='ocr_line' id='line_1_79' title="bbox 1304 1920 2314 1959; baseline -0.002 -8"><span class='ocrx_word' id='word_1_533' title='bbox 1304 1930 1381 1951; x_wconf 90' lang='lat' dir='ltr'>rens</span> <span class='ocrx_word' id='word_1_534' title='bbox 1399 1920 1658 1959; x_wconf 79' lang='lat' dir='ltr'>providentiam,</span> <span class='ocrx_word' id='word_1_535' title='bbox 1670 1929 1854 1959; x_wconf 85' lang='lat' dir='ltr'>congruum</span> <span class='ocrx_word' id='word_1_536' title='bbox 1870 1929 1971 1959; x_wconf 86' lang='lat' dir='ltr'>super</span> <span class='ocrx_word' id='word_1_537' title='bbox 1981 1920 2040 1950; x_wconf 89' lang='lat' dir='ltr'>hoc</span> <span class='ocrx_word' id='word_1_538' title='bbox 2056 1920 2242 1950; x_wconf 85' lang='lat' dir='ltr'>remedium</span> <span class='ocrx_word' id='word_1_539' title='bbox 2255 1927 2314 1958; x_wconf 90' lang='lat' dir='ltr'>per</span> 
     </span>
     <span class='ocr_line' id='line_1_80' title="bbox 1304 1971 2312 2011; baseline -0.002 -8"><span class='ocrx_word' id='word_1_540' title='bbox 1304 1975 1455 2003; x_wconf 86' lang='lat' dir='ltr'>nostram</span> <span class='ocrx_word' id='word_1_541' title='bbox 1490 1973 1755 2002; x_wconf 78' lang='lat' dir='ltr'>sollicitudinem</span> <span class='ocrx_word' id='word_1_542' title='bbox 1789 1973 1989 2011; x_wconf 82' lang='lat' dir='ltr'>suppliciter</span> <span class='ocrx_word' id='word_1_543' title='bbox 2020 1972 2117 2011; x_wconf 85' lang='lat' dir='ltr'>petiit</span> <span class='ocrx_word' id='word_1_544' title='bbox 2150 1971 2312 2002; x_wconf 85' lang='lat' dir='ltr'>adhiberi.</span> 
     </span>
     <span class='ocr_line' id='line_1_81' title="bbox 1306 2024 2313 2064; baseline -0.002 -7"><span class='ocrx_word' id='word_1_545' title='bbox 1306 2026 1544 2057; x_wconf 80' lang='lat' dir='ltr'>Desiderantes</span> <span class='ocrx_word' id='word_1_546' title='bbox 1577 2026 1677 2063; x_wconf 85' lang='lat' dir='ltr'>igitur</span> <span class='ocrx_word' id='word_1_547' title='bbox 1703 2027 1737 2055; x_wconf 86' lang='grc'>111</span> <span class='ocrx_word' id='word_1_548' title='bbox 1767 2026 1852 2055; x_wconf 81' lang='lat' dir='ltr'>sacta</span> <span class='ocrx_word' id='word_1_549' title='bbox 1873 2034 1931 2064; x_wconf 92' lang='lat' dir='ltr'>per</span> <span class='ocrx_word' id='word_1_550' title='bbox 1949 2034 2010 2055; x_wconf 90' lang='lat' dir='ltr'>nos</span> <span class='ocrx_word' id='word_1_551' title='bbox 2035 2025 2142 2056; x_wconf 88' lang='lat' dir='ltr'>cidem</span> <span class='ocrx_word' id='word_1_552' title='bbox 2163 2024 2313 2055; x_wconf 75' lang='lat' dir='ltr'>Arnoldo</span> 
     </span>
     <span class='ocr_line' id='line_1_82' title="bbox 1306 2078 2315 2117; baseline 0 -9"><span class='ocrx_word' id='word_1_553' title='bbox 1306 2079 1338 2108; x_wconf 93' lang='lat' dir='ltr'>in</span> <span class='ocrx_word' id='word_1_554' title='bbox 1359 2078 1418 2108; x_wconf 90' lang='lat' dir='ltr'>hac</span> <span class='ocrx_word' id='word_1_555' title='bbox 1447 2081 1539 2117; x_wconf 86' lang='lat' dir='ltr'>parte</span> <span class='ocrx_word' id='word_1_556' title='bbox 1564 2079 1671 2117; x_wconf 85' lang='lat' dir='ltr'>gratia</span> <span class='ocrx_word' id='word_1_557' title='bbox 1697 2078 1763 2108; x_wconf 89' lang='lat' dir='ltr'>sibi</span> <span class='ocrx_word' id='word_1_558' title='bbox 1791 2079 1950 2109; x_wconf 86' lang='lat' dir='ltr'>reddatur</span> <span class='ocrx_word' id='word_1_559' title='bbox 1969 2087 2111 2117; x_wconf 87' lang='lat' dir='ltr'>propere</span> <span class='ocrx_word' id='word_1_560' title='bbox 2130 2078 2315 2115; x_wconf 78' lang='lat' dir='ltr'>fructuosa,</span> 
     </span>
     <span class='ocr_line' id='line_1_83' title="bbox 1305 2130 2314 2170; baseline -0.001 -9"><span class='ocrx_word' id='word_1_561' title='bbox 1305 2131 1500 2161; x_wconf 83' lang='lat' dir='ltr'>discretioni</span> <span class='ocrx_word' id='word_1_562' title='bbox 1535 2134 1644 2161; x_wconf 87' lang='lat' dir='ltr'>vestre</span> <span class='ocrx_word' id='word_1_563' title='bbox 1677 2131 1877 2162; x_wconf 89' lang='lat' dir='ltr'>mandamus</span> <span class='ocrx_word' id='word_1_564' title='bbox 1911 2132 2078 2170; x_wconf 86' lang='lat' dir='ltr'>quatenus</span> <span class='ocrx_word' id='word_1_565' title='bbox 2111 2130 2314 2170; x_wconf 78' lang='lat' dir='ltr'>prelibatum</span> 
     </span>
     <span class='ocr_line' id='line_1_84' title="bbox 1305 2184 2317 2224; baseline -0.001 -9"><span class='ocrx_word' id='word_1_566' title='bbox 1305 2185 1607 2223; x_wconf 77' lang='lat' dir='ltr'>archiepiscopum,</span> <span class='ocrx_word' id='word_1_567' title='bbox 1626 2194 1664 2214; x_wconf 81' lang='lat' dir='ltr'>cx</span> <span class='ocrx_word' id='word_1_568' title='bbox 1683 2187 1775 2224; x_wconf 89' lang='lat' dir='ltr'>parte</span> <span class='ocrx_word' id='word_1_569' title='bbox 1789 2187 1916 2219; x_wconf 81' lang='lat' dir='ltr'>nostra,</span> <span class='ocrx_word' id='word_1_570' title='bbox 1928 2193 1987 2215; x_wconf 82' lang='lat' dir='ltr'>vos</span> <span class='ocrx_word' id='word_1_571' title='bbox 2005 2186 2060 2215; x_wconf 87' lang='lat' dir='ltr'>aut</span> <span class='ocrx_word' id='word_1_572' title='bbox 2078 2184 2143 2214; x_wconf 90' lang='lat' dir='ltr'>duo</span> <span class='ocrx_word' id='word_1_573' title='bbox 2159 2184 2211 2215; x_wconf 78' lang='lat' dir='ltr'>vel</span> <span class='ocrx_word' id='word_1_574' title='bbox 2230 2192 2317 2214; x_wconf 87' lang='lat' dir='ltr'>unus</span> 
     </span>
     <span class='ocr_line' id='line_1_85' title="bbox 1307 2237 2316 2276; baseline -0.001 -8"><span class='ocrx_word' id='word_1_575' title='bbox 1307 2240 1455 2268; x_wconf 77' lang='lat' dir='ltr'>vestrum</span> <span class='ocrx_word' id='word_1_576' title='bbox 1476 2246 1532 2276; x_wconf 77' lang='lat' dir='ltr'>per</span> <span class='ocrx_word' id='word_1_577' title='bbox 1554 2246 1613 2267; x_wconf 87' lang='lat' dir='ltr'>vos</span> <span class='ocrx_word' id='word_1_578' title='bbox 1638 2238 1689 2267; x_wconf 85' lang='lat' dir='ltr'>vel</span> <span class='ocrx_word' id='word_1_579' title='bbox 1708 2238 1813 2268; x_wconf 90' lang='lat' dir='ltr'>alium</span> <span class='ocrx_word' id='word_1_580' title='bbox 1833 2246 1890 2268; x_wconf 81' lang='lat' dir='ltr'>seu</span> <span class='ocrx_word' id='word_1_581' title='bbox 1907 2238 1993 2268; x_wconf 87' lang='lat' dir='ltr'>alios</span> <span class='ocrx_word' id='word_1_582' title='bbox 2019 2246 2154 2268; x_wconf 87' lang='lat' dir='ltr'>monere</span> <span class='ocrx_word' id='word_1_583' title='bbox 2171 2237 2316 2268; x_wconf 69' lang='lat' dir='ltr'>sollicite</span> 
     </span>
     <span class='ocr_line' id='line_1_86' title="bbox 1307 2290 2314 2329; baseline -0.001 -8"><span class='ocrx_word' id='word_1_584' title='bbox 1307 2300 1343 2321; x_wconf 86' lang='lat' dir='ltr'>ac</span> <span class='ocrx_word' id='word_1_585' title='bbox 1366 2291 1547 2321; x_wconf 53' lang='lat' dir='ltr'>citicae-iter</span> <span class='ocrx_word' id='word_1_586' title='bbox 1570 2291 1726 2321; x_wconf 84' lang='lat' dir='ltr'>inducere</span> <span class='ocrx_word' id='word_1_587' title='bbox 1756 2291 1922 2321; x_wconf 85' lang='lat' dir='ltr'>studeatis</span> <span class='ocrx_word' id='word_1_588' title='bbox 1943 2292 1990 2326; x_wconf 81' lang='lat' dir='ltr'>ut,</span> <span class='ocrx_word' id='word_1_589' title='bbox 2012 2291 2098 2320; x_wconf 81' lang='lat' dir='ltr'>infra</span> <span class='ocrx_word' id='word_1_590' title='bbox 2122 2290 2314 2329; x_wconf 70' lang='lat' dir='ltr'>quindecim</span> 
     </span>
     <span class='ocr_line' id='line_1_87' title="bbox 1307 2344 2317 2382; baseline 0 -9"><span class='ocrx_word' id='word_1_591' title='bbox 1307 2344 1379 2374; x_wconf 68' lang='lat' dir='ltr'>«lies</span> <span class='ocrx_word' id='word_1_592' title='bbox 1409 2346 1483 2382; x_wconf 84' lang='lat' dir='ltr'>post</span> <span class='ocrx_word' id='word_1_593' title='bbox 1514 2344 1734 2374; x_wconf 87' lang='lat' dir='ltr'>monitionem</span> <span class='ocrx_word' id='word_1_594' title='bbox 1756 2346 1916 2379; x_wconf 76' lang='lat' dir='ltr'>vestram,</span> <span class='ocrx_word' id='word_1_595' title='bbox 1932 2344 1964 2374; x_wconf 89' lang='lat' dir='ltr'>in</span> <span class='ocrx_word' id='word_1_596' title='bbox 1981 2344 2172 2382; x_wconf 86' lang='lat' dir='ltr'>hujusmodi</span> <span class='ocrx_word' id='word_1_597' title='bbox 2197 2352 2317 2374; x_wconf 79' lang='lat' dir='ltr'>execu-</span> 
     </span>
     <span class='ocr_line' id='line_1_88' title="bbox 1309 2397 2315 2436; baseline 0 -9"><span class='ocrx_word' id='word_1_598' title='bbox 1309 2398 1397 2428; x_wconf 85' lang='lat' dir='ltr'>tione</span> <span class='ocrx_word' id='word_1_599' title='bbox 1424 2398 1564 2436; x_wconf 86' lang='lat' dir='ltr'>predicti</span> <span class='ocrx_word' id='word_1_600' title='bbox 1585 2398 1733 2428; x_wconf 87' lang='lat' dir='ltr'>mandati</span> <span class='ocrx_word' id='word_1_601' title='bbox 1750 2398 1855 2428; x_wconf 86' lang='lat' dir='ltr'>nostri</span> <span class='ocrx_word' id='word_1_602' title='bbox 1878 2398 2058 2436; x_wconf 84' lang='lat' dir='ltr'>procedere</span> <span class='ocrx_word' id='word_1_603' title='bbox 2083 2406 2147 2428; x_wconf 90' lang='lat' dir='ltr'>non</span> <span class='ocrx_word' id='word_1_604' title='bbox 2171 2397 2315 2433; x_wconf 82' lang='lat' dir='ltr'>omittat,</span> 
     </span>
     <span class='ocr_line' id='line_1_89' title="bbox 1304 2450 2316 2491; baseline 0 -11"><span class='ocrx_word' id='word_1_605' title='bbox 1304 2452 1402 2491; x_wconf 77' lang='lat' dir='ltr'>juxta</span> <span class='ocrx_word' id='word_1_606' title='bbox 1430 2451 1589 2481; x_wconf 87' lang='lat' dir='ltr'>traditam</span> <span class='ocrx_word' id='word_1_607' title='bbox 1620 2450 1685 2481; x_wconf 90' lang='lat' dir='ltr'>sibi</span> <span class='ocrx_word' id='word_1_608' title='bbox 1711 2451 1866 2482; x_wconf 80' lang='lat' dir='ltr'>fotmam.</span> <span class='ocrx_word' id='word_1_609' title='bbox 1900 2451 1995 2486; x_wconf 88' lang='lat' dir='ltr'>Quod</span> <span class='ocrx_word' id='word_1_610' title='bbox 2024 2451 2052 2481; x_wconf 90' lang='lat' dir='ltr'>si</span> <span class='ocrx_word' id='word_1_611' title='bbox 2082 2451 2196 2481; x_wconf 81' lang='lat' dir='ltr'>forsan</span> <span class='ocrx_word' id='word_1_612' title='bbox 2226 2450 2316 2481; x_wconf 87' lang='lat' dir='ltr'>idem</span> 
     </span>
     <span class='ocr_line' id='line_1_90' title="bbox 1309 2503 2319 2543; baseline -0.001 -8"><span class='ocrx_word' id='word_1_613' title='bbox 1309 2504 1583 2543; x_wconf 85' lang='lat' dir='ltr'>archiepiscopus</span> <span class='ocrx_word' id='word_1_614' title='bbox 1600 2504 1634 2534; x_wconf 90' lang='lat' dir='ltr'>in</span> <span class='ocrx_word' id='word_1_615' title='bbox 1651 2513 1710 2534; x_wconf 87' lang='lat' dir='ltr'>sue</span> <span class='ocrx_word' id='word_1_616' title='bbox 1725 2503 1952 2535; x_wconf 86' lang='lat' dir='ltr'>inobedientie</span> <span class='ocrx_word' id='word_1_617' title='bbox 1974 2503 2184 2534; x_wconf 89' lang='lat' dir='ltr'>contumacia</span> <span class='ocrx_word' id='word_1_618' title='bbox 2207 2511 2319 2543; x_wconf 86' lang='lat' dir='ltr'>perse-</span> 
     </span>
     <span class='ocr_line' id='line_1_91' title="bbox 1310 2557 2317 2596; baseline 0 -9"><span class='ocrx_word' id='word_1_619' title='bbox 1310 2566 1442 2591; x_wconf 84' lang='lat' dir='ltr'>verans,</span> <span class='ocrx_word' id='word_1_620' title='bbox 1466 2557 1553 2588; x_wconf 82' lang='lat' dir='ltr'>infra</span> <span class='ocrx_word' id='word_1_621' title='bbox 1566 2558 1791 2596; x_wconf 85' lang='lat' dir='ltr'>prescriptum</span> <span class='ocrx_word' id='word_1_622' title='bbox 1809 2559 1942 2596; x_wconf 90' lang='lat' dir='ltr'>tempus</span> <span class='ocrx_word' id='word_1_623' title='bbox 1959 2557 2082 2588; x_wconf 87' lang='lat' dir='ltr'>vestris</span> <span class='ocrx_word' id='word_1_624' title='bbox 2104 2557 2317 2596; x_wconf 84' lang='lat' dir='ltr'>acquiescere</span> 
     </span>
     <span class='ocr_line' id='line_1_92' title="bbox 1310 2610 2318 2649; baseline -0.001 -8"><span class='ocrx_word' id='word_1_625' title='bbox 1310 2611 1448 2641; x_wconf 88' lang='lat' dir='ltr'>monitis</span> <span class='ocrx_word' id='word_1_626' title='bbox 1468 2612 1499 2641; x_wconf 91' lang='lat' dir='ltr'>et</span> <span class='ocrx_word' id='word_1_627' title='bbox 1526 2610 1777 2642; x_wconf 82' lang='lat' dir='ltr'>inductionibus</span> <span class='ocrx_word' id='word_1_628' title='bbox 1801 2619 1865 2641; x_wconf 90' lang='lat' dir='ltr'>non</span> <span class='ocrx_word' id='word_1_629' title='bbox 1885 2610 2052 2641; x_wconf 76' lang='lat' dir='ltr'>curaverit</span> <span class='ocrx_word' id='word_1_630' title='bbox 2078 2610 2111 2640; x_wconf 93' lang='lat' dir='ltr'>in</span> <span class='ocrx_word' id='word_1_631' title='bbox 2132 2610 2191 2640; x_wconf 84' lang='lat' dir='ltr'>hac</span> <span class='ocrx_word' id='word_1_632' title='bbox 2212 2612 2318 2649; x_wconf 88' lang='lat' dir='ltr'>parte,</span> 
     </span>
     <span class='ocr_line' id='line_1_93' title="bbox 1311 2663 2319 2702; baseline 0 -10"><span class='ocrx_word' id='word_1_633' title='bbox 1311 2663 1421 2702; x_wconf 91' lang='lat' dir='ltr'>ipsum</span> <span class='ocrx_word' id='word_1_634' title='bbox 1439 2672 1479 2693; x_wconf 87' lang='lat' dir='ltr'>cx</span> <span class='ocrx_word' id='word_1_635' title='bbox 1498 2665 1587 2697; x_wconf 80' lang='lat' dir='ltr'>tunc,</span> <span class='ocrx_word' id='word_1_636' title='bbox 1607 2672 1646 2694; x_wconf 91' lang='lat' dir='ltr'>ne</span> <span class='ocrx_word' id='word_1_637' title='bbox 1661 2664 1798 2702; x_wconf 86' lang='lat' dir='ltr'>impune</span> <span class='ocrx_word' id='word_1_638' title='bbox 1815 2663 1957 2702; x_wconf 83' lang='lat' dir='ltr'>gaudeat</span> <span class='ocrx_word' id='word_1_639' title='bbox 1978 2663 2133 2693; x_wconf 86' lang='lat' dir='ltr'>renuisse</span> <span class='ocrx_word' id='word_1_640' title='bbox 2148 2664 2319 2693; x_wconf 82' lang='lat' dir='ltr'>contuma-</span> 
     </span>
     <span class='ocr_line' id='line_1_94' title="bbox 1310 2714 2316 2755; baseline -0.001 -9"><span class='ocrx_word' id='word_1_641' title='bbox 1310 2715 1393 2746; x_wconf 85' lang='lat' dir='ltr'>citer</span> <span class='ocrx_word' id='word_1_642' title='bbox 1415 2716 1611 2755; x_wconf 88' lang='lat' dir='ltr'>apostolicis</span> <span class='ocrx_word' id='word_1_643' title='bbox 1637 2715 1852 2755; x_wconf 85' lang='lat' dir='ltr'>jussionibus</span> <span class='ocrx_word' id='word_1_644' title='bbox 1876 2715 2024 2747; x_wconf 78' lang='lat' dir='ltr'>obedire.</span> <span class='ocrx_word' id='word_1_645' title='bbox 2045 2715 2086 2746; x_wconf 87' lang='lat' dir='ltr'>ab</span> <span class='ocrx_word' id='word_1_646' title='bbox 2107 2715 2197 2746; x_wconf 88' lang='lat' dir='ltr'>omni</span> <span class='ocrx_word' id='word_1_647' title='bbox 2216 2714 2316 2745; x_wconf 86' lang='lat' dir='ltr'>colla—</span> 
     </span>
     <span class='ocr_line' id='line_1_95' title="bbox 1311 2767 2320 2808; baseline -0.001 -10"><span class='ocrx_word' id='word_1_648' title='bbox 1311 2768 1400 2798; x_wconf 89' lang='lat' dir='ltr'>tione</span> <span class='ocrx_word' id='word_1_649' title='bbox 1419 2768 1679 2808; x_wconf 71' lang='lat' dir='ltr'>personatuum,</span> <span class='ocrx_word' id='word_1_650' title='bbox 1705 2768 1907 2807; x_wconf 82' lang='lat' dir='ltr'>dignitatum</span> <span class='ocrx_word' id='word_1_651' title='bbox 1929 2770 1960 2798; x_wconf 86' lang='lat' dir='ltr'>et</span> <span class='ocrx_word' id='word_1_652' title='bbox 1983 2768 2127 2799; x_wconf 88' lang='lat' dir='ltr'>aliorum</span> <span class='ocrx_word' id='word_1_653' title='bbox 2145 2767 2320 2798; x_wconf 82' lang='lat' dir='ltr'>beneficio-</span> 
     </span>
     <span class='ocr_line' id='line_1_96' title="bbox 1312 2820 2321 2858; baseline -0.001 -7"><span class='ocrx_word' id='word_1_654' title='bbox 1312 2830 1385 2851; x_wconf 91' lang='lat' dir='ltr'>rum</span> <span class='ocrx_word' id='word_1_655' title='bbox 1402 2822 1720 2858; x_wconf 79' lang='lat' dir='ltr'>ecclesiasticorum,</span> <span class='ocrx_word' id='word_1_656' title='bbox 1736 2830 1810 2852; x_wconf 89' lang='lat' dir='ltr'>cum</span> <span class='ocrx_word' id='word_1_657' title='bbox 1830 2830 1909 2852; x_wconf 87' lang='lat' dir='ltr'>cura</span> <span class='ocrx_word' id='word_1_658' title='bbox 1921 2823 1951 2852; x_wconf 79' lang='lat' dir='ltr'>et</span> <span class='ocrx_word' id='word_1_659' title='bbox 1972 2821 2044 2851; x_wconf 83' lang='lat' dir='ltr'>sine</span> <span class='ocrx_word' id='word_1_660' title='bbox 2061 2830 2152 2857; x_wconf 75' lang='lat' dir='ltr'>cura,</span> <span class='ocrx_word' id='word_1_661' title='bbox 2170 2829 2234 2851; x_wconf 88' lang='lat' dir='ltr'>nou</span> <span class='ocrx_word' id='word_1_662' title='bbox 2247 2820 2321 2851; x_wconf 88' lang='lat' dir='ltr'>obs-</span> 
     </span>
     <span class='ocr_line' id='line_1_97' title="bbox 1311 2872 2319 2914; baseline -0.001 -10"><span class='ocrx_word' id='word_1_663' title='bbox 1311 2874 1461 2904; x_wconf 80' lang='lat' dir='ltr'>tantibus</span> <span class='ocrx_word' id='word_1_664' title='bbox 1478 2874 1764 2914; x_wconf 85' lang='lat' dir='ltr'>appellationibus</span> <span class='ocrx_word' id='word_1_665' title='bbox 1781 2883 1864 2914; x_wconf 79' lang='lat' dir='ltr'>quas</span> <span class='ocrx_word' id='word_1_666' title='bbox 1882 2874 1971 2904; x_wconf 85' lang='lat' dir='ltr'>idem</span> <span class='ocrx_word' id='word_1_667' title='bbox 1988 2874 2263 2912; x_wconf 83' lang='lat' dir='ltr'>archiepiscopus</span> <span class='ocrx_word' id='word_1_668' title='bbox 2277 2872 2319 2903; x_wconf 89' lang='lat' dir='ltr'>ad</span> 
     </span>
    </p>
   </div>
  </div>
 </body>
</html>
