2519 3262
182 244 220 274 26

274 328 369 359 1026
748 323 872 357 Orvieto,
890 323 924 350 24
941 330 1019 349 mars
1042 321 1118 348 1264.

218 407 411 441 infrascriptis
440 407 557 433 mandat
571 408 711 440 quatenus
729 404 901 438 magistrum
917 402 1067 429 Nicolaum
1088 402 1122 428 de
1140 402 1190 428 Es-

182 456 241 482 seio
269 456 296 482 in
330 455 451 482 ecelesia
475 453 684 481 Cenomanensi
716 453 743 479 in
761 452 932 479 canonicum
958 450 1044 485 recipi
1073 450 1188 477 saciant.

184 504 262 539 (Bm.
285 506 329 536 29,
347 504 396 531 fol.
413 505 447 531 3ss
464 509 500 534 ψ’,
520 509 550 529 n⁰
566 504 622 532 75.)

221 620 238 640 (‹
252 609 478 639 Archidiacono
493 613 520 638 et
531 608 676 647 maqiscro
689 606 826 636 Jolzcmni
835 605 1026 645 Grosperini‚
1045 604 1190 634 canonico

184 661 471 693 Constantiensibus.
498 662 645 700 Dignum
665 662 715 690 etc
730 677 778 688 —.
796 660 921 690 Datum
949 658 1037 698 apud
1052 657 1191 689 Urbem-

180 718 341 751 veterem,
360 724 430 745 vnn
450 714 612 745 kalendas
630 713 761 752 aprilis,
778 721 865 743 anno
883 712 994 742 tertio.
1015 720 1031 740 »

273 888 367 919 1027
715 885 840 915 Orvieto,
860 885 891 912 13
906 884 1021 910 octobre
1042 884 1118 911 1253.

215 963 336 990 Johanni
348 963 381 989 de
400 963 536 988 Curtraco
553 960 754 988 canonicatum
773 963 797 987 et
813 960 1006 995 praebendam
1023 959 1051 985 in
1070 958 1192 986 ecclesia

180 1011 379 1039 Harlebecensi
405 1020 420 1037 a
443 1011 559 1041 Jacobo,
584 1019 605 1037 s.
624 1009 728 1037 Mariae
752 1009 779 1036 in
795 1008 948 1036 Cosmedin
966 1008 1086 1034 diacono
1100 1007 1191 1034 cardi-

180 1060 248 1093 nali,
265 1060 416 1091 collatam,
434 1059 597 1086 confirmat.
618 1059 696 1094 (Res.
715 1059 759 1089 29,
778 1057 825 1085 fol.
845 1059 889 1088 37,
908 1061 939 1083 n⁰
955 1057 1012 1091 76.)

220 1178 237 1199 «
253 1167 389 1197 Johanni
406 1166 442 1197 de
469 1166 628 1200 Cumaea,
649 1165 794 1195 canonico
812 1163 931 1194 ecclesie
950 1163 1190 1200 Harlebecensz‘s,

185 1221 379 1251 Tot-nocensis
397 1220 532 1250 diocesis.
552 1221 600 1250 Ea
616 1228 679 1258 que
694 1218 822 1258 judicio
839 1219 901 1248 etc.
919 1226 1027 1256 usque
1044 1226 1192 1247 commu-

181 1275 304 1305 nimus.
333 1275 419 1304 Sane
448 1274 566 1313 petitio
593 1274 650 1303 tua
689 1272 788 1302 nohis
819 1271 970 1301 exhibita
1000 1269 1193 1301 continebat

181 1328 281 1368 quod,
294 1337 368 1358 cum
383 1327 463 1357 olim
476 1327 563 1357 inter
578 1327 610 1356 te
620 1335 657 1356 ac
668 1326 861 1356 &Valterum
873 1324 913 1355 de
928 1323 1126 1359 Harlebeea,
1143 1332 1194 1353 ca—

181 1382 339 1412 nonicum
368 1380 629 1410 Harlebecensis
655 1379 805 1412 ecclesie,
836 1386 938 1416 super
965 1377 1108 1416 quadam
1122 1386 1193 1415 pre-

181 1433 289 1464 benda
307 1434 416 1472 ipsius
440 1433 580 1463 ecclesie
597 1434 676 1462 tunc.
697 1431 744 1461 ibi
763 1434 911 1466 vacante,
930 1439 1029 1469 quam
1052 1432 1193 1468 uterque

180 1488 331 1517 vestrum
357 1487 397 1516 ad
421 1495 456 1517 se
485 1487 636 1525 spectare
660 1484 802 1520 dicebat,
827 1486 900 1513 orta
915 1484 1035 1513 fuisset
1053 1483 1195 1513 materia

182 1540 382 1578 questionis,
400 1549 461 1569 nos
483 1539 618 1569 tandem
637 1538 671 1568 in
689 1546 789 1567 causa
806 1537 998 1574 hujusmodi
1017 1537 1058 1565 ad
1079 1536 1193 1566 sedem

182 1593 401 1631 apostolicam
430 1593 580 1631 legitime
606 1591 774 1625 devoluta,
797 1590 957 1620 dilectum
980 1589 1088 1619 filium
1118 1598 1193 1619 nos-

181 1647 270 1676 trum
288 1647 333 1682 J„
351 1648 464 1676 sancte
478 1645 583 1676 Marie
600 1645 633 1674 in
650 1644 831 1675 Cosmedin
850 1643 1028 1673 diaconum
1046 1643 1194 1673 cardina-

181 1699 259 1735 lem,
274 1699 429 1729 dedimus
444 1697 597 1737 partibus
615 1697 814 1727 auditorem.
832 1697 909 1732 Qui,
921 1697 1064 1735 cognitis
1083 1696 1192 1735 ipsius

182 1761 280 1782 cause
297 1752 428 1783 meritis
445 1753 476 1782 et
495 1752 583 1791 juris
600 1751 715 1781 ordine
734 1750 923 1786 observato,
942 1750 1098 1788 quamvis
1114 1758 1193 1779 eun-

183 1806 257 1835 dem
283 1806 340 1835 W.
372 1805 620 1835 sententialiter
646 1813 664 1834 a
684 1806 740 1834 tua
764 1803 975 1842 impetitione
999 1802 1191 1837 absolvens,

182 1858 243 1889 tibi
262 1867 362 1897 super
385 1858 473 1888 dicta
490 1857 659 1896 prebenda
678 1858 878 1895 perpetuum
897 1856 1069 1886 silentium
1093 1856 1192 1886 duxe-

184 1912 227 1942 rit
246 1911 497 1949 imponendum,
522 1910 601 1949 quia
620 1912 729 1940 tamen
747 1912 782 1940 ut
808 1909 868 1939 tibi
890 1918 991 1947 super
1005 1909 1064 1939 hoc
1086 1909 1193 1947 gratia

183 1965 289 2001 fieret,
310 1966 367 1994 tua
394 1964 513 1994 merita
532 1963 722 2002 exigebant,
743 1962 911 1992 ordinavit
928 1964 1026 2000 atque
1044 1963 1193 2001 precepit

183 2018 223 2048 de
238 2017 377 2055 speciali
396 2017 553 2047 mandato
570 2018 685 2046 nostro
701 2016 787 2046 facto
807 2015 872 2045 sibi
891 2015 1025 2045 oraculo
1045 2015 1118 2045 vive
1138 2024 1191 2045 vo-

181 2071 242 2103 cis,
278 2070 365 2108 quod
405 2070 619 2100 medietatem
656 2069 806 2099 omnium
828 2070 1052 2107 proventuum
1083 2069 1192 2107 ipsius

180 2122 360 2162 prebende,
373 2123 553 2153 cotidianis
570 2121 869 2152 distrilmtionibus
881 2122 1055 2151 dumtaxat
1073 2130 1191 2160 excep-

179 2176 236 2212 tis,
256 2175 548 2214 habeasidemque
569 2175 625 2205 W.
644 2175 753 2214 ipsam
770 2174 831 2205 tibi
848 2176 1001 2205 teneatur
1018 2177 1190 2213 assignare

179 2229 310 2265 tandiu,
330 2229 433 2259 donee
454 2230 487 2258 in
502 2229 618 2258 eadem
638 2228 781 2258 ecelesia
798 2227 1001 2266 prebendam
1019 2227 1080 2258 tibi
1102 2228 1192 2258 debi-

179 2283 260 2317 tam,
278 2282 438 2321 juxtatue
460 2282 664 2320 receptionis
676 2282 841 2315 ordinem,
857 2281 993 2320 pacifice
1015 2281 1120 2311 fueris
1137 2290 1191 2311 as-

181 2337 328 2372 secutus,
357 2337 457 2374 prout
483 2336 516 2365 in
541 2336 766 2366 instrumento
788 2334 922 2374 publico
940 2335 1016 2365 inde
1041 2335 1191 2366 confecto

180 2390 212 2420 et
229 2390 338 2428 ipsius
354 2389 536 2419 cardinalis
555 2389 668 2429 sigillo
687 2390 830 2424 munito,
842 2388 977 2427 plenius
987 2389 1188 2420 continetur.

179 2442 251 2473 Nos
278 2443 402 2481 itaque,
424 2442 492 2473 tuis
522 2442 828 2481 supplicationilms
858 2441 1023 2477 inclinati,
1045 2442 1134 2481 quod
1151 2442 1191 2472 ab

181 2495 297 2526 eodem
310 2495 471 2525 cardinali
492 2504 594 2534 super
610 2495 676 2525 hiis
692 2494 816 2525 factum
827 2496 888 2531 est,
905 2496 1013 2525 ratum
1030 2494 1191 2525 habentes

181 2549 213 2578 et
244 2549 387 2586 gratum,
413 2548 497 2578 illud
527 2548 726 2578 auctoritate
743 2548 928 2587 apostolica
951 2547 1191 2578 confirmamus

182 2602 243 2632 etc.
260 2609 367 2640 usque
379 2602 639 2637 communimus,
656 2602 806 2632 tenorem
821 2601 1190 2640 instrumentipredicti

181 2653 221 2684 de
240 2653 343 2684 verbo
359 2654 400 2684 ad
423 2653 562 2685 verbum
587 2654 802 2693 presentibus
818 2654 921 2685 inseri
942 2654 1114 2691 iacientes,
1133 2655 1190 2693 qui

180 2706 261 2737 talis
274 2709 325 2737 est¹
341 2718 346 2736 :

223 2769 239 2789 «
264 2759 404 2796 Jacobus,
420 2761 614 2790 miseratione
630 2760 734 2790 divina
751 2766 853 2790 sancte
870 2760 968 2790 ,llarie
982 2761 1012 2790 1'n
1032 2760 1190 2791 Cosmedin

182 2811 326 2842 diaconus
350 2813 527 2849 cardinalis,
546 2813 586 2843 ad
597 2818 777 2854 perpetuam
795 2814 840 2843 rei
862 2813 1048 2843 memoriam.
1066 2814 1102 2844 In
1123 2816 1188 2844 sta-

181 2865 253 2895 tera
265 2865 353 2904 juris
368 2866 525 2901 —.Sane‚
536 2875 610 2896 cum
626 2866 713 2897 inter
731 2867 929 2906 magistrum
945 2867 1131 2897 Johannein
1150 2867 1189 2897 de

182 2916 343 2948 Curtraco
360 2919 389 2949 et
407 2919 598 2949 Waltcrum
610 2919 648 2949 de
666 2919 862 2955 Harlelmca,
878 2919 1056 2950 canonicos
1071 2919 1189 2950 Harle-
1219 2910 1221 2924 ³

930 237 1175 269 REGISTRES
1205 235 1421 267 D'URBAIN
1454 235 1512 266 IV.

1251 319 1424 355 becenseS,
1451 319 1677 350 Tornacensis
1699 318 1859 353 diocesis,
1878 326 1980 357 super
1999 318 2169 357 prebenda
2200 326 2264 357 que

1252 373 1315 403 fuit
1333 372 1501 412 quondam
1518 372 1664 402 &Valteri
1684 372 1723 402 de
1740 371 1912 407 Gandavo‚
1929 371 2037 410 ipsius
2051 371 2192 402 ecclesie
2211 380 2264 401 ca-

1251 426 1375 460 nonici,
1391 434 1491 464 quam
1510 425 1597 455 idem
1615 425 1776 464 magister
1791 425 1822 455 J.
1844 423 1909 454 sihi
1938 423 2052 454 deberi
2070 426 2101 454 et
2120 424 2264 455 eundem

1250 479 1444 509 Walterum
1479 486 1661 516 occupasse
1678 477 1820 512 dicebat,
1839 477 1972 516 questio
1991 477 2129 507 suborta
2144 477 2266 507 suisset

1251 533 1283 562 et
1299 540 1358 570 per
1374 531 1635 570 appellationem
1655 531 1765 569 ipsius
1782 530 1935 569 magistri
1953 530 1993 559 ad
2012 538 2153 560 examen
2171 538 2267 568 apos-

1250 584 1390 614 tolicum
1418 586 1508 614 esset
1532 584 1682 622 legitime
1711 583 1879 618 devoluta,
1915 582 2154 613 sanctissimus
2171 585 2266 621 pater

1251 637 1410 667 dominus
1437 637 1595 667 Urbanus
1623 645 1709 675 papa
1735 637 1800 667 1111
1827 645 1888 666 nos
1919 636 2085 666 concessit
2108 635 2142 665 in
2165 643 2268 665 causa

1251 689 1446 728 hujusmodi
1465 689 1619 727 partibus
1638 690 1838 719 auditorem.
1856 689 1977 728 Sicque
1996 689 2126 727 prefato
2144 688 2267 727 magis-

1251 745 1302 773 tro
1319 743 1470 773 Johanne
1497 751 1557 781 pro
1586 750 1622 772 se
1640 743 1727 781 ipso,
1749 744 1781 772 et
1802 742 1956 777 Onufrio‚
1984 743 2201 780 procuratore
2220 741 2267 780 ip-

1252 796 1325 825 sius
1340 795 1499 830 walteri,
1517 804 1577 834 pro
1596 795 1670 833 ipso
1689 795 1845 825 XValtero
1863 797 2000 834 propter
2015 794 2075 825 hoc
2094 795 2128 825 in
2151 796 2267 825 nostra

1251 849 1422 887 presentia
1438 848 1645 881 constitutis,
1661 848 1771 878 dictus
1785 848 1948 887 magister
1964 848 2134 878 Johannes
2149 856 2210 886 pro
2230 855 2266 878 se

1252 903 1368 932 contra
1397 901 1524 931 dictum
1554 901 1748 931 W'alterum
1776 900 1931 931 libellum
1965 900 2085 931 obtulit
2113 900 2176 931 sub
2207 900 2267 930 hac

1253 955 1361 985 forma
1382 965 1386 984 :

1293 1019 1308 1035 «
1335 1008 1457 1038 Coram
1479 1007 1588 1042 vobis,
1606 1007 1796 1037 venerando
1812 1009 1918 1046 patre,
1937 1007 2073 1037 domino
2089 1007 2133 1041 J.,
2152 1008 2267 1037 sancte

1252 1060 1391 1091 »Marte
1420 1061 1453 1090 in
1480 1060 1661 1091 Cosmedin
1690 1060 1830 1091 diacono
1849 1060 2025 1096 cardinali,
2045 1059 2203 1099 proponit
2231 1059 2266 1089 in

1253 1113 1360 1153 »jure
1385 1114 1547 1152 magister
1564 1113 1736 1144 Johannes
1757 1114 1796 1144 de
1821 1113 1994 1149 Curtraco,
2018 1113 2199 1143 canonicus
2216 1121 2265 1143 ec-

1253 1175 1270 1196 »
1291 1167 1392 1197 clesie
1426 1166 1697 1201 Harlebecensis‚
1717 1167 1942 1197 Tornacensis
1963 1166 2121 1200 diocesis,
2150 1167 2267 1196 contra

1254 1229 1271 1249 »
1289 1220 1483 1250 XValterum
1508 1220 1547 1250 de
1568 1220 1702 1259 Brugis‚
1720 1220 1790 1250 sive
1818 1219 1858 1250 de
1886 1219 2085 1255 Harlebeca,
2104 1220 2136 1249 et
2151 1221 2268 1249 contra

1254 1282 1272 1302 »
1290 1275 1542 1312 procuratorem
1559 1273 1632 1310 ejus
1648 1273 1850 1312 legitimum,
1870 1273 1957 1311 quod
1977 1281 2052 1302 cum
2070 1272 2180 1302 dictus
2199 1280 2267 1302 ma-

1255 1335 1272 1355 »
1289 1327 1393 1365 gister
1429 1326 1600 1356 <lohannes
1644 1326 1842 1356 auctoritate
1883 1326 2069 1364 apostolica
2112 1326 2267 1364 receptus

1256 1388 1273 1408 »
1290 1380 1410 1409 fuisset
1435 1380 1467 1409 in
1492 1379 1689 1409 canonicum
1710 1381 1741 1409 et
1764 1379 1796 1408 in
1810 1379 1948 1408 fratrem
1969 1378 2106 1408 indicta
2123 1377 2267 1408 ecclesia

1255 1441 1273 1462 »
1291 1432 1586 1466 Harlebecensi‚et
1602 1432 1742 1470 quedam
1761 1431 1931 1470 prebenda
1948 1433 2158 1470 permortem
2175 1430 2272 1461 Wal-

1256 1486 1350 1516 »teri
1365 1486 1403 1515 de
1418 1486 1589 1516 Gandavo.
1605 1485 1685 1515 olim
1702 1485 1810 1523 ipsius
1828 1485 1969 1515 ecclesie
1990 1484 2153 1519 canonici,
2167 1484 2199 1514 in
2219 1492 2271 1514 ea-

1255 1547 1272 1567 »
1295 1539 1370 1569 dem
1400 1530 1543 1569 ecclesia
1561 1540 1726 1570 vacasset,
1757 1547 1820 1577 que
1844 1538 1882 1568 ad
1909 1538 2035 1568 dietum
2066 1538 2268 1577 magistrum

1255 1600 1272 1620 »
1285 1592 1473 1622 Johannem
1497 1592 1537 1622 de
1555 1592 1630 1630 jure
1643 1592 1787 1630 pertinet
1806 1594 1836 1621 et
1854 1593 1994 1630 spectat,
2011 1591 2122 1621 dictus
2141 1591 2271 1621 XYalte—

1254 1654 1271 1674 »
1286 1653 1355 1681 rus,
1372 1645 1405 1675 in
1422 1645 1571 1683 ejusdem
1584 1645 1738 1683 magistri
1753 1644 1987 1683 prejudicium.r
2001 1643 2203 1683 prebendam
2214 1643 2273 1673 hu·

1254 1698 1434 1737 »jusmodi
1452 1699 1492 1728 de
1504 1699 1590 1729 facto
1607 1698 1753 1728 conferri
1767 1698 1943 1733 sibi‚sicut
1960 1698 2095 1731 dicitur,
2114 1705 2272 1736 procura-

1254 1760 1271 1780 »
1288 1752 1347 1788 vit,
1376 1761 1518 1790 eamque
1543 1752 1717 1790 occupavit
1747 1760 1806 1781 seu
1835 1751 1974 1790 accepit.
1991 1753 2022 1781 et
2041 1760 2114 1781 eam
2139 1751 2268 1781 detinet

1255 1814 1271 1834 »
1288 1806 1497 1843 occupatam,
1513 1807 1650 1844 propter
1667 1805 1756 1843 quod
1773 1813 1814 1834 ex
1830 1807 1924 1843 parte
1943 1804 2094 1841 ejusdem
2114 1803 2270 1843 magistri

1255 1867 1271 1887 »
1286 1858 1454 1889 Johannes
1479 1859 1541 1888 fuit
1562 1859 1596 1888 in
1614 1858 1752 1896 scriptis
1770 1858 1810 1887 ad
1835 1858 1947 1887 sedem
1967 1857 2187 1896 apostolicam
2212 1866 2267 1896 ap-

1254 1920 1271 1940 »
1290 1911 1465 1950 pellatum.
1494 1912 1603 1947 Quare
1631 1911 1713 1949 petit
1739 1911 1986 1941 sententialiter
2005 1910 2167 1940 declarari
2197 1918 2270 1949 pre-

1254 1973 1270 1993 »
1289 1964 1431 1994 bendam
1452 1964 1645 2001 hujusmodi
1664 1973 1738 1994 eum
1758 1964 1830 1993 suis
1850 1964 2064 2002 pertinentiis
2082 1963 2122 1993 ad
2138 1963 2265 1993 dictum

1254 2026 1270 2046 >)
1287 2018 1486 2055 magistrum
1515 2017 1697 2047 Johannem
1720 2017 1760 2047 de.
1785 2017 1860 2055 jure
1878 2019 2028 2055 spectare
2047 2019 2077 2046 et
2097 2017 2266 2055 pertinere

1253 2079 1270 2099 »
1286 2072 1318 2101 et
1335 2080 1420 2105 cain,
1445 2080 1518 2100 cum
1548 2070 1764 2109 pertinentiis
1782 2070 1865 2105 suis,
1886 2070 2105 2108 proventibus
2124 2073 2154 2099 et
2173 2069 2266 2100 omni

1253 2132 1270 2153 »
1289 2132 1389 2153 causa
1417 2123 1482 2153 sibi
1509 2123 1707 2161 adjudicari.
1729 2126 1759 2154 et
1779 2123 2025 2162 appellationes
2048 2132 2128 2153 suas
2153 2123 2267 2161 justas

1252 2186 1269 2206 »
1285 2177 1430 2210 decerni,
1462 2179 1493 2207 et
1525 2185 1626 2215 super
1655 2177 1773 2206 eadem
1790 2179 1821 2206 et
1849 2176 1921 2214 ejus
1944 2176 2161 2214 pertinentiis
2177 2176 2267 2206 dicto

1254 2240 1268 2259 »
1289 2230 1443 2260 XValtero
1463 2232 1663 2269 perpetuum
1684 2229 1858 2259 silentium
1880 2229 2111 2267 iinponi.c11m
2133 2229 2266 2259 nullum

1253 2293 1268 2312 »
1284 2283 1340 2322 j11s
1366 2283 1485 2314 habeat
1498 2283 1531 2313 in
1549 2283 1678 2318 eadem,
1697 2284 1729 2313 et
1747 2291 1807 2321 per
1824 2282 2026 2312 sententiam
2048 2282 2182 2313 decerni
2199 2282 2266 2312 dic-

1254 2346 1268 2366 »
1287 2338 1358 2367 tum
1388 2336 1588 2375 magistrum
1613 2336 1798 2366 Johannem
1813 2335 1935 2366 debere
1956 2336 2100 2374 gaudere
2125 2336 2266 2374 pacifica

1253 2400 1268 2419 »
1290 2390 1506 2429 possessione
1544 2389 1713 2428 prebende
1741 2388 1890 2428 predicte
1919 2390 1949 2418 et
1983 2389 2266 2427 pertinentiarum

1254 2454 1269 2473 υ
1285 2443 1448 2481 ejlisdem,
1463 2445 1494 2473 et
1508 2445 1541 2472 in
1558 2442 1667 2482 ipsius
1683 2441 1935 2481 possessionem
1954 2441 2066 2471 induci
2082 2443 2113 2472 et
2128 2440 2266 2472 defendi

1254 2509 1268 2524 »
1287 2497 1473 2526 inductum.
1492 2496 1576 2526 Item
1594 2495 1676 2534 petit
1696 2503 1864 2534 expensas
1880 2494 1948 2533 jam
1964 2494 2069 2524 factas
2085 2497 2115 2525 et
2135 2496 2264 2533 protes-

1253 2559 1269 2579 »
1284 2551 1339 2580 tur
1357 2549 1397 2579 de
1413 2548 1589 2585 faciendis,
1604 2557 1688 2587 quas
1708 2557 1769 2578 suo
1789 2552 1939 2587 tempore
1956 2547 2151 2584 declarabit,
2170 2547 2265 2578 salvo

1254 2602 1357 2642 »jure
1374 2603 1435 2632 etc.
1456 2612 1471 2631 »

1291 2665 1308 2685 «
1324 2655 1431 2694 Super
1445 2664 1510 2693 quo
1536 2654 1652 2685 libello
1670 2654 1728 2685 lite
1755 2654 1905 2693 legitime
1923 2656 2109 2684 contestata
2131 2655 2162 2684 et
2175 2654 2265 2693 Jura—

1251 2710 1364 2738 mento
1381 2708 1421 2738 de
1449 2708 1590 2738 veritate
1616 2707 1757 2737 dicenda
1776 2716 1794 2737 a
1813 2706 1967 2746 partibus
1986 2707 2062 2737 hinc
2080 2706 2156 2737 inde
2172 2715 2266 2745 pres·

1250 2761 1324 2797 tito,
1352 2760 1450 2791 sactis
1464 2759 1693 2799 positionibus
1718 2761 1749 2790 et
1766 2760 2048 2798 responsionibus
2072 2759 2264 2790 subsecutis

1251 2815 1291 2844 ad
1308 2823 1376 2850 eas,
1394 2814 1483 2852 datis
1508 2814 1610 2844 etiam
1635 2813 1788 2844 articulis
1808 2813 1883 2843 hinc
1905 2813 1980 2843 inde
1999 2822 2036 2843 ac
2056 2813 2191 2842 demum
2208 2812 2263 2843 lit-

1249 2867 1344 2903 teris,
1371 2867 1560 2897 rationibus
1576 2875 1612 2897 ac
1629 2866 1887 2906 probationibus
1903 2868 1934 2896 et
1952 2865 2172 2896 munimentis
2190 2865 2261 2904 qui·

1250 2920 1313 2950 bus
1332 2922 1445 2959 partes
1462 2920 1496 2950 in
1511 2919 1638 2959 judicio
1650 2920 1698 2950 uti
1715 2919 1884 2954 volebant,
1903 2918 2064 2949 exhibitis
2076 2927 2186 2949 coram
2206 2927 2261 2948 no-
