2519 3262
1018 207 1257 246 TRotsn'sME
1284 207 1447 245 ANNEE.

193 301 420 340 providerent.
439 301 559 331 Dictus
578 309 711 339 quoque
728 300 946 339 predecessor
963 299 1110 330 decrevit
1130 299 1204 329 irri-

190 356 262 385 tum
280 356 311 384 et
336 355 435 384 inane
464 354 492 383 si
507 354 588 392 quid
606 354 645 384 de
662 354 750 383 dicta
769 353 1071 392 prebenda,0011tra
1084 352 1202 391 11111115-

193 408 283 438 modi
303 407 479 446 apostolici
496 407 644 437 mandati
667 409 827 441 tenorem,
845 406 1053 444 contingeret
1065 407 1203 443 attemp-

191 461 265 491 tari.
285 461 349 492 Sed
367 461 447 499 quia
462 460 657 499 hujusmodi
678 460 789 489 littere
808 461 883 489 ante
899 459 1008 497 ipsius
1028 458 1202 497 predeces-

192 515 280 544 soris
298 513 427 544 obitum
446 522 509 544 non
527 513 661 543 fuerunt
679 513 806 542 elsdem
826 512 984 550 episcopo
1006 514 1036 541 et
1053 511 1201 549 capitulo

192 569 395 606 presentate,
407 576 479 602 nos,
491 567 531 596 ad
544 566 733 605 supplicem
745 565 941 595 instantiam
953 565 1062 602 ipsius
1073 563 1199 599 clerici,

192 629 252 659 per
280 623 413 650 nostras
430 620 561 650 litteras
578 619 678 649 dictis
696 619 853 657 episcopo
871 620 902 648 et
919 617 1066 655 capitulo
1085 625 1202 654 preces

191 674 407 712 porreximus
420 676 451 703 et
467 673 662 703 mandatum
674 675 709 702 ut
722 672 830 702 eidem
849 671 970 701 clerico
981 671 1019 700 de
1032 670 1203 708 prebenda

190 727 276 757 nulli
297 727 354 757 alii
381 727 420 756 de
443 727 518 766 jure
549 725 672 761 debita,
691 725 720 754 si
749 726 827 755 tunc
845 723 984 754 vacabat
1008 723 1042 753 in
1060 723 1202 753 ecclesia

193 781 267 819 ipsa
294 781 347 810 vel
365 779 617 819 quamprimum
637 778 677 808 ad
695 778 729 808 id
746 786 781 808 se
805 777 948 807 facultas
965 777 1109 812 offerret,
1128 785 1202 815 pro-

191 833 306 864 videre
325 834 493 867 curarent,
512 832 715 870 recipientes
734 831 845 870 ipsum
863 831 903 860 ad
921 829 1126 868 prebendam
1143 829 1201 859 hu-

187 886 351 925 jusmodi,
379 887 560 924 postquam
588 885 627 915 de
654 887 727 923 ipsa
760 885 898 914 vacante
931 883 997 913 sibi
1026 883 1201 921 provisum

191 940 365 975 existeret,
396 939 428 968 in
453 938 652 969 canonicum
675 939 708 968 et
738 937 771 967 in
802 937 953 967 fratrem.
982 937 1203 967 Decrevimus

193 993 295 1023 etiam
312 992 448 1022 irritum
472 993 503 1022 et
518 991 617 1021 inane
641 991 670 1020 si
686 999 783 1020 secus
800 991 839 1020 de
855 989 1027 1028 prebenda
1042 990 1116 1028 ipsa
1131 998 1204 1020 con-

191 1046 337 1084 tingeret
353 1044 559 1083 attemptari.
577 1045 618 1074 Et
636 1044 714 1074 licet
730 1044 819 1074 idem
837 1043 980 1073 clericus
997 1043 1105 1072 dictas
1129 1051 1203 1072 nos-

191 1099 261 1128 tras
276 1098 408 1128 litteras
427 1097 557 1128 eisdem
579 1097 736 1136 episcopo
765 1098 797 1127 et
814 1097 961 1135 capitulo
980 1096 1115 1126 duxerIt
1130 1105 1204 1134 pre-

191 1151 385 1187 sentandas,
426 1151 559 1181 nullum
600 1152 713 1180 tamen
749 1151 798 1180 est
830 1150 952 1180 exinde
990 1149 1204 1180 commodum

191 1208 380 1236 assecutus.
407 1205 518 1240 Quare
546 1204 722 1234 humiliter
749 1203 883 1242 petebat
900 1212 918 1233 a
937 1203 1035 1233 nobis
1058 1205 1105 1239 ut,
1128 1211 1204 1233 cum

190 1259 276 1297 ipse,
294 1259 468 1289 occasione
495 1258 687 1297 supradicte
708 1257 915 1295 provisionis
932 1256 997 1286 sibi
1017 1257 1056 1286 de
1075 1256 1205 1294 prefata

192 1312 336 1342 ecclesia
352 1312 459 1341 sancti
474 1311 599 1341 Felicis
613 1311 834 1349 facte‚plures
846 1310 979 1340 labores
990 1311 1021 1340 et
1036 1318 1204 1348 expensas

192 1366 381 1403 incurrenS,
400 1365 471 1404 jam
489 1365 608 1403 quarto
624 1365 761 1403 propter
778 1364 839 1394 hoc
851 1364 891 1393 ad
911 1363 1026 1393 sedem
1044 1363 1205 1401 apostoli-

193 1427 267 1449 cam
293 1418 518 1457 personaliter
542 1418 715 1452 laborarit,
746 1417 924 1456 providere
951 1425 1053 1455 super
1079 1416 1140 1446 hoc
1165 1417 1204 1446 de

191 1471 398 1511 benignitate
421 1471 607 1510 apostolica
630 1479 838 1500 curaremus.
855 1470 941 1505 Quia
959 1479 1037 1500 vero
1061 1470 1204 1508 quedam

192 1533 334 1564 persone
346 1524 566 1563 Legionensis
578 1523 730 1557 ecclesie,
743 1524 831 1562 apud
841 1523 955 1553 sedem
969 1522 1204 1562 apostolicam,

192 1579 392 1613 existentes,
414 1578 454 1607 ad
471 1577 675 1616 presentiam
690 1577 803 1606 dilecti
820 1577 879 1606 tilii
898 1576 1003 1606 nostri
1021 1576 1074 1611 O„
1097 1576 1205 1605 sancti

193 1631 335 1662 Adriani
360 1631 492 1661 diaconi
513 1630 707 1666 cardinalis,
727 1630 779 1659 cui
801 1630 882 1659 dicti
901 1629 1014 1659 clerici
1034 1629 1204 1668 negotium

194 1694 295 1723 super
326 1685 519 1723 provisione
554 1684 745 1723 hujusmodi
780 1683 1026 1719 commisimus,
1056 1684 1203 1716 evocate,

193 1738 363 1768 laudabile
393 1738 627 1768 testimonium
655 1738 813 1767 dicuntur
839 1736 1053 1774 perhibuisse
1082 1736 1203 1772 eidem,

195 1801 257 1822 nos
275 1794 412 1831 propter
433 1792 493 1821 hoc
511 1791 622 1830 ipsum
640 1791 695 1830 pia
713 1790 941 1820 benivolentia
961 1791 1206 1828 prosequentes

195 1854 232 1875 ac
258 1845 330 1883 ejus
347 1844 522 1875 laboribus
549 1846 580 1874 et
596 1844 757 1882 expensis
775 1843 874 1873 tinem
896 1843 1025 1881 imponi
1042 1843 1204 1878 volentes,

194 1899 391 1928 discretioni
420 1901 475 1928 tue
505 1898 705 1927 mandamus
730 1899 896 1935 quatenus
916 1895 1076 1925 clericum
1093 1895 1206 1934 ipsum

195 1953 228 1982 111
245 1952 406 1990 jamdicta
428 1951 570 1981 ecclesia
586 1950 786 1989 Legionensi
812 1950 925 1985 facias,
949 1958 1007 1988 per
1030 1951 1061 1979 te
1081 1948 1133 1978 vel
1148 1956 1207 1986 per

193 2005 311 2041 alium,
332 2004 531 2035 auctoritate
559 2006 675 2034 nostra
698 2004 732 2033 in
751 2002 997 2041 portionarium
1022 2004 1054 2032 et
1079 2002 1115 2032 in
1143 2001 1206 2031 fra-

192 2061 278 2089 trem
295 2058 399 2096 recipi
417 2067 454 2088 ac
469 2057 535 2087 sibi
549 2057 589 2087 de
605 2057 768 2095 portione,
783 2056 811 2086 si
829 2065 895 2094 qua
913 2055 1036 2085 ibidem
1056 2056 1151 2085 vacat
1165 2055 1207 2084 ad

194 2121 336 2151 presens
356 2112 407 2141 vel
427 2111 597 2150 quamcito
616 2118 651 2140 se
670 2110 814 2140 facultas
832 2109 1005 2145 obtulerit,
1024 2108 1206 2138 dummodo

194 2166 276 2196 velit
291 2165 419 2195 ibidem
436 2164 586 2194 residere
602 2163 826 2202 personaliter
842 2165 873 2193 et
889 2162 1081 2201 promoveri
1098 2161 1139 2191 ad
1156 2169 1205 2191 or-

195 2219 291 2249 dines
307 2227 391 2257 quos
408 2227 493 2248 onus
509 2217 704 2256 hujusmodi
717 2217 883 2255 portionis
899 2216 1017 2254 exigit,
1029 2215 1206 2254 providere

195 2281 367 2311 procures.
388 2272 463 2301 Non
479 2271 632 2301 obstante
647 2288 694 2299 —.
713 2270 984 2301 Contradictores
1008 2269 1207 2299 auctoritate

195 2327 312 2356 nostra
329 2327 389 2356 etc.
408 2333 514 2363 usque
532 2324 786 2363 compescendo.
815 2324 936 2354 Datum
954 2323 1041 2362 apud
1065 2321 1204 2352 Urbem-

197 2380 358 2414 veterem,
378 2388 413 2407 111
431 2377 508 2407 idus
527 2377 743 2416 septembris,
761 2385 847 2406 anno
862 2377 973 2406 tertio.
995 2388 1008 2403 »

285 2534 384 2565 2202

688 2531 813 2562 Orvieto,
833 2531 863 2557 17
880 2531 1038 2558 novembre
1058 2531 1135 2558 1263.

232 2617 455 2652 Archiepiscopo
467 2615 657 2651 strigoniensi
670 2616 787 2642 mandat
797 2619 825 2642 ut
841 2624 872 2641 CL
885 2615 972 2642 libras
988 2618 1042 2642 tur.
1056 2615 1090 2641 de
1107 2615 1210 2650 quibus

198 2667 235 2694 ab
248 2666 378 2694 ecclesiis
399 2669 427 2693 et
448 2665 631 2692 monasteriis
650 2665 679 2691 iu
701 2664 889 2699 Strigoniensi
919 2664 1078 2698 provincia,
1106 2664 1211 2691 Cister-

201 2715 292 2742 ciensi
302 2717 360 2742 ets.
375 2714 662 2741 Damianiordinibus
673 2714 821 2740 dumtaxat
832 2713 967 2747 exceptis,
980 2721 1068 2747 usque
1078 2714 1115 2740 ad
1123 2713 1213 2740 trien-

197 2765 290 2796 nium,
315 2764 348 2790 de
370 2763 488 2798 speciali
512 2764 650 2790 mandato
673 2762 748 2789 sedis
774 2763 963 2796 apostolicae,
988 2763 1031 2793 R„
1059 2771 1082 2788 s.
1109 2762 1212 2797 Angeli

198 2814 337 2840 diaconus
357 2812 524 2844 cardinalis,
550 2812 633 2838 annis
660 2811 792 2846 siugulis,
822 2811 966 2837 ordinavit
981 2810 1124 2845 provideri
1138 2811 1212 2845 epis-

201 2871 271 2897 copo
290 2862 434 2897 Aquinati,
456 2861 503 2896 qui
526 2861 561 2888 ab
584 2860 706 2887 ecclesia
725 2868 775 2886 sua
792 2868 842 2895 per
856 2859 989 2886 inimicos
1005 2860 1152 2886 Romanae
1170 2868 1213 2886 cc-

201 2911 306 2939 clesiae
341 2911 454 2946 fugatus
494 2909 617 2944 experiri
652 2912 771 2944 cogatur
806 2909 991 2936 incommoda
1024 2908 1212 2944 paupertatis,

2211 223 2268 252 363

1258 298 1395 332 praefatis
1421 298 1550 325 ecclesiis
1574 300 1602 324 et
1630 300 1814 326 monasteriis
1832 300 1960 334 imponat
1976 310 2007 327 ac
2027 301 2145 337 colligat
2165 310 2268 338 easque

1257 347 1404 382 praedicto
1436 347 1567 382 episcopo
1593 348 1679 374 faciut
1704 348 1857 383 assignari.
1892 349 1970 383 (Rae.
2002 353 2047 383 29,
2065 351 2114 377 sol.
2148 354 2198 378 232
2229 357 2268 383 v⁰‚

1257 403 1286 421 [1ο
1302 395 1390 427 12513
1409 395 1569 427 ΡΟΤΤΗΑε-Γ,
1587 395 1696 430 18711.)

1298 508 1312 527 t(
1333 522 1339 528 .
1358 523 1362 527 .
1381 499 1605 539 archiepiscopo
1633 500 1849 538 Slrissonieasi.
1874 501 1957 532 Cum
1985 511 2045 532 nos
2072 503 2194 533 dilecto
2218 523 2266 533 —.

1257 551 1381 581 Datum
1405 553 1491 590 apud
1511 552 1799 587 Urbemveterem,
1818 564 1862 584 xv
1880 555 2042 585 kalendas
2065 556 2266 592 decembris,

1258 613 1344 635 anno
1368 605 1480 635 tertio.
1504 616 1518 633 ›>

1350 783 1446 814 2203
1746 783 1870 813 Orvieto,
1888 785 1922 811 23
1941 785 2097 811 novembre
2120 785 2197 812 1263.

1295 865 1415 900 liugom,
1431 866 1632 893 archidiacono
1648 867 1883 899 Cathalauncnsi,
1898 868 2057 902 prioratum
2073 870 2106 895 dc
2123 868 2270 903 Ginocurt,

1259 917 1438 948 spectantem
1456 917 1491 942 ad
1505 916 1714 942 monasterinm
1731 917 1937 949 Resbasccnse,
1953 918 2061 944 ordinis
2074 927 2098 944 s.
2114 918 2270 950 Benedicti,

1259 963 1412 990 Meldensis
1429 963 1561 998 diocesis,
1577 965 1696 991 confert.
1715 965 1793 999 (Rae.
1811 966 1855 997 29,
1872 965 1919 992 sol.
1938 967 2001 998 233,
2017 972 2046 992 11ο
2066 967 2157 996 1252.)

1300 1079 1314 1098 t<
1333 1069 1472 1109 Huyom',
1494 1069 1710 1100 archidiacono
1733 1069 1986 1100 Catlmlaunensi.
2009 1071 2046 1101 In
2064 1071 2190 1101 credita
2213 1080 2273 1102 no-

1258 1122 1312 1153 bis
1336 1141 1383 1153 —.
1409 1126 1493 1153 (ilum
1521 1124 1635 1162 igitur,
1661 1124 1748 1154 sicut
1773 1124 2017 1158 intelleximus,
2038 1125 2208 1163 prioratus
2233 1125 2273 1155 de

1259 1177 1433 1211 Ginocurt,
1455 1179 1610 1216 spectans
1634 1178 1675 1207 ad
1694 1178 1937 1208 monasterium
1956 1177 2201 1214 Resbascense,
2222 1187 2272 1208 or-

1260 1229 1350 1259 dinis
1384 1231 1490 1260 sanoti
1518 1231 1703 1266 Benedicti,
1725 1231 1910 1261 Melitensis
1931 1231 2089 1267 diocesis,
2113 1231 2146 1260 in
2169 1231 2274 1261 archi-

1261 1283 1440 1313 diaconatu
1466 1285 1524 1314 tuo
1559 1283 1824 1314 Cathalaunensi
1849 1285 2051 1318 consistens,
2082 1286 2138 1314 tue
2169 1284 2273 1314 admi-

1260 1337 1475 1367 nistrationis
1510 1337 1714 1367 industriam
1752 1346 1810 1376 per
1843 1338 2048 1376 exigentiam
2078 1337 2273 1376 hujusmodi

1262 1391 1595 1421 circumstantiarum
1619 1393 1780 1429 exposcat
1804 1393 1836 1421 et
1865 1392 2089 1430 copiosiorem
2114 1392 2274 1421 adminis-

1260 1444 1419 1475 tration1s
1439 1446 1495 1475 tue
1523 1444 1667 1474 fructum
1696 1445 1742 1474 ibi
1770 1445 1834 1475 loci
1859 1444 2020 1475 habilitas
2046 1445 2271 1483 repromittat,

1261 1506 1335 1533 HOS‚
1355 1499 1492 1536 propter
1510 1497 1571 1527 hoc
1600 1499 1631 1528 et
1653 1498 1811 1536 precipue
1838 1498 1917 1536 quia
1940 1500 2032 1528 tuam
2060 1498 2269 1528 intendimus

1261 1551 1426 1581 honorare
1461 1560 1652 1589 personam,
1677 1560 1751 1581 cum
1776 1551 1916 1581 scientie
1943 1551 2081 1587 donum,
2110 1551 2272 1581 nobilitas

1261 1605 1396 1643 generis
1425 1607 1456 1634 et
1482 1605 1548 1634 alia
1576 1604 1756 1643 probitatis
1786 1606 1840 1635 tue
1876 1605 1995 1634 merita
2020 1605 2053 1634 id
2076 1606 2270 1644 exposcant,

1262 1658 1450 1696 prioratum
1468 1658 1593 1696 ipsum,
1610 1667 1685 1687 cum
1701 1657 1859 1688 omnibus
1875 1658 2091 1696 pertinentiis
2105 1659 2191 1693 suis,
2210 1658 2273 1688 tibi

1262 1711 1471 1750 presentium
1490 1711 1689 1741 auctoritate
1707 1711 1914 1741 conferimus
1934 1713 1964 1741 et
1986 1711 2048 1741 tibi
2062 1711 2100 1741 de
2118 1711 2176 1740 illo
2193 1721 2210 1740 a
2228 1714 2271 1748 te,

1263 1764 1425 1803 quamdiu
1443 1764 1581 1799 vixeris,
1606 1764 1672 1793 nisi
1692 1756 1905 1794 collationem
1924 1764 2118 1802 hujusmodi
2136 1773 2195 1803 per
2212 1773 2273 1794 nos

1262 1817 1413 1848 revocari
1439 1818 1626 1856 contigerit,
1646 1818 1834 1853 retinendo,
1850 1818 1889 1847 de
1909 1817 2049 1856 speciali
2073 1818 2180 1856 gratia
2198 1826 2274 1856 pro-

1262 1871 1429 1901 videmus,
1454 1872 1529 1901 Non
1549 1871 1703 1901 obstante
1720 1889 1770 1901 —.
1794 1871 1961 1901 Volumus
1984 1873 2097 1901 tamen
2116 1871 2206 1909 quod
2227 1872 2275 1900 tot

1262 1924 1445 1955 monachos
1479 1925 1511 1954 in
1544 1925 1693 1963 prioratu
1721 1925 1868 1955 retineas
1896 1924 2100 1963 supradicto,
2128 1925 2208 1962 quot
2234 1924 2274 1954 ad

1263 1986 1404 2017 presens
1422 1977 1505 2007 inibi
1528 1980 1794 2013 commorantur:
1813 1980 1843 2007 et
1862 1978 1890 2007 si
1908 1986 1994 2007 unus
2018 1978 2181 2007 duntaxat
2206 1986 2272 2007 1110-

1263 2033 1358 2061 ratur
1380 2031 1505 2061 ibidem
1524 2032 1562 2061 ad
1582 2040 1733 2070 presens,
1757 2032 1842 2062 duos
1869 2032 1909 2061 ad
1929 2032 2054 2066 minus,
2071 2032 2168 2070 juxta
2181 2032 2273 2061 Late-

1263 2085 1419 2115 ranensis
1447 2087 1571 2115 statuta
1605 2085 1752 2120 concilii,
1778 2085 1925 2115 retineas
1952 2084 1984 2114 in
2017 2084 2145 2114 eodem.
2179 2083 2275 2114 Nulli

1264 2147 1342 2177 ergo
1355 2140 1468 2168 nostre
1486 2138 1678 2168 collationis
1697 2141 1727 2168 et
1748 2138 1955 2176 provisionis
1973 2138 2170 2167 etc.Datum
2188 2136 2276 2175 apud

1264 2191 1553 2227 Urbemveterem,
1581 2201 1652 2221 vnn
1677 2191 1838 2222 kalendas
1870 2191 2071 2226 decembris,
2098 2200 2184 2221 anno
2213 2192 2272 2220 ter-

1264 2246 1323 2276 tio.
1341 2254 1358 2275 )>

1355 2419 1453 2450 2204

1755 2418 1879 2450 Orvieto,
1897 2418 1931 2444 24
1951 2418 2106 2444 novembre
2126 2418 2205 2445 1203.

1302 2503 1446 2529 Decanum
1464 2502 1658 2529 l’arisienscm
1679 2505 1705 2529 ct
1726 2503 1961 2529 archidiaconum
1983 2502 2012 2529 in
2033 2503 2154 2530 ecclesia
2172 2503 2277 2530 Catha-

1266 2551 1398 2578 launeusi
1424 2551 1588 2586 praedictae
1611 2551 1772 2578 collationis
1791 2553 1909 2586 deputat
1933 2554 2111 2579 executores.
2129 2553 2208 2587 (RE-2.
2234 2552 2280 2586 29,

1267 2600 1316 2627 sol.
1334 2600 1397 2633 233,
1416 2605 1448 2626 n⁰
1470 2601 1537 2628 1253
1554 2601 1561 2635 )

1308 2714 1324 2735 ((
1339 2705 1463 2734 Decano
1477 2704 1643 2733 parisiensi
1657 2709 1683 2733 et
1698 2727 1704 2732 .
1719 2727 1724 2733 .
1740 2704 1956 2733 archidiacono
1975 2705 2005 2734 in
2022 2704 2145 2734 ecclesia
2164 2704 2278 2734 Catha-

1270 2758 1420 2787 [aunensi.
1440 2758 1478 2787 In
1509 2758 1634 2787 credita
1654 2757 1749 2787 nobis
1765 2775 1814 2786 —.
1835 2758 1960 2788 Datum
1987 2758 2075 2797 apud
2101 2758 2282 2788 [rbemve-

1270 2813 1389 2848 terem,
1410 2820 1466 2841 v111
1484 2811 1646 2841 kalendas
1664 2810 1864 2845 decembris,
1880 2820 1965 2841 anno
1981 2812 2094 2842 tertio.
2114 2821 2128 2841 »
