2519 3262
242 220 301 249 244

242 311 302 342 per
324 302 484 333 dilectum
506 302 613 332 filium
639 301 841 338 magistrum
866 300 1019 334 Petrum,
1045 299 1250 330 archidiaco-

242 365 322 386 num
348 355 560 386 Brnliensem
593 355 626 384 in
655 353 797 383 ecclesia
818 353 1024 392 Agennensi‚
1055 353 1184 383 socium
1201 352 1248 382 di-

242 409 319 440 lecti
339 408 400 438 filii
418 407 571 447 magistri
589 406 775 442 Michaelis,
797 407 1012 436 sacrosancte
1030 406 1180 436 Romane
1199 414 1249 435 ec-

242 462 343 492 clesie
371 460 649 494 vicecancellarii,
676 459 862 489 examinari
901 459 1042 489 fecimus
1069 459 1249 497 diligenter

242 515 366 554 quique
391 514 546 544 inventus
564 515 625 546 est,
654 514 690 542 ut
718 512 852 548 dicitur,
878 512 911 542 in
940 512 1132 542 litteratura
1157 511 1247 540 suffi-

241 568 367 598 cienter
390 567 554 605 ydoneus,
586 566 619 595 in
644 565 787 595 ecclesia
817 573 843 594 s.
871 565 973 596 Cirici
1001 565 1040 595 de
1057 565 1246 598 Exoldrmo,

241 620 465 651 Bituricensis
482 620 636 655 diocesis,
657 618 856 649 auctoritate
869 620 984 648 nostra
1004 618 1107 656 recipi
1130 617 1245 653 facias,

240 675 341 712 perte
358 673 409 703 vel
429 681 487 711 per
505 672 621 709 alium,
641 672 672 701 in
691 671 887 701 canonicum
906 672 937 701 et
956 671 989 700 in
1012 671 1150 701 fratrem
1169 669 1247 699 sibi-

239 735 303 766 que
330 726 369 756 de
390 725 571 765 prebenda,
605 725 633 755 si
660 733 725 764 qua
746 725 779 754 in
798 724 914 755 eadem
933 724 1075 754 ecclesia
1093 725 1188 754 vacat
1206 724 1247 753 ad

238 787 378 818 presens
396 779 449 809 vel
466 779 635 818 quamcito
653 778 693 808 ad
715 778 747 808 id
768 786 803 808 se
816 778 960 808 facultas
978 777 1151 813 obtulerit,
1171 786 1246 816 pro-

238 832 351 862 videre
386 840 557 870 procures.
596 832 671 862 Non
707 831 861 861 obstante
890 849 937 861 —.
971 830 1246 861 Contradictores

238 887 300 915 etc.
314 893 420 923 usque
435 884 687 923 compescendo.
707 884 831 915 Datum
847 884 935 922 apud
952 883 1244 919 Urfflemveterem,

238 937 393 968 kalendis
416 938 507 972 maii,
526 946 612 968 anno
628 938 738 968 tertio.
761 948 774 967 η

327 1096 422 1127 1625
845 1094 968 1126 Orvieto,
986 1096 1000 1121 7
1015 1094 1074 1121 mai
1093 1095 1170 1122 1264.

270 1178 491 1213 Arcliiepiscopo
519 1178 655 1213 lspalensi
684 1179 815 1206 concedit
847 1178 1015 1206 facultatem
1048 1178 1077 1205 in
1104 1178 1243 1213 lspalensi

235 1227 354 1254 ecclesia
372 1228 442 1254 duas
461 1235 608 1262 personas,
626 1236 691 1255 cum
711 1236 853 1255 consensu
866 1227 984 1263 majoris
1004 1227 1094 1262 partis
1111 1228 1242 1262 capituli.

235 1276 262 1302 in
277 1276 428 1304 canonicos
442 1277 529 1311 recipi
544 1276 676 1304 faciendi.
692 1277 773 1312 (nm.
793 1278 838 1311 229,
854 1276 902 1304 fol.
920 1277 968 1304 160
984 1281 1024 1308 νῦ,
1040 1281 1070 1303 n⁰
1083 1277 1158 1311 075.)

274 1384 289 1400 ι(
315 1372 554 1412 Arclziepiscopo
573 1371 735 1411 lspalensi.
756 1372 799 1402 Ut
816 1373 892 1401 tuas
911 1371 1093 1410 petitiones
1112 1387 1158 1403 —.
1177 1371 1243 1401 Da-

235 1427 303 1455 tum
320 1426 407 1464 apud
422 1425 710 1458 Urbemveterem.
729 1425 828 1455 nonis
844 1425 938 1460 maii,
956 1432 1042 1455 anno
1055 1424 1167 1454 tertio.
1186 1432 1203 1453 »

325 1580 420 1611 162ss
810 1577 935 1609 ‹im-iero,
951 1580 967 1605 3
979 1578 1076 1614 juillet
1094 1579 1171 1606 1264.

269 1664 369 1691 Abbati
394 1663 563 1690 monasterii
586 1664 620 1689 dc
646 1663 822 1695 Cancellata,
844 1663 1087 1698 l‘ctragorieensis
1106 1663 1240 1694 diocesis,

233 1714 348 1740 mandat
376 1716 405 1740 ut
431 1712 583 1739 Guillelrno
606 1712 693 1738 Petri.
723 1712 860 1739 canonico
878 1712 1016 1739 ccclesiae
1037 1721 1060 1739 s.
1088 1713 1241 1740 Frontonis

234 1762 477 1797 l'etragoricensis
492 1761 618 1795 aliquam
637 1770 666 1787 cx
684 1761 902 1788 obedientiariis
918 1762 1008 1796 ipsius
1022 1761 1160 1789 ecclcsiae
1172 1762 1241 1789 assi-

232 1812 313 1845 gnari
330 1811 425 1838 faciat.
446 1811 524 1845 (Ilm.
541 1812 585 1842 29,
603 1810 650 1837 t‘ol.
673 1811 730 1841 ltjt,
751 1816 779 1836 n⁰
796 1812 871 1844 (570.)

272 1920 285 1938 <‹
306 1908 420 1938 Abbati
435 1906 610 1936 monasterii
627 1906 662 1935 (Ie
683 1905 873 1940 Cancellata,
895 1905 1153 1944 Peli-agyoricensis
1172 1906 1240 1935 clio-

232 1962 314 1992 cesz's.
339 1961 501 1992 Volcntes
520 1960 640 1990 dilecto
662 1959 731 1988 lilio
752 1958 936 1989 &uillelmo
965 1959 1067 1995 Petri,
1087 1959 1239 1989 canonici

231 2015 371 2046 ecclesie
389 2023 416 2044 s.
440 2013 619 2044 Frontonis
646 2012 947 2047 Petrauoricensis‚
973 2011 1149 2042 nobilitate
1171 2021 1238 2041 mo-

230 2078 304 2099 rum
323 2070 354 2098 et
373 2067 505 2105 generis
530 2075 566 2096 ac
590 2065 731 2095 scicntia
750 2065 940 2094 litterarum
965 2064 1089 2103 quibus
1110 2065 1238 2103 pollere

230 2121 364 2155 dicitur,
385 2121 493 2150 facere
514 2119 654 2157 gratiam
680 2118 873 2156 specialem,
899 2118 1098 2147 mandamus
1123 2121 1238 2156 quate-

230 2184 292 2206 nus
311 2175 352 2210 ei,
372 2182 470 2213 quem
496 2181 554 2211 per
573 2172 732 2201 dilectum
752 2171 858 2200 tilium
880 2171 1078 2209 magistrum
1098 2171 1236 2201 Petrum

228 2230 268 2259 de
292 2227 486 2263 Bardissen,
512 2225 720 2256 Broliensem
745 2224 1015 2254 archidiaconum
1038 2224 1070 2254 in
1093 2224 1236 2255 ecclesia

227 2280 429 2322 Agennensi,
450 2279 637 2310 examinari
657 2278 799 2307 fecimus
818 2279 849 2307 et
873 2277 930 2316 qui
949 2277 1107 2307 inventus
1129 2277 1235 2307 fulsse

227 2335 350 2365 dicitur
367 2334 400 2363 in
426 2333 615 2363 litteratura
633 2331 805 2360 sussiciens
827 2333 859 2360 et
877 2330 1029 2369 ydoneus
1044 2331 1063 2365 ¹,
1085 2330 1233 2369 aliquam

226 2398 267 2419 ex
286 2386 540 2419 obedientiariis
563 2385 670 2424 ipsius
689 2384 829 2414 ecclesie
848 2392 906 2422 per
923 2383 1149 2414 venerabilem
1168 2384 1230 2414 fra-

225 2443 310 2472 trem
329 2442 481 2471 nostrum
501 2463 506 2469 .
534 2463 539 2468 .
561 2438 872 2475 petragoricensem
892 2436 1101 2475 episcopum,
1121 2437 1178 2475 qui
1200 2437 1232 2466 in

226 2495 340 2525 eadem
359 2492 501 2524 ecclesia
521 2492 631 2522 locum
653 2492 742 2520 tenet
760 2489 903 2523 abbatis,
931 2492 963 2520 et
984 2489 1125 2519 dilectos
1144 2489 1232 2519 filios

225 2547 409 2586 capitulum
433 2545 594 2585 ejusdem,
614 2544 785 2574 consuetis
806 2543 947 2573 ecclesie
967 2543 1116 2581 predicte
1137 2552 1232 2573 cano-

225 2600 310 2631 nicis
329 2599 509 2639 assignari,
534 2598 562 2627 si
582 2599 675 2627 vacat
694 2597 734 2627 ad
757 2605 897 2635 presens
916 2596 967 2626 vel
987 2605 1088 2635 quam
1106 2596 1171 2626 cito
1191 2596 1231 2626 ad

224 2654 257 2684 id
277 2652 437 2684 obtulerit
454 2660 488 2681 se
506 2651 659 2685 facultas,
678 2650 878 2680 auctoritate
898 2651 1023 2686 nostra,
1046 2658 1104 2687 per
1125 2651 1157 2679 te
1177 2650 1229 2679 vel

223 2715 281 2746 per
295 2706 411 2741 alium,
429 2705 621 2735 cont'eraset
641 2703 806 2742 assignes,
818 2702 881 2733 sul)
897 2711 997 2733 onere
1014 2711 1079 2741 quo
1092 2710 1229 2732 consue-

222 2758 446 2797 vitassignari
463 2757 633 2788 canonicis
646 2756 686 2786 ab
699 2756 850 2795 antiquo,
868 2765 932 2786 non
952 2755 1104 2786 obstante
1123 2755 1151 2784 si
1170 2763 1228 2793 pro

223 2813 300 2843 aliis
314 2813 346 2842 in
361 2811 476 2841 cadem
493 2810 634 2840 ecclesia
649 2810 836 2840 direximus
851 2810 977 2848 scripta
992 2810 1118 2845 nostra,
1135 2808 1228 2838 duni-

252 2917 273 2939 1.
290 2916 330 2940 En
348 2922 442 2945 margo
459 2923 463 2938 z
479 2925 487 2936 α
507 2915 747 2945 &efflui-nummus
764 2916 809 2937 νει.
831 2924 838 2935 υ

994 215 1238 246 REGISTRES
1265 215 1480 247 D’URBAIN
1508 216 1566 246 IV.

1307 299 1406 329 modo
1428 308 1487 338 per
1509 308 1571 330 nos
1592 299 1680 329 alius
1704 299 1854 330 similem
1877 300 2021 338 gratiam
2039 309 2106 330 non
2123 300 2168 331 sit
2185 309 2318 331 assecu-

1306 354 1372 388 tus,
1393 352 1572 391 ipsumque
1590 353 1643 383 vel
1661 355 1913 392 procuratorem
1931 353 2040 392 ipsius
2059 353 2093 383 in
2108 354 2318 392 corporalem

1306 405 1458 443 ejusdem
1480 406 1722 436 obedientiarie
1746 406 1999 445 possessionem
2022 407 2186 437 inducens
2209 409 2239 437 et
2263 407 2317 438 de-

1307 459 1446 489 fendens
1463 459 1650 493 inductum,
1665 459 1704 489 de
1720 459 1910 489 redditibus
1924 462 1955 490 et
1971 459 2191 498 proventibus
2208 461 2317 499 ipsius

1306 511 1409 541 facias
1435 512 1561 550 integre
1588 513 1795 550 responderi.
1823 512 2096 543 Contradictores
2120 516 2182 543 etc.
2208 522 2317 552 usque

1305 565 1560 603 compescendo.
1578 565 1654 595 Non
1671 565 1826 595 obstante
1839 566 1867 595 si
1886 583 1932 601 -‚
1948 566 2000 595 vel
2015 566 2105 605 quod
2122 566 2210 597 idem
2225 566 2264 597 G.
2283 567 2318 597 in

1305 617 1575 656 petragoricensi
1599 618 1742 648 ecclesia
1770 621 1800 650 ct
1824 619 1910 649 alias
1940 618 2159 649 beneficiatus
2187 620 2317 650 existit.

1304 670 1430 701 Datum
1449 671 1538 710 apud
1564 671 1855 707 L'rbemveterem,
1874 681 1893 701 v
1918 681 2021 702 nonas
2035 672 2125 711 julii,
2151 681 2238 703 anno
2254 674 2319 703 ter-

1304 724 1361 754 tio.
1381 734 1397 753 ))

1908 878 2032 909 Orvieto,
2050 880 2064 904 7
2084 879 2142 906 mai
2163 879 2242 906 12124.

1395 879 1491 910 1627

1338 962 1440 989 Abbati
1459 962 1629 990 monasterii
1656 963 1690 989 de
1705 963 1847 996 Carraria,
1868 963 2017 990 Paduanae
2034 964 2168 995 diocesis,
2197 966 2224 991 et
2244 964 2317 991 Tho-

1302 1012 1394 1038 masio
1411 1012 1445 1038 de
1471 1012 1668 1045 Guarnerinis,
1688 1012 1826 1039 canonico
1842 1012 1987 1043 Paduano,
2011 1014 2131 1040 mandat
2149 1016 2178 1040 ut
2198 1013 2317 1040 Bartho-

1301 1060 1457 1092 lomaeum,
1487 1061 1596 1088 dictum
1633 1061 1667 1088 de
1696 1062 1970 1095 Linqua-de·Vucca‚
2003 1062 2154 1095 clericum,
2178 1065 2312 1098 nepotem

1302 1110 1343 1141 S.,
1360 1109 1436 1136 tituli
1460 1119 1483 1137 s.
1504 1110 1619 1137 Martini
1639 1110 1800 1145 presbyteri
1832 1111 1998 1138 cardinalis.
2020 1112 2048 1138 in
2073 1112 2193 1139 ecclesia
2219 1112 2314 1147 plebis

1301 1166 1324 1185 s.
1340 1159 1452 1186 Martini
1479 1160 1513 1186 dc
1538 1160 1636 1191 Sacco,
1660 1159 1812 1186 paduanae
1834 1160 1966 1187 diocesis.
1989 1160 2017 1187 in
2032 1161 2203 1188 canonicum
2223 1161 2311 1195 recipi

1300 1207 1407 1235 faciant
1435 1209 1515 1243 eique
1545 1210 1579 1236 dc
1607 1208 1770 1243 praebenda
1799 1210 1978 1244 provideant.
2013 1210 2091 1243 (Bm.
2117 1211 2162 1241 29,
2181 1210 2229 1237 fol.
2251 1210 2313 1242 161,

1299 1261 1331 1283 11ο
1346 1258 1421 1288 677.)

1339 1365 1356 1385 «
1381 1354 1496 1384 Abbati
1520 1356 1696 1385 monasterii
1716 1355 1751 1385 dc
1774 1355 1936 1390 Carraria,
1959 1355 2106 1385 Paduam
2128 1355 2264 1392 diocesis,
2284 1361 2311 1386 et

1303 1408 1460 1438 Thomusio
1485 1408 1519 1438 de
1539 1407 1753 1442 Guarncrinis,
1783 1409 1928 1439 canonico
1958 1409 2118 1440 Paduano.
2142 1409 2313 1440 Dilectum

1299 1461 1407 1492 filium
1432 1461 1708 1492 Bartholomeum
1741 1480 1788 1493 -.
1818 1462 1943 1492 Datum
1978 1463 2066 1501 apud
2095 1462 2314 1493 Urbemvete·

1301 1525 1382 1551 rem,
1403 1516 1501 1546 nonis
1518 1516 1611 1551 maii,
1632 1524 1718 1546 anno
1736 1516 1846 1546 tertio.
1870 1528 1884 1543 »

1392 1671 1487 1701 1628
1879 1669 2002 1695 orricio.
2019 1669 2053 1696 30
2069 1668 2142 1695 avril
2161 1668 2238 1695 1204.

1334 1754 1427 1784 Petro,
1448 1753 1535 1788 priori
1551 1753 1688 1780 secularis
1704 1753 1841 1780 ccclesiae
1856 1754 1890 1780 dc
1911 1755 2025 1785 (lustra,
2046 1752 2234 1780 Bituriccnsis
2251 1752 2312 1780 dio-

1297 1803 1382 1833 cesis,
1399 1802 1526 1837 indulget
1550 1805 1578 1829 ut
1596 1802 1849 1829 Bartholomaeum
1865 1802 2014 1833 clericum,
2037 1802 2156 1828 fratrem
2176 1802 2309 1836 magistri

1298 1851 1409 1885 Doniui,
1428 1851 1557 1878 canonici
1568 1851 1765 1878 Bituricensis.
1785 1852 1812 1878 in
1830 1852 1930 1878 eadem
1948 1851 2068 1878 ccclesia
2087 1851 2114 1877 in
2137 1850 2309 1878 canonicum

1298 1901 1422 1936 recipcre
1444 1901 1548 1928 valeat.
1567 1901 1647 1935 (REG.
1664 1901 1708 1928 29.
1727 1901 1775 1927 t'ol.
1800 1901 1860 1931 lul,
1879 1906 1908 1927 11ο
1926 1901 2001 1933 078.)

1339 2009 1352 2023 a
1371 1997 1471 2026 Peli-o.
1483 1997 1584 2036 priori
1599 1996 1746 2025 secularis
1768 1996 1891 2026 ecclesie
1909 1997 1944 2026 de
1962 1996 2082 2030 Castra,
2107 1996 2309 2025 [litui-icensis

1295 2050 1430 2080 diocesis.
1450 2052 1533 2080 Cum
1554 2049 1650 2080 nobis
1669 2059 1727 2088 per
1740 2052 1869 2080 vestras
1886 2052 2039 2088 patentes
2056 2050 2188 2080 litteras
2201 2050 2305 2080 duxe-

1296 2104 1370 2133 ritis
1402 2103 1662 2141 supplicandum
1692 2105 1723 2132 111
1745 2103 1929 2141 recipiendi
1959 2103 1990 2132 in
2016 2103 2159 2132 ecclesia
2181 2106 2306 2138 vestra,

1295 2157 1326 2186 in
1353 2166 1418 2195 qua
1441 2157 1481 2186 ad
1506 2165 1564 2186 vos
1584 2156 1809 2186 communiter
1838 2157 2076 2186 canonicorum
2109 2156 2254 2194 receptio
2274 2158 2305 2187 et

1294 2210 1541 2249 prebemlamnn
1569 2209 1704 2239 collatio
1726 2209 1884 2247 pertinet,
1908 2209 2183 2239 Bartliolomeum
2210 2209 2306 2240 cleri-

1293 2273 1380 2299 cum,
1406 2264 1543 2293 tratrem
1567 2263 1681 2292 d21ecti
1711 2263 1772 2292 tilii
1807 2263 1959 2302 magistri
1991 2263 2125 2298 Donini,
2151 2263 2306 2293 canonici

1294 2317 1527 2351 Bituricensis,
1541 2316 1707 2354 capellani
1721 2316 1838 2350 nostri,
1859 2316 1914 2354 qui
1934 2325 1991 2355 per
2007 2324 2041 2346 se
2058 2318 2088 2346 et
2107 2324 2198 2347 suos.
2217 2317 2305 2347 sicut

1292 2370 1458 2405 asseritis,
1483 2370 1592 2399 eidem
1612 2369 1754 2399 ecclesie
1776 2372 1886 2408 potest
1904 2369 2138 2408 multipliciter
2154 2370 2304 2400 existere

1291 2423 1496 2458 fructuosus,
1533 2422 1726 2452 facultatem
1761 2423 1941 2453 concedere
1969 2423 2194 2461 dignaremur,
2226 2431 2304 2459 nos,

1291 2477 1412 2507 vestris
1434 2475 1916 2515 supplicationibusinclinati,
1936 2476 2119 2514 recipiendi
2141 2476 2252 2515 ipsum
2268 2476 2304 2506 in

1290 2531 1418 2569 prefata
1444 2530 1586 2560 ecclesia
1602 2529 1634 2560 in
1653 2523 1850 2560 canonicum
1871 2531 1902 2559 et
1922 2529 1954 2559 in
1975 2529 2112 2559 fratrem
2131 2538 2167 2559 ac
2190 2529 2300 2568 provi-

1288 2584 1387 2614 dendi
1417 2583 1484 2613 sibi
1503 2584 1542 2613 de
1560 2582 1742 2622 prebenda,
1770 2582 1799 2612 si
1827 2585 1921 2613 vacat
1949 2582 2074 2612 ibidem
2097 2583 2138 2612 ad
2159 2591 2300 2622 presens

1288 2638 1339 2668 vel
1363 2647 1463 2677 quam
1491 2637 1639 2676 primum
1666 2636 1706 2667 ad
1728 2636 1761 2666 id
1789 2636 1950 2667 obtulerit
1976 2644 2010 2666 se
2033 2635 2187 2672 facultas,
2205 2636 2301 2666 dum-

1288 2691 1385 2722 modo
1403 2700 1420 2720 a
1440 2690 1539 2721 nobis
1563 2689 1710 2720 similem
1730 2698 1794 2720 non
1821 2689 1955 2720 fueritis
1973 2690 2114 2728 gratiam
2136 2689 2298 2725 assecuti,

1287 2754 1351 2775 non
1371 2744 1525 2774 obstante
1543 2761 1592 2778 —‚
1619 2743 1836 2773 concedimus
1854 2743 2059 2778 facultatem,
2078 2743 2205 2773 eisdem
2232 2744 2299 2773 sta-

1286 2800 1357 2828 tuto
1376 2798 1408 2828 et
1430 2797 1661 2835 indulgentiis,
1682 2798 1756 2835 post
1776 2796 2002 2834 receptionem
2022 2796 2163 2834 predicti
2186 2796 2238 2830 B..
2264 2796 2297 2826 in

1285 2860 1345 2882 suo
1368 2851 1608 2881 nichilominus
1637 2850 1755 2879 robore
1771 2849 1954 2879 duraturis.
1976 2850 2097 2879 Datum
2125 2849 2213 2888 apud
2235 2849 2298 2880 L'r-

1285 2904 1524 2939 bemveterein,
1549 2913 1570 2932 11
1590 2903 1753 2933 kalendas
1772 2903 1863 2932 maii.
1883 2911 1969 2932 anno
1986 2903 2095 2932 tertio.
2118 2914 2130 2927 »ν
