2519 3262
1050 206 1289 244 TROISIEME
1316 206 1478 243 ANNEE.

261 309 277 329 (<
294 299 442 334 Jolmnni,
462 299 718 339 archipresbitero
739 299 777 329 de
793 298 959 335 Itium-olio,
984 298 1145 327 Jannensis
1170 297 1237 327 dio-

223 353 305 383 cesis.
326 353 463 383 Auditis
489 353 721 383 laudabilibus
752 353 885 382 meritis
916 370 964 380 —.
985 352 1109 382 Datum
1146 350 1235 389 apud

221 406 513 441 Urbemveterem,
535 416 556 436 11
575 407 738 436 kalendas
756 406 848 442 maii,
866 414 952 435 anno
969 404 1080 435 tertio.
1101 413 1115 432 »

804 572 929 603 Orvieto,
946 572 979 599 30
996 570 1068 597 avril
1085 571 1162 598 1204.

316 576 412 607 1672

257 659 336 686 idem
366 659 549 694 privilegium
570 657 734 693 praeposito
750 657 888 684 ecclesiae
909 665 932 683 s.
952 656 1057 683 Mariae
1080 656 1108 682 in
1137 655 1235 682 Vincis

221 708 373 735 Janucnsis
384 707 593 736 concediturad
607 706 776 734 triennium.
790 706 868 738 «Rea,
886 705 988 738 :29‚sol.
1008 706 1104 739 166v⁰‚
1119 705 1235 739 110722.)
1263 703 1264 712 ¹
1292 721 1421 751 nullius
1450 722 1587 760 penitus
1611 722 1654 752 Sit
1673 724 1846 753 momenti,
1866 725 1989 754 Datum
2012 726 2100 764 apud
2120 727 2302 758 Urben‘ive-

262 824 277 843 1(
296 813 457 853 Prepose'to
475 811 595 842 ecclesie
612 812 745 842 &Marde
763 812 792 841 in
818 811 918 841 Vincis
934 811 1109 842 Januensis.
1127 811 1235 842 Audi-

221 867 266 898 tis
283 868 344 897 etc.
361 868 397 897 ut
414 866 714 905 supra—Datum
732 866 820 904 apud
836 865 1124 899 Urbemveterem‚
1143 875 1165 895 11
1178 865 1236 895 ka-

220 920 339 951 lendas
355 919 447 955 maii,
467 928 552 950 anno
569 919 682 950 tertio.
700 929 715 947 1)

812 1087 938 1114 Orvieto.
958 1087 989 1114 14
1006 1087 1064 1114 mai
1084 1088 1161 1115 1264.

312 1090 407 1121 1673

253 1173 510 1208 ,archipresbytero
525 1174 558 1200 de
578 1173 712 1203 Lat-ania,
731 1172 882 1200 Januensis
895 1173 1028 1205 diocesis,
1052 1174 1171 1200 mandat
1191 1176 1232 1204 ut,

218 1223 338 1250 obtentu
360 1224 489 1250 Andreae
507 1224 541 1250 de
567 1223 703 1256 Lemnia,
724 1223 920 1251 archidiaconi
951 1223 1114 1255 Januensis,
1137 1222 1235 1258 Ugoli-

218 1280 298 1305 num,
318 1272 468 1306 clericum,
490 1275 590 1299 natum
614 1274 719 1300 nobilis
744 1273 798 1300 viri
820 1272 945 1299 Thedisii
963 1273 997 1299 de
1019 1273 1161 1303 Cucurno,
1189 1272 1233 1298 Ja-

216 1321 335 1348 nuensis
354 1321 490 1355 diocesis,
514 1322 542 1349 in
562 1322 657 1357 aliqua
686 1323 873 1350 ecclesiarum
892 1321 1018 1349 civitatis
1044 1321 1089 1348 vel
1110 1321 1232 1348 diocesis

218 1371 369 1397 Januensis
385 1371 414 1397 in
432 1371 603 1398 canonicum
618 1371 706 1406 recipi
724 1371 899 1406 t'aeiateique
915 1372 950 1397 de
963 1371 1127 1405 praebenda
1141 1370 1233 1404 provi-

217 1421 293 1447 deat.
311 1420 390 1454 (Bm.
408 1421 451 1451 29,
470 1421 519 1448 sol.
542 1422 599 1452 167,
615 1426 646 1448 n⁰
661 1423 735 1454 723.)

258 1537 274 1557 1(
294 1526 560 1567 Arche'presbilero
589 1526 625 1556 de
651 1526 799 1563 Lucania,
825 1526 989 1556 Januensis
1014 1525 1152 1556 diocesis.
1182 1526 1234 1556 Ad

218 1580 408 1611 faciendam
434 1580 556 1611 dilecto
576 1599 625 1609 —.
644 1581 769 1611 Datum
789 1580 877 1618 apud
897 1580 1186 1617 Urbemveterem,
1210 1589 1232 1609 11

218 1634 295 1664 idus
312 1634 405 1671 maii,
426 1643 513 1665 anno
531 1634 644 1665 tertio.
665 1644 679 1663 »

834 1806 957 1837 Orvieto,
975 1806 990 1832 4
1004 1804 1064 1833 mai
1082 1806 1159 1833 1:264.

310 1808 406 1839 1674

254 1901 374 1928 Officiali
391 1901 590 1928 Aurelianensi
601 1901 717 1927 mandat
735 1903 763 1927 ut
775 1901 950 1935 magistrum
963 1900 1109 1936 Egidium,
1124 1901 1233 1928 dictum

219 1953 337 1986 Lepaqe,
362 1951 390 1978 in
415 1950 536 1978 ecclesia
561 1959 584 1978 s.
607 1949 764 1977 Salvatoris
786 1950 943 1983 Blesensis,
961 1950 1149 1977 Carnotensis
1176 1950 1237 1977 dio-

219 2001 304 2034 cesis,
321 2001 349 2027 in
369 2000 541 2028 canonicum
566 1999 655 2034 recipi
683 1999 781 2026 faciut.
800 2000 880 2034 (Rae.
900 2000 944 2030 2²9,
963 1999 1012 2026 fol.
1030 2000 1092 2032 167,
1106 2003 1137 2025 n⁰
1158 1999 1234 2031 724.)

258 2119 275 2139 «
294 2107 432 2148 ΟῙΤισὶιιΙί
453 2107 683 2138 Aurelianensi.
708 2107 784 2137 Illis
806 2107 964 2146 precipue
985 2109 1046 2138 etc.
1076 2126 1127 2137 —.
1147 2108 1235 2138 Hinc

219 2163 271 2193 est
305 2162 395 2201 quod
417 2170 478 2192 nos
505 2161 667 2192 dilectum
698 2160 807 2191 filium
844 2161 1046 2200 magistrum
1060 2161 1233 2200 Egidium,

219 2215 345 2247 dictum
355 2215 488 2255 Lepaye,
503 2215 675 2249 clericum,
687 2214 726 2244 de
739 2223 805 2253 quo
816 2214 987 2244 laudabile
1000 2214 1234 2245 testimonium

219 2279 238 2301 a
255 2270 435 2309 fidedignis
461 2269 665 2308 accepimus,
686 2268 851 2304 volentes,
873 2268 1013 2299 obtentu
1039 2268 1153 2299 dilecti
1173 2269 1235 2298 filii

219 2324 345 2355 nobilis
371 2323 436 2353 viri
454 2322 619 2354 Johannis
637 2322 771 2353 comitis
788 2323 821 2352 et
844 2322 992 2361 Aylidis,
1012 2322 1130 2352 uxoris
1149 2322 1233 2361 ejus,

220 2377 394 2409 comitisse
414 2376 642 2410 Blesensium,
660 2375 758 2405 nobis
776 2375 956 2406 affectuose
973 2384 1032 2414 per
1051 2384 1131 2406 suas
1148 2376 1236 2406 litte-

220 2439 276 2462 ras
299 2430 567 2469 supplicantium
597 2438 658 2468 pro
685 2429 815 2465 eodem,
833 2429 1047 2468 prerogativa
1074 2429 1235 2468 prosequi

220 2485 328 2524 gratie
355 2484 527 2523 specialis,
546 2483 747 2513 mandamus
765 2482 928 2522 quatinus
956 2483 1068 2522 ipsum
1093 2483 1235 2514 auctori-

219 2539 286 2570 tate
301 2539 500 2576 nostra‚per
515 2539 547 2567 te
564 2537 618 2567 vel
634 2545 693 2575 per
709 2536 826 2572 alium,
843 2536 877 2566 in
892 2536 1035 2567 ecclesia
1047 2537 1237 2568 8311011801-

220 2591 350 2622 vatoris
375 2590 561 2624 Blesensis,
593 2589 814 2620 Carnotensis
842 2589 1001 2625 diocesis,
1020 2590 1055 2620 in
1074 2599 1140 2629 qua
1168 2598 1235 2620 non

219 2634 285 2680 est,
305 2645 340 2674 ut
361 2643 498 2680 dicitur,
517 2644 630 2673 certus
649 2643 891 2673 canonicorum
907 2652 1070 2674 numerus
1087 2652 1147 2674 nec
1167 2643 1237 2673 dis-

219 2698 339 2728 tinctio
356 2696 616 2736 prebendarum,
635 2696 664 2726 si
685 2696 801 2726 nullus
824 2696 859 2726 in
884 2696 1000 2727 eadem
1023 2697 1167 2727 ecclesia
1191 2696 1236 2726 si-

220 2751 338 2781 milem
358 2758 460 2789 super
472 2750 663 2788 receptione
680 2758 718 2779 ac
734 2749 930 2788 provisione
945 2752 1006 2780 sua
1017 2750 1161 2789 gratiam
1175 2758 1236 2788 per

221 2806 356 2835 nostras
380 2803 514 2833 litteras
537 2803 763 2841 prosequatur
783 2804 814 2832 et
839 2802 975 2833 collatio
993 2802 1236 2833 beneficiorum

222 2857 256 2887 in
269 2866 308 2888 ea
320 2865 386 2887 non
402 2855 570 2895 pertineat
587 2855 628 2885 ad
638 2854 868 2885 venerabilem
887 2854 1026 2885 fratrem
1040 2857 1213 2886 nostrum.
1228 2877 1234 2884 .

222 2911 419 2950 episcopum
434 2910 689 2945 Carnotensem,
716 2908 821 2947 recipi
848 2908 953 2938 facias
977 2908 1012 2938 in
1037 2908 1236 2940 canonicum

2245 223 2304 251 2:35

1292 298 1322 326 et
1344 297 1377 326 in
1407 297 1546 327 fratrem
1569 297 1702 336 sibique
1720 298 1759 327 de
1783 299 2020 330 communibus
2040 301 2150 339 ipsius
2162 304 2304 335 ecclesie

1291 350 1524 387 proventibus,
1544 350 1630 380 sicut
1649 351 1707 380 uni
1721 360 1762 381 ex
1782 351 1859 381 aliis
1880 353 2031 390 ejusdem
2050 355 2190 385 ecclesie
2208 365 2303 387 cano-

1291 403 1388 435 nicis,
1406 403 1576 441 provideri
1599 412 1657 433 seu
1676 403 1783 434 facere
1800 405 1971 443 provideri
1987 415 2159 444 procures,
2175 412 2300 440 contra-

1291 455 1437 485 dictores
1468 458 1528 486 etc.
1554 465 1661 495 usque
1687 459 1943 496 compescendo.
1971 460 2046 489 Non
2077 461 2230 492 obstante
2255 481 2302 492 —.

1290 508 1341 538 Ita
1364 509 1476 538 tamen
1491 509 1579 547 quod
1609 509 1699 540 idem
1730 511 1905 549 magister,
1931 513 2018 542 sicut
2046 514 2195 552 requiret
2219 524 2304 545 onus

1291 560 1445 591 beneficii
1469 562 1508 591 de
1535 571 1599 600 quo
1624 563 1654 592 ei
1685 564 1857 601 provideri
1885 566 2075 604 contigerit,
2105 567 2145 596 ad
2168 569 2304 599 ordines

1263 613 1265 644 ὲ
1292 615 1429 644 statutis
1448 615 1657 654 temporibus
1678 625 1713 646 se
1729 618 1921 655 promoveri
1946 618 2046 649 faciat
2067 622 2097 649 et
2118 621 2304 658 personali-

1263 753 1265 767 i

1291 668 1340 697 ter
1371 668 1517 698 resideat
1548 668 1581 698 in
1611 669 1738 699 eadem.
1772 670 1933 709 Alioquin
1969 671 2165 710 hujusmodi
2196 676 2304 713 gratia

1291 775 1410 810 terem,
1430 784 1478 804 1111
1500 784 1605 805 nonas
1624 776 1716 810 maii,
1737 785 1823 807 anno
1840 778 1952 808 tertio.
1975 789 1988 806 >t

1385 966 1480 997 1675

1873 967 1998 1000 Orvieto,
2018 969 2048 994 17
2065 968 2136 994 avril
2154 969 2230 995 1:204.

1327 1048 1466 1083 Episcopo
1491 1049 1690 1076 Suessionensi
1706 1053 1805 1077 notum
1824 1050 1892 1078 facit
1911 1059 1940 1078 se
1956 1052 2052 1079 abbati
2070 1053 2238 1079 monasterii
2259 1054 2302 1079 Ja-

1289 1097 1485 1132 quinciniensi
1497 1099 1650 1125 indulsisse
1671 1102 1699 1126 ut
1716 1099 1763 1126 uni
1781 1100 1885 1127 clerico
1906 1102 1938 1127 de
1956 1101 2052 1135 aliquo
2072 1102 2208 1128 beneficio
2224 1110 2302 1136 prac-

1291 1147 1404 1174 bendali
1433 1147 1461 1174 in
1482 1148 1578 1183 aliqua
1603 1148 1723 1175 ccclesia
1743 1149 1959 1176 Suessionensis
1983 1150 2105 1177 diocesis
2129 1151 2301 1185 provideret.

1290 1197 1367 1232 (REG.
1385 1197 1428 1228 29,
1447 1197 1495 1224 fol.
1517 1198 1575 1230 167,
1594 1202 1624 1223 n⁰
1641 1198 1715 1232 725⁷)

1330 1317 1346 1336 «
1365 1306 1526 1347 Episcopo
1554 1307 1778 1337 Suessionensi.
1810 1308 1914 1338 Grata
1950 1309 2078 1339 sincere
2114 1310 2303 1342 devotionis

1291 1359 1455 1399 obsequia
1480 1360 1604 1399 quibus
1625 1361 1770 1391 dilectus
1794 1361 1885 1391 filius
1910 1361 2013 1391 abbas
2040 1364 2237 1394 monasterii
2255 1366 2304 1394 Ja-

1291 1413 1551 1452 quincintensis,
1577 1414 1706 1444 ordinis
1732 1414 1837 1444 sancti
1861 1415 2045 1450 Benedicti,
2066 1416 2302 1447 Atrebatensis

1291 1467 1448 1503 diocesis5
1465 1467 1561 1506 vigili
1580 1467 1757 1506 diligentia
1769 1470 1801 1498 et
1814 1470 1940 1498 attenta
1957 1468 2186 1500 sollicitudine
2204 1471 2302 1501 nobis

1292 1520 1462 1550 indefesse
1493 1521 1701 1559 complacere
1731 1521 1872 1557 studuit,
1904 1522 2046 1552 suadent
2074 1522 2240 1553 instanter
2267 1526 2302 1554 ut

1292 1573 1404 1612 ipsum
1425 1573 1612 1612 apostolica
1629 1573 1860 1604 benivolentia
1876 1575 2104 1611 confoventes,
2117 1576 2157 1605 ad
2177 1576 2303 1616 impen-

1292 1627 1435 1657 dendam
1452 1627 1583 1657 devotis
1603 1627 1711 1666 ipsius
1729 1627 1873 1666 gratiam
1890 1628 2071 1658 reddamur
2089 1629 2161 1667 ejus
2178 1630 2302 1660 intuitu

1291 1680 1463 1710 liberales.
1491 1680 1578 1710 Hinc
1596 1682 1646 1710 est
1663 1681 1751 1719 quod
1773 1689 1845 1717 nos,
1863 1681 2014 1720 ejusdem
2033 1683 2302 1713 consideratione

1292 1732 1435 1768 abbatis,
1467 1741 1568 1771 super
1596 1733 1657 1763 hoc
1692 1734 1918 1772 apostolicum
1950 1734 2099 1765 favorem
2129 1735 2304 1767 humiliter

1292 1786 1509 1824 postulantis,
1521 1787 1732 1825 providendi,
1744 1787 1781 1817 .si
1794 1787 1938 1818 voluerit
1956 1789 1988 1818 et
1998 1788 2119 1818 viderit
2131 1790 2302 1828 expedire,

1293 1839 1333 1868 ad
1362 1839 1622 1878 requisitionem
1651 1839 1760 1878 ipsius
1778 1840 1923 1876 abbatis,
1943 1841 2001 1870 11111
2017 1841 2057 1871 (10
2081 1841 2214 1872 clericis
2233 1843 2304 1872 suis

1292 1892 1350 1930 qui
1365 1892 1410 1922 sit
1427 1892 1593 1931 ydoneuS,
1610 1892 1650 1922 de
1667 1892 1780 1931 aliquo
1796 1893 2027 1924 ecclesiastico
2037 1894 2199 1925 beneficio
2216 1904 2301 1925 com-

1291 1945 1431 1984 petenti,
1443 1944 1641 1984 prebendali
1653 1945 1705 1975 vel
1722 1946 1800 1983 alio,
1817 1946 1858 1976 ad
1868 1946 2083 1977 collationem
2101 1949 2193 1978 tuam
2211 1957 2304 1987 spec-

1291 2000 1396 2035 tante,
1414 2007 1489 2029 cum
1500 2008 1580 2029 cura
1597 1999 1649 2029 vel
1668 1999 1740 2029 sine
1750 2008 1840 2036 cura,
1860 2001 1988 2039 siquod
2002 2001 2036 2030 in
2052 2001 2235 2032 cathedrali
2252 2002 2304 2033 vel

1293 2052 1359 2083 alia
1376 2053 1519 2083 ecclesia
1535 2054 1591 2083 1110
1608 2053 1758 2083 civitatis
1768 2053 1820 2083 vel
1835 2053 1981 2084 diocesis
1997 2057 2092 2084 vacat
2109 2055 2149 2085 ad
2164 2064 2306 2094 presens

1293 2106 1364 2137 sive
1383 2115 1483 2145 quam
1495 2106 1643 2145 primum
1661 2107 1702 2136 ad
1715 2107 1748 2136 id
1766 2106 1926 2137 obtulerit
1939 2116 1974 2137 se
1991 2107 2146 2142 facultas
2162 2108 2305 2139 faciendi

1293 2168 1426 2199 quoque
1443 2160 1548 2198 recipi
1566 2159 1726 2190 clericum
1750 2160 1864 2199 ipsum
1882 2161 1915 2190 in
1937 2161 2081 2191 ecclesia
2104 2161 2136 2191 in
2156 2171 2221 2200 qua
2240 2161 2306 2192 sibi

1292 2214 1434 2253 elegeris
1443 2213 1628 2252 provideri,
1644 2213 1671 2243 si
1692 2213 1870 2252 collegiata
1886 2214 1999 2250 fuerit,
2013 2214 2046 2244 in
2059 2215 2257 2245 canonicum
2274 2216 2307 2245 et

1292 2267 1325 2297 in
1356 2267 1506 2303 fratrem,
1537 2275 1665 2297 necnon
1685 2268 1717 2297 et
1744 2267 2010 2297 contradictores
2034 2276 2135 2306 super
2164 2268 2224 2298 hoc
2247 2277 2306 2307 per

1293 2329 1471 2352 censuram
1513 2321 1792 2355 ecclesiasticam,
1835 2321 2062 2360 appellatione
2102 2322 2304 2360 postposita,

1293 2374 1541 2414 compescendi,
1563 2383 1628 2404 non
1657 2373 1811 2404 obstante
1836 2375 1962 2404 statuto
1976 2392 2026 2411 ——‚
2046 2375 2117 2405 sive
2135 2375 2163 2405 si
2182 2384 2307 2405 memo-

1293 2430 1387 2459 ratus
1408 2429 1552 2459 clericus
1576 2427 1662 2457 alias
1690 2427 1910 2458 beneficiatus
1935 2428 2073 2464 existat,
2101 2428 2307 2458 fraternitati

1292 2483 1348 2513 tue
1376 2482 1574 2513 auctoritate
1590 2481 1801 2520 presentium
1823 2481 1995 2514 licentiam
2020 2481 2217 2521 elargimur,
2239 2483 2305 2512 sta-

1292 2539 1364 2567 tuto
1391 2538 1422 2567 et
1450 2535 1673 2574 indulgentiis
1696 2535 1892 2574 hujusmodi
1924 2535 2169 2566 nichilominus
2193 2536 2225 2565 in
2245 2544 2306 2567 suo

1292 2589 1412 2620 robore
1439 2588 1655 2628 postmodum
1673 2588 1858 2618 duraturis.
1875 2588 2018 2618 Proviso
2043 2588 2132 2627 quod
2154 2588 2308 2627 prefatus

1293 2643 1435 2674 clericus
1453 2642 1495 2672 ad
1519 2641 1667 2677 ordines,
1686 2642 1786 2679 prout
1803 2641 1953 2680 requiret
1973 2650 2058 2672 onus
2075 2641 2245 2673 beneficii.
2267 2641 2308 2671 de

1293 2705 1358 2736 quo
1381 2695 1447 2726 sibi
1467 2695 1642 2734 provisum
1660 2694 1823 2726 extiterit.
1843 2703 1878 2725 se
1896 2694 1998 2725 faciat
2020 2695 2159 2725 statutis
2175 2696 2307 2733 tempo-

1278 2748 1388 2779 -ribus
1415 2748 1606 2787 promoveri
1626 2748 1658 2777 et
1692 2746 1840 2777 resideat
1872 2747 2099 2785 personaliter
2122 2747 2155 2776 in
2175 2747 2305 2783 eodem,

1293 2802 1444 2841 alioquin
1481 2800 1675 2839 hujusmodi
1707 2800 1814 2838 gratia
1846 2800 1976 2830 nullius
2004 2800 2140 2838 penitus
2165 2800 2209 2830 sit
2241 2808 2307 2830 mo-

1292 2855 1410 2886 menti.
1424 2854 1593 2886 Volumus
1609 2855 1722 2883 autem
1734 2857 1769 2883 ut
1785 2853 1938 2892 prefatus
1955 2853 2112 2889 clericus,
2124 2855 2306 2892 postquam

1292 2907 1488 2948 hujusmodi
1512 2906 1714 2937 beneficium
1742 2906 1781 2936 de
1806 2915 1871 2945 quo
1889 2906 1955 2936 sibi
1976 2906 2177 2945 provideris,
2204 2906 2305 2937 suerit
