2519 3262
241 220 299 251 388

243 305 363 337 stante,
395 302 558 341 prefatam
588 301 786 331 electionem
810 299 850 330 de
869 299 957 329 dicto
976 298 1088 337 priore
1106 298 1251 328 celebra-

242 358 323 391 tam,
351 356 548 386 auctoritate
574 356 690 384 nostra
704 354 901 383 confirmare
927 352 1064 389 curetis,
1090 352 1250 381 facientes
1278 373 1279 379 ,

243 410 273 440 ei
290 418 309 440 a
326 409 472 438 subditis
485 408 556 438 suis
573 407 799 437 obedientiam
816 407 848 436 et
862 405 1085 436 reverentiam
1104 405 1249 435 debitam

243 462 405 494 exhiberi.
426 461 599 499 Alioquin,
627 460 742 490 eadem
764 459 928 489 electione
954 458 1017 488 rite
1041 460 1183 492 cassata,
1211 458 1250 488 de

243 515 384 546 consilio
419 516 449 545 et
488 522 653 544 consensu
691 512 892 542 dilectorum
921 511 1068 541 filiorum
1085 535 1112 541 ..
1143 511 1250 541 sancti

242 568 388 600 Dionisii
417 567 608 603 Remensts,
640 568 715 596 et..
744 565 850 595 sancti
877 565 1041 595 Johannis
1067 565 1106 595 de
1135 564 1251 595 vineis

242 621 500 653 Suessionensis
516 620 747 655 eeclesiarum,
761 618 912 658 ejusdem
930 618 1072 652 ordinm,
1091 617 1250 648 abbatum

242 674 449 713 provideatis
467 675 651 704 memorate
670 673 811 703 ecclesie
827 672 867 702 de
890 672 1037 710 pastore.
1059 670 1250 701 Contradic-

241 730 330 759 tores
347 729 407 758 etc.
429 735 536 766 usque
552 726 805 765 compescendo.
822 725 946 755 Datum
963 724 1051 763 apud
1070 724 1249 755 Urbemve-

241 782 358 816 terem,
375 781 473 810 nonis
489 779 690 815 decembris,
709 788 795 809 anno
813 778 925 809 tertio.
948 787 963 807 »

738 967 861 998 Orvieto,
886 967 918 993 15
934 967 1085 993 decembre
1102 967 1178 993 1203.

331 969 427 1000 2343

275 1052 482 1079 Archidiacono
497 1051 631 1079 Trecensi
649 1053 767 1079 mandat
779 1054 810 1079 ut
823 1051 982 1082 Nicolaum,
997 1051 1106 1077 dictum
1121 1051 1249 1085 Sauyele,

239 1101 266 1128 in
283 1101 494 1136 possessionem
515 1101 700 1128 canonicatus
710 1103 736 1127 et
747 1101 925 1135 praebendae
939 1100 1076 1127 ccclesiae
1092 1099 1249 1127 Lirinensis

239 1150 317 1186 cujus
331 1150 425 1177 extitit
439 1150 627 1184 praepositus,
645 1150 752 1177 mittat.
769 1150 848 1185 (Rea.
867 1151 911 1181 29,
928 1149 975 1175 sol.
994 1150 1058 1183 202,
1073 1154 1104 1175 n⁰
1119 1150 1211 1182 1392.)

279 1265 294 1285 (t
310 1254 534 1284 Archidiacono
556 1255 706 1285 Trecensi.
727 1254 880 1285 Dilectus
895 1254 986 1284 filius
1004 1256 1118 1285 noster
1139 1255 1192 1288 A.‚
1208 1254 1249 1284 ti-

237 1309 300 1340 tuli
321 1309 434 1339 sancte
452 1308 616 1338 Praxedis
633 1307 810 1347 presbyter
834 1307 1029 1343 cardinalis,
1049 1307 1177 1338 habens
1191 1316 1249 1346 per

238 1363 372 1393 nostras
388 1361 450 1391 sul)
467 1363 556 1392 certa
574 1361 681 1392 forma
695 1361 827 1391 litteras
843 1361 1036 1391 facultatem
1049 1361 1248 1400 providendi

237 1415 360 1446 dilecto
383 1415 452 1445 filio
469 1415 622 1451 Nicolao,
644 1415 732 1445 dicto
751 1414 896 1454 Semele,
922 1415 1082 1445 canonico
1107 1414 1248 1445 ecclesie

236 1468 440 1505 Lirinensis,
458 1468 553 1507 cujus
580 1468 694 1498 extitit
713 1468 908 1506 prepositus
931 1470 961 1499 et
979 1468 1012 1498 in
1029 1477 1095 1507 qua
1119 1469 1248 1507 spectat

236 1522 375 1558 adeum,
388 1523 423 1552 ut
437 1522 571 1557 dicitur,
583 1521 719 1552 collatio
729 1521 990 1560 prebendarum,
1000 1531 1036 1551 ac
1047 1521 1247 1560 providendi

235 1575 266 1606 ei
283 1575 322 1606 de
340 1575 521 1614 prebenda,
542 1575 571 1605 si
588 1584 653 1614 qua
670 1577 748 1605 tunc
766 1574 905 1605 vacabat
922 1574 1047 1605 ibidem
1062 1575 1115 1605 vel
1133 1584 1248 1614 quam-

235 1629 383 1669 primum
402 1629 443 1659 ad
464 1629 496 1658 id
511 1629 724 1668 oportunitas
741 1637 776 1659 se
792 1628 936 1664 offerret,
957 1630 990 1659 et
1008 1629 1151 1659 faciendi
1170 1637 1247 1659 eum

235 1683 341 1722 recipi
365 1685 397 1712 in
422 1682 572 1721 ejusdem
601 1682 742 1712 ecclesie
768 1683 967 1713 canonicum
996 1684 1028 1712 et
1052 1682 1085 1712 in
1107 1682 1245 1713 fratrem

236 1744 365 1767 necnon
392 1736 657 1766 contradictores
680 1744 740 1774 per
761 1744 938 1766 censuram
968 1736 1244 1772 ecelesiasticam,

237 1789 463 1829 appellatione
497 1789 697 1828 postposita,
731 1789 976 1828 compescendi,
1012 1789 1246 1820 canonicatum

235 1843 386 1882 ejusdem
403 1842 555 1876 ecclesie,
580 1851 656 1872 cum
680 1841 889 1880 plenitudine
914 1841 1002 1881 juris
1023 1843 1187 1879 canonici,
1215 1844 1247 1873 et

234 1894 451 1933 prebendam,
463 1894 492 1924 si
507 1903 573 1932 qua
583 1894 668 1924 nulli
681 1895 740 1924 alii
751 1894 864 1925 debita
876 1894 1016 1925 vacabat
1027 1894 1166 1930 ibidem,
1180 1894 1245 1924 sibi

234 1947 331 1978 duxit
356 1947 555 1977 auctoritate
578 1947 772 1986 hujusmodi
795 1947 1028 1984 conferendos,
1051 1948 1199 1986 providit
1215 1947 1245 1978 ei

234 2000 274 2031 de
308 2000 379 2030 illis
408 2001 439 2030 et
468 2000 626 2030 dilectum
658 2000 767 2030 filium
798 2001 1000 2040 magistrum
1034 2001 1244 2036 Michaelem,

234 2054 348 2084 sancte
371 2054 522 2084 Romane
542 2053 682 2083 ecclesie
701 2053 1027 2089 vicecancellarium,
1058 2054 1243 2090 investivit,
1272 2060 1273 2067 ¹

234 2106 342 2146 ipsius
363 2106 495 2137 Nicolai
522 2106 669 2138 nomine,
688 2115 746 2145 per
764 2115 862 2136 suum
889 2106 1027 2136 anulum
1045 2107 1084 2136 de
1103 2107 1243 2136 eisdem.

232 2160 267 2190 Si
285 2168 364 2190 vero
388 2161 466 2190 tunc
492 2160 524 2189 in
542 2160 685 2190 ecclesia
704 2160 779 2198 ipsa
797 2159 891 2190 nulla
904 2159 1074 2198 prebenda
1092 2159 1242 2196 vacabat,

231 2212 436 2253 prebendam
468 2212 552 2242 inibi
578 2213 735 2251 proximo
768 2213 973 2247 vacaturam,
1006 2213 1243 2243 conserendam

232 2266 341 2296 eidem
356 2265 529 2296 donationi
546 2266 682 2304 proprie
698 2267 893 2302 reservavit,
908 2266 1091 2296 decernens
1110 2266 1243 2296 irritum

231 2320 264 2350 et
279 2319 375 2350 inane
396 2319 423 2349 si
451 2327 548 2349 secus
566 2319 606 2349 de
629 2319 825 2358 hujusmodi
849 2318 1019 2358 prebenda
1035 2319 1243 2358 contingeret

231 2372 437 2411 attemptari,
465 2373 562 2411 prout
593 2372 627 2402 in
659 2372 785 2402 litteris
805 2372 883 2402 inde
902 2372 1065 2403 confectis
1085 2373 1117 2403 et
1134 2372 1243 2411 ipsius

231 2425 413 2456 cardinalis
430 2425 542 2463 sigillo
559 2425 711 2461 munitis,
728 2425 863 2464 plenius
879 2426 1080 2456 continetur.
1096 2425 1167 2456 Nos
1183 2425 1243 2464 igi-

230 2479 297 2515 tur,
317 2479 405 2517 quod
427 2487 486 2517 per
512 2479 654 2508 eundem
679 2479 885 2509 cardinalem
916 2479 949 2508 in
980 2478 1041 2509 hac
1059 2481 1153 2517 parte
1182 2488 1241 2518 pro

230 2531 318 2562 dicto
343 2531 481 2562 Nicolao
503 2531 627 2562 sactum
646 2533 708 2567 est,
734 2532 843 2562 ratum
868 2531 1030 2562 habentes
1049 2534 1081 2562 et
1096 2533 1241 2571 gratum,

230 2584 316 2615 illud
337 2585 535 2615 auctoritate
560 2585 746 2623 apostolica
769 2585 1019 2622 confirmantes,
1044 2585 1241 2616 discretioni

228 2638 285 2668 tue
313 2638 511 2668 mandamus
538 2640 716 2677 quatenus,
748 2647 807 2677 per
838 2640 870 2669 te
902 2639 954 2669 vel
973 2648 1032 2678 per
1056 2639 1161 2669 alium
1181 2647 1240 2669 seu

230 2691 327 2727 alios,
341 2691 467 2722 dictum
483 2691 661 2722 Nicolaum
681 2692 820 2722 inducas
840 2691 872 2721 in
892 2692 1144 2731 possessionem
1160 2692 1240 2722 dicti

229 2745 446 2775 canonicatus
458 2746 489 2774 et
502 2744 681 2783 prebende,
700 2745 728 2775 si
739 2754 805 2784 qua
821 2745 906 2775 nulli
921 2746 978 2775 alii
990 2745 1103 2776 debita
1114 2745 1239 2776 ibidem

227 2799 324 2829 vacat
341 2798 383 2828 ad
398 2806 550 2837 presens,
565 2798 716 2837 alioquin
728 2799 769 2828 de
782 2798 859 2834 alia,
878 2807 978 2837 quam
996 2799 1106 2838 primo
1121 2807 1240 2829 vacare

227 2850 353 2881 ibidem
380 2851 568 2890 contigerit,
596 2852 775 2890 provideas
807 2851 931 2886 eidem,
966 2851 1130 2882 inducens
1161 2860 1238 2882 eum

228 2903 261 2934 in
287 2904 396 2943 ipsius
422 2904 674 2943 possessionem
699 2906 729 2935 et
753 2904 938 2936 defendens
958 2905 1143 2935 inductum.
1162 2905 1237 2935 Non

996 214 1240 245 REGISTRES
1266 213 1480 244 D’URBAIN
1510 213 1568 244 IV.

1309 297 1463 328 obstante
1484 315 1533 328 —-.
1559 297 1833 328 Contradictores
1856 298 1917 328 etc.
1940 305 2048 336 usque
2065 299 2322 338 compescendo.

1309 352 1432 381 Datum
1449 351 1538 390 apud
1568 350 1856 387 Urbemveterem,
1873 359 1956 380 xvxii
1980 350 2144 382 kalendas
2158 351 2320 390 januarii,

1309 413 1395 434 anno
1414 403 1524 434 tertio.
1547 413 1562 433 »

1399 572 1497 604 2344
1812 571 1936 605 Orvieto,
1956 572 1986 598 17
2001 572 2153 599 decembre
2169 571 2248 600 1263.

1344 655 1481 689 Magistro
1499 654 1588 682 Odoni
1609 655 1742 690 Capocio,
1761 655 1910 691 capellano
1929 656 2099 690 apostolico,
2119 655 2323 683 archidiacono

1309 703 1520 735 Cameracensi,
1537 705 1766 738 praeposituram
1792 705 1825 731 de
1846 705 2009 732 Restiniaeo
2023 705 2052 732 in
2072 704 2194 732 ecclesia
2212 713 2234 732 s.
2252 705 2323 731 Mar-

1308 753 1361 780 tini
1379 752 1564 784 Turonensis,
1575 755 1725 780 vacantem
1735 753 1913 788 perliberam
1927 753 2153 789 resignationem
2165 753 2322 787 Guillelmi,

1308 802 1437 829 canonici
1449 802 1633 836 Senoneusis,
1650 803 1781 837 germani
1794 803 1871 838 regis
1885 803 2041 835 Namrrae,
2051 802 2172 830 confert.
2187 803 2265 837 (Rrec.
2276 803 2322 835 29,

1308 850 1358 879 fol.
1374 853 1437 882 262,
1453 856 1485 878 n⁰
1505 852 1595 882 1393.)

1349 967 1363 986 «
1380 957 1530 996 ,ilaqistro
1546 955 1647 986 Odom'
1669 955 1814 996 Capocio,
1835 956 1996 996 capellano
2020 961 2133 991 nostro,
2163 956 2318 987 archidia-

1309 1019 1383 1039 cono
1404 1009 1630 1040 Comei-acensi.
1646 1010 1735 1041 Olim
1759 1010 1808 1040 tui
1833 1009 2010 1040 nobilitate
2028 1027 2077 1040 —.
2095 1011 2218 1041 Datum
2233 1009 2323 1049 apud

1309 1063 1599 1099 Urbemveterem,
1617 1072 1674 1093 xv1
1698 1063 1861 1094 kalendas
1885 1063 2047 1102 januarii,
2065 1072 2152 1094 anno
2172 1063 2284 1094 tertio.
2306 1073 2322 1092 υ

1397 1236 1495 1267 2345
1812 1234 1936 1265 Orvieto,
1953 1234 1986 1260 17
2002 1234 2152 1261 decembre
2173 1235 2250 1262 1263.

1342 1318 1546 1350 Percivallum,
1562 1318 1743 1353 capellanum
1768 1318 1972 1353 apostolicum,
1990 1318 2189 1350 Eboraeensis,
2210 1322 2237 1346 et
2268 1319 2324 1346 Ma·

1306 1367 1424 1394 thaeum
1438 1368 1472 1394 de
1489 1367 1582 1401 Fimo,
1597 1375 1620 1394 s.
1639 1367 1798 1394 Martinide
1813 1367 1929 1402 Capella
1942 1367 1970 1394 in
1986 1367 2062 1400 Bria,
2075 1367 2246 1394 Parisiensis
2262 1367 2324 1394 dio·

1306 1416 1391 1449 cesis,
1422 1416 1612 1444 ecclesiarum
1636 1417 1790 1444 canonicos
1818 1416 1982 1451 praedictae
2013 1417 2178 1444 collationis
2204 1417 2324 1452 deputat

1306 1468 1482 1493 executores.
1505 1466 1580 1501 (Rae.
1599 1466 1643 1497 29,
1659 1465 1708 1493 fol.
1726 1466 1778 1493 262
1792 1471 1828 1497 νο,
1844 1471 1874 1492 11⁰
1889 1466 1982 1500 1394.)

1346 1582 1361 1602 ((
1378 1570 1564 1608 ΡωέἰυαΙΙο,
1577 1570 1738 1611 capellano
1752 1574 1865 1606 nostro,
1879 1569 2097 1605 Eboracensis,
2110 1574 2136 1599 et
2148 1570 2270 1600 Matheo
2286 1570 2326 1600 de

1305 1626 1404 1662 Fimo,
1421 1636 1444 1655 s.
1464 1625 1593 1655 Martini
1621 1625 1650 1654 in
1673 1623 1801 1664 Capella
1818 1624 1848 1653 in
1869 1623 1957 1661 Bria,
1975 1623 2160 1653 Parisiensis
2183 1623 2323 1661 diocesis,

1305 1679 1496 1709 ecclesiarum
1509 1678 1673 1708 canonicis.
1687 1678 1777 1709 Olim
1792 1677 1969 1708 nobilitate
1985 1678 2177 1717 generiS—.
2195 1677 2321 1708 Datum

1305 1732 1394 1772 apud
1410 1732 1701 1768 Urbemveterem,
1722 1740 1779 1761 xvi
1797 1731 1962 1761 kalendas
1972 1730 2133 1769 januarii,
2154 1739 2240 1761 anno
2256 1732 2321 1761 ter-

1303 1788 1360 1817 tio.
1379 1796 1394 1816 »

1394 1961 1492 1993 2346
1796 1959 1925 1991 Orvieto,
1944 1959 1976 1986 12
1991 1959 2144 1986 decembre
2164 1959 2241 1986 1263.

1338 2044 1461 2071 Obtentu
1491 2044 1566 2078 regis
1594 2043 1747 2075 (tusleium,
1777 2042 1911 2078 episcopo
1937 2042 2097 2070 Conehensi
2126 2043 2255 2077 indul-get
2287 2046 2317 2070 ut

1302 2093 1372 2119 duos
1391 2101 1424 2119 ex
1441 2093 1499 2119 suis
1522 2092 1612 2126 ipsius
1627 2091 1740 2119 clericis
1755 2092 1783 2118 in
1796 2092 1948 2119 canonicos
1969 2095 1997 2119 et
2016 2091 2044 2118 in
2063 2091 2166 2119 fratres
2183 2091 2212 2119 iu
2227 2092 2318 2119 eccle·

1303 2141 1345 2168 sia
1364 2141 1524 2169 Conehensi
1546 2141 1632 2176 recipi
1652 2140 1748 2168 saciat.
1767 2141 1844 2175 (Rue.
1863 2140 1907 2174 29,
1928 2140 1976 2167 fol.
1993 2141 2054 2171 263,
2077 2146 2108 2167 n⁰
2124 2141 2218 2171 1395.)

1343 2259 1358 2278 «
1381 2271 1387 2278 .
1411 2274 1417 2279 ,
1438 2249 1578 2288 episeopo
1600 2248 1779 2279 Conchensi.
1798 2248 2030 2287 Apostolicam
2049 2248 2192 2287 gratiam
2214 2249 2318 2280 caris—

1302 2302 1412 2332 simus
1430 2319 1480 2330 —.
1500 2301 1624 2332 Datum
1641 2301 1729 2340 apud
1744 2300 2034 2337 Urbemveterem,
2053 2310 2075 2331 η
2092 2301 2168 2331 idus
2183 2301 2317 2333 decem-

1300 2355 1382 2393 bris,
1402 2364 1489 2386 anno
1508 2356 1619 2386 tertio.
1645 2366 1660 2385 »

1801 2530 1925 2562 Orricto,
1942 2530 1973 2558 18
1990 2530 2142 2558 decembre
2165 2531 2243 2558 1263.

1390 2532 1487 2563 2347

1335 2614 1543 2641 Archidiacono
1560 2614 1738 2649 Tripolitano
1765 2615 1883 2642 mandat
1901 2617 1929 2642 ut
1956 2614 2094 2641 Jacobum
2118 2615 2152 2641 de
2177 2613 2317 2647 Sollicho,

1297 2663 1432 2690 clericum
1461 2663 1629 2690 cenetensis
1656 2663 1804 2694 ccclesiae,
1835 2663 1871 2690 ab
1900 2663 2031 2690 hostibus
2060 2662 2200 2690 ecclesiae
2219 2663 2312 2691 multu

1297 2713 1402 2739 damna
1420 2720 1586 2747 perpessum
1605 2715 1631 2739 ot
1647 2712 1823 2747 apostolicae
1841 2712 1900 2739 sedi
1923 2720 1940 2739 a
1960 2711 2102 2739 Bonifatio
2121 2713 2156 2738 de
2174 2712 2311 2746 Canusio,

1297 2761 1474 2788 marescalco
1485 2761 1911 2796 apostolico,commendatum.
1928 2761 1956 2788 in
1970 2761 2052 2796 plebe
2067 2761 2102 2788 dc
2116 2761 2229 2788 Assulo.
2248 2762 2315 2788 Ter·

1297 2809 1406 2837 visinat·
1432 2810 1567 2844 diocesis,
1593 2810 1622 2837 in
1648 2809 1819 2838 canonicum
1845 2813 1871 2838 et
1900 2809 1928 2837 in
1953 2809 2073 2837 fratrem
2100 2809 2188 2845 recipi
2213 2809 2314 2838 saciat.

1298 2860 1377 2894 (neo.
1394 2860 1437 2890 29,
1455 2858 1503 2887 sol.
1522 2860 1584 2891 203,
1600 2864 1631 2886 n⁰
1651 2859 1743 2892 1396.)
