2519 3262
225 230 283 259 326

315 315 412 346 2030

772 313 896 344 Orvieto,
913 313 1062 349 1⁹¹'juillet
1084 314 1161 341 1264.

260 397 437 424 Cancellario
462 397 634 423 'tornacensi
656 397 775 423 mandat
798 400 828 423 ut
852 397 993 431 magistro
1013 397 1141 428 Fulconi,
1158 396 1234 423 dicto

224 447 326 478 Maseli,
349 446 410 482 jam
437 446 465 472 iu
480 445 602 472 ecclesia
624 454 646 471 s.
673 445 833 472 Pharaildis
858 446 1027 477 (laudensis,
1045 445 1234 472 Torum-ensis

223 495 357 525 diocesis,
379 495 405 521 in
420 494 590 521 canonicum
608 496 733 528 recepto,
750 494 898 528 quamcito
914 495 947 521 (16
961 495 1125 529 praebenda
1143 494 1235 529 provi-

224 545 298 571 deat.
314 544 389 575 (REG.
406 544 449 574 29,
467 543 517 570 101.
538 543 588 569 211
607 548 643 574 v⁰‚
658 548 687 568 1]ο
702 543 793 577 1080.)

263 659 279 680 ((
299 648 491 679 Cancellarz'o
514 648 708 678 Tornacensi.
727 649 880 679 Dilectus
898 649 989 679 filius
1006 649 1168 688 magister
1184 666 1232 677 —.

224 703 348 733 Datum
388 702 476 741 apud
513 701 801 738 Urbemveterem,
837 702 993 733 kalendis
1021 702 1111 741 julii,
1147 710 1234 732 anno

224 756 321 786 tertio
353 765 367 784 »

312 918 406 948 2031
812 917 939 950 Orvieto,
957 918 987 945 13
1001 919 1067 944 aout
1084 918 1162 945 1264.

258 1000 394 1035 Magistro
419 1001 559 1035 llayuerio
585 1002 619 1027 de
640 1001 785 1034 PassiacO,
806 1001 943 1029 canonico
971 1002 1116 1033 Remensi,
1142 1002 1235 1037 capel-

221 1048 287 1075 lano
314 1049 483 1084 apostolico,
508 1049 710 1076 canonicatum
737 1050 934 1077 Laudunensis
950 1051 1089 1077 ecclesiae
1107 1051 1232 1078 confert.

221 1098 299 1132 (Rae.
315 1099 360 1131 29,
378 1098 427 1125 fol.
443 1099 493 1126 211
511 1103 551 1130 νο,
570 1104 599 1125 n⁰
616 1099 709 1131 1081.)

261 1212 275 1230 (1
301 1202 447 1242 illayt'slro
473 1203 628 1241 Raynerio
654 1203 689 1233 de
718 1203 876 1239 Passiaeo,
907 1204 1053 1233 canonico
1083 1204 1232 1235 Remensi.

220 1255 319 1285 Clara
346 1255 526 1294 probitatis
542 1258 597 1286 tue
615 1274 664 1285 —.
683 1257 807 1287 Datum
832 1257 920 1296 apud
940 1257 1229 1293 Urbemveterem,

221 1308 298 1338 idus
313 1309 458 1347 augusti,
477 1318 564 1339 anno
581 1310 691 1340 tertio.
711 1319 727 1339 »

309 1467 408 1498 2032

805 1467 930 1497 Orvieto.
950 1468 981 1495 13
997 1470 1063 1494 aosit
1083 1468 1159 1495 1264.

256 1551 396 1578 Abbatem
427 1560 450 1578 s.
477 1551 604 1586 Dionysii
620 1555 648 1578 et
676 1552 830 1580 officialem
854 1553 1050 1580 archidiaconi
1080 1554 1230 1580 Remensis

221 1600 383 1634 praedictae
401 1600 563 1628 collationis
579 1604 743 1628 executores
755 1603 883 1636 deputat.
903 1603 982 1637 (Bas.
999 1603 1044 1634 29,
1063 1603 1111 1630 sol.
1132 1604 1181 1630 211
1195 1609 1233 1636 v0,

222 1654 251 1675 n⁰
270 1649 363 1680 1082.)

262 1765 277 1785 (<
294 1778 300 1783 .
316 1778 321 1783 .
338 1755 473 1784 abbatis.
490 1755 635 1792 Dionisz'i,
647 1760 674 1786 ct
693 1781 699 1787 .
718 1779 725 1785 .
739 1756 870 1796 officiali
882 1757 1093 1787 archidiaconi
1106 1758 1230 1787 Remen-

222 1808 270 1838 si's.
292 1808 391 1839 Clara
408 1808 522 1839 dilecti
540 1809 603 1839 tilii
617 1826 665 1840 -.
682 1810 807 1840 Datum
827 1812 862 1840 ut
878 1819 993 1849 supra.
1013 1821 1028 1840 1)

314 1964 410 1995 2033
778 1966 903 1997 Orvieto,
925 1967 952 1993 11
967 1967 1063 2001 juillet
1084 1968 1160 1995 1254.

258 2047 397 2082 Episcopo
412 2047 581 2075 Abrinvensi
598 2050 715 2076 mandat
729 2051 759 2076 ut
775 2050 895 2077 Johanni
917 2051 950 2077 de
965 2052 1102 2086 Sanques,
1116 2052 1234 2087 pauperi

223 2096 338 2128 clerico,
355 2097 389 2123 dc
405 2097 501 2132 aliquo
517 2097 713 2125 eeclesiastico
734 2098 871 2126 beneficio
893 2100 928 2126 ad
950 2100 1137 2127 collationem
1154 2109 1235 2136 spec-

223 2147 301 2171 tante
317 2145 418 2171 decani
440 2147 468 2172 ct
494 2145 612 2180 capituli
629 2155 678 2172 seu
704 2146 825 2182 alicujus
850 2148 980 2174 canonici
998 2158 1021 2175 s.
1040 2149 1183 2176 Guillelmi
1200 2151 1234 2176 de

224 2193 382 2226 Morctolio,
399 2194 583 2221 Abrincensis
595 2195 730 2227 diocesis,
747 2196 906 2230 provideat.
923 2197 1000 2231 (llas.
1011 2199 1055 2228 20,
1071 2198 1119 2224 t'ol.
1133 2199 1182 2225 211
1196 2205 1234 2231 v⁰,

224 2247 252 2267 11ο
268 2242 358 2273 1083.)

264 2357 278 2376 «
298 2347 456 2387 Episcopo
483 2348 675 2380 Abrincensi.
704 2350 918 2381 Constitutus
943 2351 977 2381 in
997 2352 1169 2390 presentia
1184 2369 1233 2383 —.

224 2400 347 2430 Datum
372 2401 461 2440 apud
482 2401 770 2438 Urbemveterem,
797 2413 816 2433 v
843 2404 921 2434 idus
945 2405 1035 2443 Julii,
1063 2414 1150 2436 anno
1168 2407 1236 2436 ter-

223 2453 282 2483 tio.
303 2464 317 2482 ›)

314 2622 409 2652 2034
821 2621 946 2655 Orvieto,
965 2623 981 2649 9
997 2625 1064 2650 aont
1084 2623 1162 2651 1264.

260 2704 445 2739 acceptiones
476 2705 606 2732 omnium
642 2706 818 2740 praehendas
853 2706 881 2733 in
911 2707 1033 2734 ccclesia
1069 2707 1235 2743 Lyriacensi

225 2753 453 2788 exspectantium
474 2756 600 2782 revocat.
616 2754 695 2789 (Rau.
707 2756 751 2786 29,
769 2755 819 2782 fol.
837 2756 899 2788 212,
917 2761 947 2782 11ο
966 2756 1057 2791 1084.)

265 2869 281 2889 «
303 2859 475 2895 Gici’llelmo,
493 2870 638 2899 ρει-1110110
663 2860 815 2890 karissimi
828 2861 859 2890 in
878 2861 998 2892 Christo
1012 2861 1073 2900 filii
1093 2862 1211 2892 nostri.
1228 2887 1235 2893 .

227 2913 306 2952 reyis
338 2912 477 2943 Naum-re
503 2913 641 2950 illustris,
666 2914 855 2944 thesaurario
872 2914 1048 2949 Sennaensi,
1074 2916 1234 2956 preposito

979 228 1221 260 REGISTRES
1248 229 1463 260 D‘URBAIN
1492 230 1549 260 IV.

1292 314 1484 354 Lyriacensis
1498 313 1630 351 ecclesie,
1646 314 1847 345 Bituricensis
1862 314 1998 345 diocesis.
2012 315 2132 347 Oblata
2150 315 2248 346 nobis
2263 324 2307 347 ex

1291 368 1385 406 parte
1404 369 1461 397 tua
1480 368 1599 406 petitio
1623 368 1816 398 continebat
1839 369 1927 407 quod
1948 368 2103 399 nonnulli
2123 369 2239 399 6161161
2255 378 2307 399 511-

1291 429 1350 459 per
1375 421 1566 460 receptione
1587 430 1624 451 36
1650 422 1846 460 provisione
1871 430 1933 452 sua
1958 422 1993 452 in
2018 421 2162 452 ecclesia
2186 422 2305 461 Lyria-

1291 473 1395 510 censi,
1424 474 1457 503 in
1487 483 1553 512 qua
1577 474 1829 513 prebendarum
1849 475 1984 505 collatio
2012 475 2053 505 ad
2081 477 2113 505 te
2133 476 2304 513 pertinere

1291 527 1427 562 dicitur,
1469 527 1602 558 litteras
1645 529 1850 566 apostolicas
1890 529 2128 567 impetrarunt,
2166 529 2305 567 quidam

1291 580 1394 610 etiam
1409 589 1470 619 per
1495 581 1627 611 litteras
1646 582 1738 611 sedis
1756 582 1939 620 apostolice
1958 581 2023 612 sibi
2038 582 2213 612 obtinuere
2230 591 2306 612 con-

1291 634 1363 664 cedi
1383 636 1419 664 ut
1436 634 1570 673 aliquos
1588 635 1622 664 in
1640 635 1730 665 dicta
1751 635 1895 665 ecclesia
1915 635 2047 674 possint
2073 635 2182 665 facere
2200 635 2307 674 recipi

1291 687 1325 717 in
1335 688 1515 718 canonicos
1527 689 1559 718 et
1569 688 1603 718 in
1614 688 1748 725 fratres,
1759 697 1795 719 36
1806 689 1977 727 provideri
1988 689 2101 719 sibide
2112 688 2305 728 prebendis,

1291 749 1367 771 cum
1388 741 1429 770 ad
1456 741 1489 771 id
1519 741 1731 780 oportunitas
1762 750 1798 772 se
1827 742 1972 772 offerret.
2002 742 2207 781 Hujusmodi
2226 750 2306 773 vero

1291 794 1483 824 litterarum
1502 795 1671 832 pretextu,
1697 795 1813 833 plures
1831 795 1893 825 sub
1912 795 2148 834 expectatione
2165 794 2303 834 preben-

1291 848 1411 877 darum
1430 849 1666 878 vacaturarum
1681 847 1809 878 ibidem
1826 848 1861 878 in
1876 848 2056 878 canonicos
2073 850 2153 878 sunt
2167 849 2306 887 recepti.

1290 900 1453 931 Volentes
1478 900 1592 939 igitur,
1621 901 1689 931 tuis
1717 901 2025 940 supplicationibus
2050 901 2215 936 inclinati,
2231 910 2307 931 ean-

1291 954 1367 983 dem
1385 954 1576 990 ecclesiam,
1591 963 1632 984 ex
1649 954 1762 985 officio
1779 956 1907 988 nostro,
1927 954 1968 984 ab
1984 954 2180 993 hujusmodi
2196 955 2307 993 provi-

1292 1006 1447 1037 sionibus
1464 1007 1620 1042 relevari‚
1638 1008 1849 1046 receptiones
1866 1008 2018 1038 omnium
2031 1017 2116 1046 quos
2132 1010 2169 1038 tu
2181 1007 2229 1037 ibi
2241 1016 2308 1038 non

1292 1060 1431 1090 duxeris
1467 1060 1507 1090 de
1544 1061 1685 1099 speciali
1722 1061 1831 1099 gratia
1865 1061 2073 1097 retinendos,
2116 1060 2308 1099 prehendas

1292 1113 1543 1152 expectantium
1555 1115 1744 1148 vacaturas,
1758 1113 1866 1144 factas
1882 1114 1916 1144 in
1929 1114 2004 1153 ipsa
2019 1114 2173 1151 ecclesia,
2191 1115 2308 1145 nostra

1291 1166 1346 1196 vel
1369 1166 1436 1196 alia
1464 1167 1586 1205 quavis
1610 1167 1821 1202 auctoritate,
1850 1176 1885 1197 ac
1912 1168 2013 1198 etiam
2038 1167 2171 1198 litteras
2189 1176 2307 1207 supra-

1292 1220 1410 1256 dictas,
1426 1220 1626 1250 auctoritate
1637 1221 1847 1258 presentium
1864 1229 2074 1256 revocamus,
2087 1221 2306 1251 decernentes

1291 1275 1322 1303 te
1343 1282 1379 1303 36
1402 1273 1588 1312 capitulum
1617 1273 1728 1312 ipsius
1756 1274 1898 1304 ecclesie
1928 1275 1968 1304 ad
1995 1275 2222 1313 receptionem
2251 1274 2305 1305 vel

1291 1326 1522 1365 provisionem
1537 1327 1730 1366 aliquorum
1748 1335 1807 1366 per
1823 1327 2018 1366 hujusmodi
2036 1328 2168 1358 litteras
2181 1328 2304 1367 aliqua-

1291 1381 1388 1409 tenus
1414 1388 1481 1409 non
1507 1380 1627 1410 teneri.
1654 1380 1749 1410 Nulli
1780 1389 1859 1419 ergo
1881 1382 1994 1410 nostre
2026 1379 2253 1410 revocationis
2274 1381 2307 1410 et

1291 1433 1546 1463 constitutionis
1569 1435 1631 1464 etc.
1651 1451 1700 1462 —.
1718 1434 1844 1464 Datum
1867 1433 1956 1473 apud
1978 1433 2267 1469 Urbemveterem,
2284 1441 2306 1463 v

1291 1486 1369 1516 idus
1387 1487 1534 1526 augusti,
1550 1495 1637 1517 anno
1650 1487 1762 1518 tertio.
1783 1496 1800 1517 >>

1377 1643 1476 1674 2035
1892 1644 2017 1674 Orvieto.
2033 1645 2050 1671 9
2066 1646 2133 1671 aout
2151 1644 2230 1672 1204.

1327 1727 1500 1762 Episcopum
1516 1726 1797 1754 Autissiodorenscm
1815 1728 1977 1762 praedictae
1997 1728 2186 1756 revocationis
2207 1737 2306 1756 execu-

1291 1779 1385 1803 torem
1398 1777 1526 1811 deputat.
1543 1777 1621 1811 (imi.
1639 1778 1683 1807 29,
1700 1776 1748 1803 sol.
1771 1778 1834 1809 212,
1852 1783 1880 1803 n⁰
1898 1778 1989 1809 1085.)

1333 1893 1347 1913 (1
1365 1883 1520 1923 Episcopo
1533 1883 1556 1913 ,1
1565 1883 1803 1914 utissiodorensi.
1817 1883 1939 1915 Oblata
1948 1883 2043 1914 nobis
2057 1892 2099 1914 ex
2114 1902 2163 1913 -.
2180 1884 2306 1914 Datum

1293 1938 1329 1967 ut
1349 1946 1463 1976 supra.
1486 1947 1500 1965 n

1383 2092 1480 2123 203ss
1857 2091 1981 2117 Orvieto.
1997 2092 2029 2118 21
2042 2090 2137 2126 juillet
2154 2091 2233 2118 1264.

1328 2175 1466 2209 Episcopo
1482 2175 1633 2202 Leodicnsi
1658 2175 1864 2202 transfretandi
1883 2177 1918 2202 ad
1947 2177 2171 2203 su‹·»·urrendu1u
2203 2176 2307 2203 Terrae

1292 2225 1414 2252 Sanctae
1429 2225 1558 2252 concedit
1579 2225 1757 2252 facultatem.
1773 2226 1852 2260 tum.
1875 2225 1984 2257 29,1“01.
2007 2227 2069 2253 212.
2091 2231 2121 2252 n⁰
2144 2226 2237 2259 1086.)

1333 2342 1347 2360 «
1369 2355 1375 2360 .
1394 2354 1400 2360 .
1422 2332 1562 2372 episcopo
1587 2331 1756 2361 Lcodiensi.
1785 2333 1970 2372 Postquam
1992 2333 2106 2363 divine
2127 2333 2308 2364 clementia

1293 2385 1481 2423 majestatis
1508 2385 1737 2416 humilitatem
1766 2388 1929 2422 nostram,
1951 2389 2050 2424 prout
2077 2386 2254 2425 dignanter
2275 2387 2305 2417 ei

1292 2438 1430 2477 placuit,
1445 2438 1485 2468 ad
1502 2439 1686 2477 apostolice
1699 2439 1876 2478 dignitatis
1891 2440 2109 2470 altitudinem
2128 2439 2302 2476 exaltavit,

1293 2491 1412 2522 intime
1428 2492 1637 2522 sinceritatis
1664 2491 1803 2523 affectus
1818 2501 1918 2532 quem
1935 2493 1976 2523 ad
1990 2493 2129 2524 Terram
2147 2493 2305 2524 Sanctam

1292 2545 1420 2575 dudum
1453 2544 1646 2581 habuimus,
1675 2546 1734 2576 sed
1766 2546 1925 2585 precipue
1949 2546 2030 2576 dum
2057 2546 2305 2585 patriarchatus

1291 2597 1561 2628 Jerosolimitani
1597 2599 1747 2629 officium
1787 2598 2003 2638 gerebamus,
2039 2600 2130 2630 tanto
2163 2599 2303 2638 majoris

1293 2650 1444 2680 caritatis
1471 2651 1546 2689 igne
1568 2660 1752 2681 succensus
1771 2651 1896 2686 extitit,
1918 2653 2044 2690 quanto
2064 2651 2305 2690 Redemptoris

1293 2704 1399 2733 nostri
1416 2703 1609 2743 benignitas
1632 2704 1729 2734 nobis
1749 2705 1790 2735 ad
1806 2704 1866 2735 hoc
1885 2705 1926 2735 de
1946 2713 2005 2735 sue
2021 2705 2181 2735 thesauro
2197 2705 2304 2744 gratie

1292 2756 1369 2796 plus
1399 2756 1554 2787 indulsit.
1588 2757 1681 2788 Tunc
1712 2758 1850 2797 quidem
1878 2757 1951 2788 dies
1984 2758 2105 2788 anxios
2128 2760 2160 2788 et
2191 2759 2306 2789 noctes

1292 2808 1414 2849 vigiles
1426 2818 1463 2839 ac
1479 2810 1618 2849 penales
1635 2819 1696 2841 nos
1715 2819 1794 2850 sepe
1811 2811 1928 2850 sepius
1939 2811 2121 2842 recolimus
2130 2810 2303 2842 habuisse.

1292 2865 1329 2894 ut
1344 2864 1434 2894 terra
1453 2864 1539 2903 ipsa,
1564 2864 1697 2895 favente
1712 2865 1826 2895 divine
1842 2865 1979 2895 virtutis
2005 2865 2167 2904 presidio,
2187 2865 2227 2895 de
2243 2873 2304 2896 sua

1291 2917 1537 2948 deformatione
1566 2918 1701 2958 lugubri
1720 2920 1835 2957 posset
1857 2918 1890 2948 111
1918 2920 2044 2949 statum
2073 2918 2180 2949 letitie
2199 2918 2305 2949 refor-
