2519 3262
1073 164 1313 203 TROISIEME
1342 161 1506 200 ANNEE.

252 257 366 295 gravia
398 265 500 286 onera
529 264 766 295 expensarum,
782 264 854 291 nos,
873 254 934 285 tibi
951 256 983 284 et
997 255 1105 285 eidem
1126 262 1260 284 monis-

251 309 337 339 terio
348 318 449 348 super
459 309 519 339 hoc
529 309 705 347 providere
716 308 879 344 volentes,
892 307 1101 346 presentium
1112 306 1174 336 tibi
1186 314 1260 336 auc-

251 363 387 392 toritate
403 362 619 392 concedimus
633 363 669 392 ut
683 362 767 391 duos
782 361 951 399 prloratus
966 359 1116 398 ejusdem
1127 367 1260 388 monas-

252 415 330 445 terii
348 424 412 445 non
431 415 683 450 conventuales,
702 415 741 444 de
759 413 883 452 quibus
902 412 1030 442 videris
1049 411 1208 449 expedire
1229 412 1261 440 et
1291 428 1292 434 η

254 468 424 506 inquibus
443 468 620 498 instituere
633 468 665 497 et
681 466 880 500 destituere,
894 472 1017 503 ponere
1035 472 1071 494 ac
1087 471 1260 493 removere

252 521 382 559 priores
396 522 428 551 et
438 528 600 559 personas
612 528 728 550 eorum
741 518 781 548 ad
797 519 828 547 te
841 517 1010 556 pertinere
1021 517 1190 553 noscatur,
1202 525 1261 555 per

252 582 356 603 uuum
385 582 509 603 annum
539 573 579 602 ad
609 580 730 602 manus
752 572 828 600 tuas
846 569 951 600 libere
972 569 1086 599 valeas
1103 570 1260 605 retinere,

253 626 366 665 aliqua
380 625 618 656 constitutione
637 623 805 654 contraria
819 631 883 652 non
902 621 1066 652 obstante.
1081 622 1132 652 Ita
1149 623 1261 652 tamen

252 679 339 717 quoti
356 679 421 717 ipsi
438 678 606 716 prioratus
623 676 747 706 debitis
764 675 938 713 obsequiis
955 676 986 704 et
1002 674 1115 704 debito
1133 683 1168 704 ac
1186 683 1258 704 con-

254 733 348 761 sueto
382 731 584 761 servitorum
619 737 758 759 numero
794 736 859 758 nou
894 727 1103 758 fraudentur.
1138 728 1261 758 Datum

252 784 340 822 apud
358 783 645 817 Urbemveterem,
666 791 684 811 v
703 782 780 811 idus
807 781 981 817 februarii,
1012 789 1097 811 anno
1114 780 1224 811 tertio.
1247 791 1261 809 »

795 947 920 982 Orvieto,
938 947 968 974 13
985 947 1089 974 sevrier
1110 948 1187 974 1204.

342 952 437 982 1309

287 1035 424 1069 Magistro
452 1034 595 1068 Ladisla0‚
622 1033 824 1060 archidiacono
852 1041 876 1059 s.
899 1032 1062 1060 Leustachii
1090 1033 1118 1059 in
1138 1032 1261 1060 ecclesia

251 1083 451 1119 strigoniensi,
467 1083 572 1111 clerico
588 1082 748 1118 llungariae
767 1082 856 1116 regis,
869 1082 999 1109 concedit
1017 1084 1048 1108 ut
1062 1084 1166 1116 praeter
1186 1081 1260 1108 hunc

248 1132 515 1160 archidiaconatum
534 1132 622 1166 possit
639 1132 666 1158 in
683 1131 813 1158 Jaureusi
830 1131 873 1157 vel
887 1129 1093 1165 vesprimiensi
1111 1133 1157 1157 aut
1175 1131 1261 1162 Quin-

248 1181 474 1216 queecclesiensi
488 1181 649 1208 diocesibus
664 1179 741 1207 aliud
757 1179 927 1206 beneficium
949 1179 1178 1206 ecclesiasticum
1195 1186 1259 1205 cum

249 1230 413 1257 animarum
429 1239 496 1257 cura
513 1230 666 1264 suscipere.
680 1229 759 1264 (nno.
773 1230 817 1260 29,
833 1228 881 1255 fol.
901 1229 960 1260 lli,
977 1234 1006 1255 n⁰
1017 1229 1084 1261 3593
1102 1228 1259 1258 Porruasr,

254 1279 362 1314 18709.)

289 1396 303 1415 ((
325 1386 473 1425 Mayislro
490 1384 646 1421 Ladfslao,
668 1384 883 1414 archidiacono
901 1393 925 1413 s.
949 1383 1141 1412 Leuseaclzit¹
1165 1383 1197 1412 in
1216 1392 1261 1412 ec-

250 1439 339 1469 clesia
358 1439 576 1477 Slriqoniensi‚
595 1437 703 1467 clerico
723 1437 874 1466 karissimi
895 1436 924 1464 in
944 1436 1064 1466 Clerislo
1087 1435 1148 1474 filii
1165 1436 1262 1465 nostri

254 1492 387 1531 [lnqarie
417 1492 495 1531 reyis
524 1490 663 1520 illustris.
693 1490 836 1528 Adjutos
865 1489 1028 1519 virtutum
1054 1489 1187 1519 meritis
1211 1506 1259 1519 ——.

250 1546 374 1576 Datum
390 1545 477 1584 apud
493 1544 782 1578 Urbemveterem,
799 1542 875 1572 idus
902 1541 1075 1576 februarii,
1094 1551 1179 1572 anuo
1199 1544 1262 1572 ter-

251 1599 310 1629 tio.
326 1608 340 1627 ))

795 1770 917 1801 Orvieto,
941 1771 970 1797 ¹3
988 1769 1091 1796 fe'vrier
1114 1769 1189 1796 1264.

342 1772 438 1803 '1310

285 1855 469 1889 (Iollutiones,
488 1855 733 1889 praesentationes
745 1857 771 1880 et
785 1855 984 1881 concessiones
998 1854 1087 1880 factas
1097 1854 1132 1879 ab
1142 1853 1261 1879 Henrico

250 1905 285 1931 de
296 1905 500 1939 llinsebcrgue,
512 1905 579 1930 dum
591 1903 715 1930 indebite
726 1911 775 1938 pro
787 1903 949 1938 praeposito
959 1902 1097 1929 ecelesiae
1109 1902 1262 1928 Colonien-

250 1953 288 1980 sis
306 1963 334 1980 se
352 1954 479 1988 gerebat⁷
497 1953 625 1980 deceruit
642 1952 739 1979 irritas
757 1955 783 1979 et
801 1952 910 1978 inanes.
930 1952 1008 1987 (Bm.
1028 1952 1072 1983 29,
1091 1951 1140 1978 fol.
1159 1951 1206 1978 ill
1223 1956 1260 1985 νο,

251 2008 280 2028 u⁰
295 2002 370 2037 300.)

290 2115 303 2134 «
321 2103 455 2134 ..abbati
465 2103 702 2139 Em'ebodiensi,
715 2102 1006 2132 Premonstralensis
1018 2102 1144 2138 ordinis,
1156 2106 1183 2131 el
1195 2101 1261 2140 ple-

251 2159 327 2187 bano
346 2157 468 2188 ecclesie
493 2156 528 2186 de
547 2156 639 2193 Dure,
658 2156 829 2186 Leodiensis
844 2160 871 2185 et
891 2155 1079 2186 Coloniensis
1098 2155 1259 2185 diocesum.

250 2212 380 2242 Dilecto
411 2210 481 2241 filio
510 2210 672 2246 Arnoldo,
702 2209 876 2248 capellano
894 2211 1020 2246 nostro,
1042 2210 1118 2239 nato
1135 2209 1261 2239 nobilis

251 2264 313 2294 viri
336 2287 341 2293 ,
364 2289 369 2294 .
388 2264 522 2294 comitis
541 2263 580 2294 de
598 2264 676 2299 Los,
693 2262 865 2301 preposito
878 2261 1018 2292 ecclesie
1033 2261 1259 2298 Coloniensis,

250 2317 441 2356 accepimus
452 2317 630 2347 intimante
643 2316 743 2355 quod,
755 2315 930 2351 electione,
943 2324 1006 2354 que
1020 2315 1060 2345 de
1074 2314 1261 2345 venerabili

251 2370 354 2400 fratre
374 2371 488 2400 nostro
507 2394 513 2400 .
535 2391 542 2398 .
561 2367 755 2400 Coloniensi
784 2368 1048 2407 archiepiScopo,
1067 2368 1101 2398 in
1118 2368 1261 2398 ecclesia

251 2423 401 2461 predicta
425 2421 592 2452 celebrata
610 2421 799 2460 extitit‚per
816 2421 929 2451 sedem
947 2420 1168 2460 apostolicam
1187 2429 1262 2451 con-

252 2476 394 2512 firmata,
416 2484 477 2505 nos
494 2475 745 2514 preposituram
762 2474 870 2513 ipsius
887 2474 1038 2510 ecclesie,
1056 2483 1157 2513 quam
1171 2474 1261 2504 idem

251 2529 535 2567 archiepiscopus,
554 2527 778 2566 promotionis
804 2536 864 2557 sue
893 2528 1056 2566 tempore,
1076 2527 1260 2563 obtinebat,

251 2581 360 2612 eidem
394 2581 543 2611 Arnoldo
562 2581 768 2611 contulimus
785 2582 816 2611 et
834 2580 1047 2610 decrevimus
1076 2580 1211 2611 irritum
1230 2582 1262 2610 et

253 2634 349 2664 iuane
369 2634 398 2664 si
415 2642 512 2664 secus
528 2634 568 2664 de
582 2634 797 2672 prepositura
811 2633 885 2672 ipsa
898 2633 1104 2672 contingeret
1119 2635 1261 2672 attemp-

252 2687 329 2723 tari,
347 2696 413 2717 non
431 2687 585 2717 obstante
599 2686 688 2725 quod
714 2686 861 2716 nondum
884 2686 1064 2716 decursum
1085 2687 1156 2716 erat
1181 2686 1262 2716 tem-

254 2749 315 2778 pus
335 2740 373 2770 de
392 2739 629 2770 consecrandis
646 2739 814 2778 episcopis
829 2748 846 2769 a
860 2738 1045 2769 canonibus
1058 2739 1261 2775 diffinitum,

286 2857 307 2880 1.
328 2855 459 2880 Potthast
474 2855 545 2880 ecrit
562 2862 613 2886 par
632 2862 731 2879 erreur
746 2853 889 2878 Eustachii.

2268 168 2323 196 173

1319 252 1496 288 dictusque
1511 248 1796 286 archiepiscopus,
1811 247 1842 276 iu
1859 248 1971 276 nostra
1984 249 2012 276 et
2024 247 2171 284 plurium
2184 247 2323 277 fratrum

1318 305 1511 334 nostrorum
1527 301 1709 340 presentia,
1727 300 1837 338 ipsum
1858 299 2043 329 Arnoldum
2064 300 2096 328 in
2115 300 2323 338 prepositum

1317 355 1458 386 ecclesie
1474 353 1639 393 prelibate
1661 353 1701 383 ad
1720 353 1872 382 osculum
1892 352 1984 391 pacis
2003 351 2138 381 admisit
2158 354 2188 381 et
2207 360 2325 381 manus

1319 409 1427 447 ipsius
1442 408 1481 437 A.
1500 407 1588 436 inter
1605 414 1684 435 suas
1702 405 1947 443 constringens,
1962 404 2001 434 ab
2016 405 2131 434 eodem
2146 405 2184 434 Α.
2204 405 2326 442 recepit

1318 462 1510 500 homagium
1534 461 1626 490 velut
1652 469 1669 489 a
1686 459 1857 498 preposito
1875 459 2015 489 ecclesie
2033 459 2191 497 sepefate,
2210 466 2326 487 secun-

1318 515 1397 544 dum
1428 514 1516 553 quod
1543 513 1575 542 iu
1604 512 1793 550 receptione
1822 511 1931 550 ipsius
1948 511 2122 549 prepositi,
2144 511 2275 549 quando
2294 511 2326 540 in

1291 568 1293 578 ¹
1319 567 1471 605 ejusdem
1485 566 1625 596 ecclesie
1639 565 1670 594 in
1684 564 1894 603 prepositum
1910 573 1927 593 a
1941 563 2133 594 Coloniensi
2147 563 2324 601 archiepis·

1319 628 1401 658 copo
1427 619 1628 654 admittitur,
1655 617 1738 653 sieri,
1765 619 1799 647 ut
1819 617 1952 653 dicitur,
1974 616 2158 646 consuevit.
2178 616 2240 645 Sed
2260 624 2326 646 me-

1292 685 1293 692 *
1320 674 1471 702 moratus
1496 671 1770 709 archiepiscopus
1790 670 1936 699 Henrico
1955 670 1994 699 de
2017 668 2260 707 Hinsebergue,
2279 669 2325 706 ip-

1319 726 1391 755 sius
1408 725 1549 755 ecclesie
1565 724 1736 758 canonico,
1752 732 1851 762 quem
1864 723 2047 761 capitulum
2061 722 2210 761 ejusdem
2226 722 2327 751 eccle-

1319 779 1379 812 sie,
1400 779 1475 816 post
1489 777 1704 807 collationem
1722 776 1927 814 hujusmodi,
1943 775 1981 805 de
2000 775 2097 809 facto,
2111 783 2185 804 cum
2201 774 2239 804 de
2252 775 2326 813 jure

1319 830 1546 869 nequiverint,
1570 830 1603 859 in
1634 838 1733 859 suum
1758 828 1969 867 prepositum
1991 827 2145 866 elegisse,
2165 827 2327 866 cujusque

1319 883 1516 913 electionem
1537 882 1684 912 vicarius
1702 881 1824 921 prefati
1845 880 2087 919 archiepiscopi
2110 880 2327 910 confirmasse

1320 936 1487 972 dicuntur,
1506 937 1620 966 contra
1638 934 1849 965 nominatum
1859 934 1898 963 A.
1913 941 2013 971 super
2028 932 2088 963 hoc
2107 932 2254 962 favorem
2269 932 2329 961 im·

1318 989 1444 1027 pendit,
1458 997 1615 1019 asserens
1628 987 1716 1027 quod
1727 987 1815 1017 idem
1830 987 1869 1016 A.
1884 985 2041 1016 exhibere
2056 985 2121 1015 sibi
2134 985 2327 1023 homagium

1318 1041 1513 1081 hujusmodi
1526 1050 1591 1072 non
1612 1042 1756 1071 curarat.
1771 1040 1867 1072 Unde
1882 1048 1942 1069 nos
1957 1039 2065 1069 eidem
2076 1038 2327 1076 archiepiscopo

1318 1095 1445 1126 nostris
1460 1095 1617 1125 dedimus
1630 1094 1755 1124 litteris
1770 1093 1911 1123 firmiter
1927 1093 1960 1122 in
1974 1091 2141 1131 preceptis
2154 1092 2200 1128 ut,
2217 1092 2328 1121 amoto

1319 1147 1359 1177 ab
1393 1148 1510 1178 eadem
1528 1147 1743 1186 prepositura
1760 1146 1848 1176 dicto
1869 1145 2015 1175 Henrico
2036 1146 2066 1174 et
2087 1143 2238 1182 quolibet
2262 1143 2328 1173 alio

1319 1201 1503 1236 detentore,
1537 1201 1661 1231 faceret
1693 1199 1882 1238 sepefatum
1913 1199 1954 1228 A.
1988 1198 2097 1236 ipsius
2116 1198 2328 1236 prepositure

1319 1254 1459 1293 pacifica
1478 1253 1695 1292 possessione
1716 1252 1860 1292 gaudere
1878 1261 1914 1282 ac
1943 1251 2064 1286 eidem,
2088 1253 2248 1289 tanquam
2269 1250 2329 1280 Co-

1318 1307 1464 1338 loniensi
1477 1307 1662 1346 preposito,
1676 1306 1805 1337 intendi
1819 1307 1851 1336 et
1865 1305 1904 1335 de
1915 1304 2049 1343 juribus
2062 1313 2097 1334 ac
2110 1303 2329 1342 proventibus

1319 1361 1429 1399 ipsius
1458 1360 1672 1399 prepositure
1695 1359 1845 1398 plenarie
1864 1357 2074 1397 responderi,
2103 1357 2253 1396 injuncto
2271 1365 2329 1395 per

1319 1414 1405 1443 alias
1421 1415 1555 1444 nostras
1573 1413 1706 1443 litteras
1724 1411 1909 1442 venerabili
1933 1410 2029 1440 fratri
2055 1411 2169 1440 nostro
2190 1432 2195 1438 .
2215 1434 2220 1438 .
2249 1411 2330 1440 Leo-

1320 1467 1430 1496 diensi
1454 1467 1624 1505 episcopo,
1645 1491 1650 1496 .
1669 1489 1674 1494 .
1692 1467 1723 1495 et
1746 1465 1868 1495 dilecto
1888 1464 1970 1500 filio,
1988 1463 2099 1493 abbati
2130 1463 2328 1492 monasterii

1320 1519 1427 1549 sancti
1445 1519 1626 1555 Trudonis,
1639 1518 1839 1548 Leodiensis
1857 1516 2014 1552 diocesis,
2037 1517 2082 1551 ut,
2102 1515 2130 1545 si
2150 1515 2259 1544 dictus
2279 1523 2328 1543 ar-

1319 1572 1554 1610 chiepiscopus
1575 1571 1769 1601 mandatum
1787 1572 1939 1600 nostrum
1954 1569 1988 1598 in
2004 1568 2064 1598 hac
2078 1570 2170 1606 parte
2183 1568 2326 1606 neglige-

1320 1627 1369 1655 ret
1393 1625 1590 1664 adimplere,
1617 1624 1682 1663 ipsi
1701 1623 1753 1654 vel
1770 1631 1885 1653 eorum
1904 1622 1987 1653 alter
2008 1630 2084 1652 eum
2102 1621 2143 1650 ad
2160 1621 2203 1655 id,
2222 1620 2326 1650 moni-

1319 1678 1409 1708 tione
1437 1678 1616 1716 premissa,
1645 1676 1777 1707 sublato
1801 1675 1981 1714 cujuslibet
1998 1673 2236 1712 appellationis
2254 1672 2328 1703 ohs-

1319 1731 1442 1767 iaculo,
1472 1730 1672 1761 auctoritate
1703 1732 1817 1759 nostra
1849 1736 1965 1766 cogere
1982 1728 2212 1766 procurarent.
2229 1726 2328 1761 Sane,

1319 1784 1469 1822 predicto
1493 1783 1745 1821 archiepiscopo
1765 1782 1798 1811 in
1824 1780 2021 1811 executione
2042 1779 2189 1810 mandati
2208 1779 2325 1812 nostri,

1319 1845 1384 1867 non
1403 1837 1475 1866 sine
1494 1835 1678 1874 apostolice
1696 1835 1787 1864 sedis
1807 1834 1931 1872 injuria
1951 1835 1981 1863 et
1998 1834 2190 1870 contemptu
2209 1841 2244 1862 ac
2262 1841 2329 1862 me-

1319 1890 1439 1920 morati
1453 1889 1593 1919 Arnoldi
1604 1888 1800 1927 prejudicio,
1815 1886 1993 1926 procedere
2005 1885 2205 1924 negligente,
2220 1885 2328 1915 dictus

1318 1943 1486 1973 Henricus
1518 1942 1587 1981 qui,
1611 1942 1765 1979 pretextu
1795 1939 1970 1970 electionis
2002 1940 2033 1969 et
2062 1938 2327 1968 confirmationis

1318 1996 1559 2034 predictarum,
1573 2003 1632 2033 pro
1655 1993 1851 2024 Coloniensi
1870 1992 2042 2031 preposito
2060 2000 2095 2022 se
2113 1991 2210 2030 gerit,
2224 1991 2326 2020 admi-

1318 2049 1511 2079 nistrationi
1529 2049 1694 2078 bonorum
1714 2046 1927 2085 prepositure
1943 2045 2071 2083 prefate
2089 2053 2123 2074 se
2140 2046 2264 2074 temere
2282 2044 2329 2073 in-

1318 2112 1449 2142 gerens,
1470 2101 1671 2141 quamplura
1688 2100 1861 2135 beneficia,
1876 2107 2019 2138 quorum
2031 2098 2164 2128 collatio
2175 2098 2216 2127 ad
2232 2097 2327 2127 Colo-

1318 2158 1468 2186 mensem
1497 2154 1706 2193 prepositum
1732 2153 1888 2191 pertinet,
1920 2152 2065 2182 diversis
2082 2150 2236 2189 personis
2255 2159 2328 2180 con-

1316 2209 1395 2239 tulit
1411 2210 1442 2238 et
1459 2208 1499 2238 ad
1518 2207 1661 2246 quedam
1683 2207 1761 2242 alia,
1780 2214 1924 2244 quorum
1948 2205 2035 2235 idem
2062 2203 2256 2242 prepositus
2277 2204 2327 2233 est

1316 2264 1492 2301 patronus,
1512 2260 1693 2291 nonnullas
1708 2267 1870 2298 personas
1888 2258 1973 2288 alias
1990 2266 2050 2296 pro
2068 2265 2126 2286 sue
2143 2256 2326 2286 voluntatis

1317 2315 1414 2345 libito
1434 2313 1654 2353 presentavit,
1683 2312 1847 2351 quasdam
1872 2311 2010 2349 insuper
2033 2309 2269 2340 concessiones
2287 2309 2326 2339 de

1316 2368 1414 2398 bonis
1442 2367 1552 2406 ipsius
1569 2366 1782 2405 prepositure
1802 2366 1927 2395 temere
1947 2363 2111 2399 faciendo,
2134 2362 2167 2392 in
2184 2362 2325 2400 predicti

1315 2421 1459 2452 Arnoldi
1475 2429 1541 2450 non
1558 2419 1727 2450 modicum
1742 2417 1957 2456 dispendium
1972 2417 2003 2447 et
2013 2423 2205 2455 gravamen.
2216 2415 2326 2451 Quare

1317 2473 1489 2513 sepefatus
1497 2473 1669 2504 Arnoldus
1682 2471 1779 2502 nobis
1791 2470 1966 2500 humiliter
1975 2469 2179 2508 supplicavit
2192 2470 2238 2504 ut,
2251 2477 2326 2498 cum

1317 2536 1355 2558 eo
1370 2529 1519 2566 tempore
1532 2535 1597 2565 quo
1614 2524 1801 2565 prelibatus
1815 2523 1983 2553 Henricus
2000 2522 2035 2552 in
2049 2521 2260 2561 prepositum
2275 2529 2326 2551 ec-

1317 2580 1418 2611 clesie
1438 2580 1587 2619 predicte
1612 2588 1629 2608 a
1652 2578 1781 2617 prefato
1798 2576 1945 2616 capitulo
1967 2584 2002 2606 se
2021 2575 2165 2606 electum
2185 2583 2221 2604 ac
2242 2574 2326 2604 elec-

1316 2634 1441 2664 tionem
1456 2631 1649 2672 hujusmodi
1663 2640 1723 2670 per
1737 2631 1961 2661 memoratum
1973 2628 2136 2658 vicarium
2150 2626 2327 2657 confirma-

1316 2688 1385 2717 tam
1399 2686 1505 2716 fuisse
1517 2683 1908 2724 proponit‚prepositura
1920 2682 1994 2721 ipsa
2005 2681 2094 2711 dicto
2107 2680 2255 2710 Arnoldo
2267 2687 2326 2718 per

1318 2748 1378 2770 nos
1390 2739 1476 2769 foret
1494 2738 1627 2772 collata,
1641 2737 1755 2775 sicque
1770 2735 1963 2773 hujusmodi
1976 2733 2095 2765 electio
2115 2733 2143 2762 si
2161 2741 2227 2771 qua
2240 2732 2323 2762 facta

1317 2791 1441 2827 extitit,
1459 2792 1574 2830 utpote
1587 2790 1627 2820 ad
1645 2789 1894 2828 preposituram
1912 2788 2020 2826 ipsam
2038 2786 2232 2816 nullatenus
2249 2787 2325 2815 tunc

1317 2846 1502 2881 vacantem,
1516 2845 1632 2874 contra
1643 2842 1811 2882 prefatum
1824 2841 1995 2872 decretum
2007 2841 2172 2873 nostrum,
2187 2838 2227 2868 de
2242 2837 2326 2868 facto
