2519 3262
220 222 277 252 168

216 303 394 343 providere
422 301 586 333 volentes,
613 307 670 329 cos
699 299 791 328 solos
815 298 872 337 qni
903 299 997 328 erant
1026 297 1223 327 auctoritate

217 357 407 387 litterarum
435 354 526 384 sedis
551 351 735 390 apostolice
762 351 796 381 in
825 351 967 381 ecclesia
994 350 1066 388 ipsa
1086 349 1220 388 recepti,

216 408 428 440 decrevimus
455 413 641 441 remanere,
669 404 878 443 receptiones
900 403 1004 433 factas
1023 403 1062 432 de
1081 402 1223 441 reliquis

216 464 373 492 eteorum
391 460 521 490 litteras
539 468 575 489 ac
591 457 789 488 collationes
807 456 1051 495 prebendarum
1070 455 1222 493 aliosque

216 521 396 553 processus
425 511 558 542 habitos
587 519 646 549 pro
676 510 815 545 eisdem,
834 509 900 539 nisi
919 508 1059 539 collatas
1075 508 1125 538 eis
1150 516 1222 546 pre·
1249 512 1250 543 ἶ

215 567 342 597 bendas
360 566 452 604 ipsas
474 565 585 603 quiete
603 572 639 594 ac
657 563 793 602 pacifice
809 562 1034 601 possiderent,
1055 561 1094 590 de
1118 560 1222 599 pleni-
1249 587 1250 608 1

215 619 330 650 tudine
357 617 536 657 potestatis
565 616 749 655 apostolice
774 613 979 646 revocantes.
1000 614 1085 644 Sane
1107 613 1147 643 ad
1165 622 1218 643 au-

215 673 378 703 dientiam
396 673 548 701 nostram
577 669 729 709 pervenit
756 669 843 707 quod
863 668 1081 707 quamplures
1098 666 1222 705 recepti

216 726 248 755 in
278 725 427 763 predicta
459 723 601 753 ecclesia
630 722 692 751 sul)
716 721 946 760 expectatione
976 720 1221 759 prebendarum

216 780 463 812 vacatur-arum,
484 776 685 806 auctoritate
713 775 904 805 litterarum
923 774 1108 813 legatorum
1132 773 1222 802 sedis

216 831 323 870 ipsius
341 832 373 861 et
388 832 501 861 vestro
520 829 655 868 proprio
674 830 778 864 motu,
798 827 943 858 assecuti
964 827 1088 856 suntin
1106 826 1220 856 eadem

214 884 356 914 ecclesia
376 883 588 922 personatus7
609 881 790 920 dignitates
803 882 834 911 et
851 880 961 910 ofticia
977 880 1136 909 consueta
1152 880 1222 908 tan·

214 938 285 967 tum
304 936 476 966 canonicis
493 935 644 974 ejusdem
665 934 805 965 ecclesie
826 933 1004 972 assignari.
1022 932 1108 968 Quia
1132 940 1222 967 vero,

214 991 312 1028 prout
330 989 515 1028 accephns,
543 988 734 1018 obtinentes
756 987 968 1026 personatus,
987 985 1168 1024 dignitates
1191 986 1223 1015 et

214 1043 325 1073 officia
340 1041 546 1081 hujusmodi,
563 1041 602 1071 de
614 1041 753 1079 antiqua
767 1041 799 1070 et
815 1039 999 1079 approbata
1015 1040 1046 1069 et
1062 1038 1222 1068 hactenus

213 1096 350 1134 pacifice
363 1094 542 1125 observata
554 1093 812 1130 consuetudine,
823 1093 901 1123 sunt
917 1091 1068 1122 canonici
1082 1091 1222 1122 ecclesie

214 1149 418 1187 supradicte,
439 1148 525 1178 scire
545 1156 603 1178 vos
617 1147 776 1177 volumus
791 1146 879 1185 quod
896 1147 1008 1176 nostre
1024 1144 1223 1175 intentionis

214 1210 279 1232 non
294 1201 407 1231 extitit
417 1209 475 1231 nec
493 1200 610 1230 existit
631 1201 665 1229 ut
686 1199 726 1229 ad
742 1199 828 1229 tales
847 1197 1040 1237 hujusmodi
1057 1197 1222 1227 revocatio

215 1263 249 1284 se
276 1254 444 1285 extendat.
474 1254 536 1284 Per
568 1253 629 1283 hoc
658 1254 770 1282 autem
794 1252 915 1282 dilecto
940 1251 1010 1280 filio
1041 1250 1220 1290 Stephano,

214 1308 338 1338 decano
369 1306 534 1340 Tullensi‚
556 1308 586 1336 et
619 1306 688 1335 illis
706 1305 829 1344 quibus
848 1304 1035 1344 prebendas
1065 1305 1222 1334 vacantes
1249 1320 1250 1325 =

214 1360 247 1390 in
266 1361 382 1391 eadem
409 1360 551 1390 ecclesia
580 1359 796 1394 contulimus,
816 1358 946 1388 nullum
965 1357 1122 1387 volumus
1148 1365 1222 1396 pre-

210 1413 375 1452 judicium
404 1413 568 1452 generari.
596 1413 719 1442 Datum
746 1411 834 1450 apud
862 1411 1151 1444 Urbemvetereri,
1185 1419 1219 1438 111

213 1467 289 1496 idus
307 1466 480 1501 t'ebruarii,
501 1474 586 1496 anno
604 1465 715 1495 tertio.
739 1474 753 1493 »

751 1652 875 1685 Orvieto,
897 1652 927 1680 is
945 1652 1047 1678 few-ier
1071 1651 1148 1679 1202.

303 1656 318 1685 l
326 1656 397 1686 298

248 1738 404 1771 Praeposito
428 1740 455 1764 et
475 1737 600 1772 capitulo
626 1737 753 1764 ecelesiae
780 1736 968 1771 augustensis
994 1737 1103 1763 inhibet
1131 1744 1165 1762 ne
1185 1736 1218 1762 de
1247 1745 1248 1751 ¹

211 1786 348 1813 electione
373 1787 457 1813 futuri
483 1795 581 1813 eorum
607 1786 732 1820 episcopi
752 1789 835 1820 agant
856 1788 1011 1820 antequam
1028 1785 1158 1812 nonnulli
1175 1793 1219 1812 ca-
1247 1818 1248 1823 1

1247 1831 1248 1835 ’
1277 1829 1369 1864 bant,
1391 1838 1504 1859 eoram
1523 1829 1639 1859 eodem
1654 1838 1730 1868 rege
1748 1829 1931 1858 traxissent
1949 1828 1982 1858 in
2001 1835 2150 1863 causam,
2168 1826 2288 1866 petito-

211 1836 303 1862 noniei
318 1837 352 1862 de
367 1836 445 1862 curia
461 1836 496 1862 ad
515 1836 590 1869 ipsos
606 1836 732 1862 redeant.
754 1835 831 1868 (lino.
850 1837 893 1865 Δ),
914 1834 962 1861 101.
987 1835 1045 1866 loo,
1062 1839 1092 1860 nO
1105 1834 1181 1867 318.)

252 1948 265 1967 11
287 1963 291 1967 .
310 1939 489 1977 .1]1·epesilo
514 1943 540 1967 el
559 1938 692 1977 cripitnlo
721 1937 843 1967 ecclesie
874 1939 1082 1977 Aliqua-tensis.
1118 1939 1218 1968 Intel-

213 1991 296 2021 10010
322 2000 427 2030 nuper
447 1991 534 2030 1111011
553 1991 638 2021 bone
656 1992 817 2021 memorie
835 2013 840 2019 .
860 2015 865 2021 .

212 2045 329 2080 tensis,
353 2044 452 2074 rebus
479 2045 549 2074 erat
573 2044 730 2073 humanis
755 2046 945 2082 exemptus,
967 2053 1039 2077 nos,
1069 2045 1126 2082 11111
1152 2046 1218 2075 Au—

211 2100 405 2137 gustensem
432 2097 609 2127 ecclesiam
638 2097 769 2127 sincera
797 2097 976 2135 diligentes
1007 2097 1039 2126 in
1076 2098 1217 2128 Domino

211 2151 360 2186 caritate,
377 2150 416 2180 de
436 2151 543 2189 ipsius
561 2150 688 2180 salubri
714 2159 832 2180 sumus
854 2151 1046 2189 provisione
1065 2150 1216 2187 solliciti,

212 2203 377 2233 vellemus
401 2204 432 2233 et
452 2212 511 2242 pro
532 2212 629 2241 posse
648 2203 793 2233 libenter
812 2212 946 2241 operam
964 2203 1165 2242 largiremur
1184 2205 1217 2234 ut

211 2257 298 2286 circa
326 2256 554 2295 provisionem
590 2256 785 2295 hujusmodi
817 2256 986 2286 fructuose
1020 2257 1217 2286 attentionis

211 2309 361 2340 studium
391 2309 581 2339 haberetur.
620 2310 724 2346 Unde,
755 2318 829 2339 cum
868 2309 899 2339 111
932 2309 991 2340 hoc
1017 2309 1217 2339 dilectorum

211 2363 359 2393 1111011101
396 2363 563 2401 Aymonis
598 2362 836 2396 archidiaconi,
868 2362 960 2392 Petri
994 2362 1032 2392 de
1064 2363 1218 2400 Angusta

210 2415 388 2454 presbiteri
416 2417 448 2446 et
470 2416 604 2446 Radulti
626 2416 665 2446 de
686 2416 782 2446 Valle
801 2415 927 2445 Penina
943 2415 1152 2451 subdiaconi,
1168 2425 1216 2445 ca-

211 2469 409 2499 nonicorum
428 2469 578 2507 ejusden]
596 2469 749 2503 ecclesie,
762 2469 934 2507 presentia
950 2470 1104 2507 speretur
1121 2468 1216 2498 utilis

211 2523 243 2551 et
261 2522 443 2560 plurimum
464 2523 639 2560 oportuna,
659 2522 873 2553 universitati
888 2523 997 2552 vestre
1013 2523 1127 2552 tenore
1146 2530 1216 2560 pre-

212 2574 358 2604 sentium
384 2574 575 2604 inhibemus
596 2583 647 2611 ne,
680 2575 767 2605 infra
795 2575 895 2605 nnius
916 2574 1044 2605 mensis
1069 2575 1216 2613 spatimn

211 2627 472 2665 computandum
493 2636 532 2657 ex
551 2637 648 2664 1111110,
670 2628 710 2658 ad
727 2628 937 2664 electionem,
955 2627 1216 2666 postulationem

210 2688 270 2710 seu
284 2680 547 2710 nominationem
564 2681 713 2720 aliquam
730 2682 769 2712 de
787 2682 957 2720 episcopo,
975 2681 1047 2711 sine
1064 2681 1149 2720 ipsis
1167 2690 1217 2711 ar-

211 2732 405 2763 chidiacono
433 2735 465 2763 et
489 2734 660 2764 canonicis
677 2743 763 2773 quos
781 2735 821 2764 ad
838 2742 978 2773 presens
995 2734 1082 2772 apud
1101 2734 1214 2764 sedem

211 2786 430 2825 apostolicam
455 2787 655 2817 constitutos
679 2789 711 2817 et
736 2787 775 2817 ad
799 2787 831 2817 id
865 2787 1125 2826 presentialiter,
1160 2796 1214 2817 an-

211 2840 331 2869 nuente
348 2839 502 2875 Domino,
519 2840 691 2876 allaturos,
704 2840 841 2870 interim
859 2840 1028 2879 expectari
1045 2840 1212 2876 volumus,

211 2891 403 2922 nullatenus
414 2892 595 2930 procedere
613 2893 832 2932 attemptetis,
849 2894 983 2924 extunc
999 2893 1039 2923 ad
1056 2893 1126 2927 hoe,
1148 2893 1212 2923 nisi

888 1991 1067 2030 episcopus
1086 1992 1216 2030 Augus-

1244 2566 1353 2604 ¹et..

965 212 1208 245 REGISTREs
1240 211 1454 242 D'URBAIN
1488 211 1543 241 lv.

1280 294 1369 325 infra
1389 294 1612 334 prescriptum
1630 295 1764 332 tempus
1779 294 1944 331 venerint,
1961 294 2066 325 libere
2085 295 2288 333 processuri.

1279 348 1351 378 Nos
1366 348 1454 378 enim
1471 347 1604 377 irritum
1626 347 1838 376 decernimus
1857 348 1889 377 et
1906 347 2004 378 inane
2022 347 2051 377 si
2071 356 2168 377 secus
2188 356 2291 387 super

1279 401 1348 431 hiis
1375 401 1554 439 contigerit
1581 399 1786 438 attemptari*
1814 400 1938 430 Datum
1964 400 2053 439 apud
2073 400 2289 432 Urbemvete-

1280 463 1364 491 rem,
1382 463 1443 484 xni
1464 453 1626 484 kalendas
1640 453 1765 487 martii,
1785 461 1871 483 anno
1887 453 1997 483 tertio.
2019 462 2036 482 1)

1374 657 1466 687 1299
1839 654 1964 685 Orvieto,
1982 656 1998 682 2
2012 654 2125 689 janvier
2141 654 2218 681 1204.

1317 741 1342 766 S.
1364 740 1482 766 Andre-se
1503 742 1528 765 01
1552 739 1747 766 Aberdonensi
1774 739 1915 774 episeopis
1934 748 1966 766 ac
1988 739 2084 766 abbati
2106 740 2141 766 110
2163 739 2292 765 01101101·-

1281 788 1373 815 11101111
1397 789 1624 815 controversiam
1650 788 1724 814 inter
1742 788 1900 814 walterum
1920 788 2015 815 Bulloc
2043 791 2070 815 et
2094 788 2228 822 Mariam,
2247 796 2294 815 co·

1285 837 1431 863 mitissam
1447 838 1480 863 dc
1506 836 1659 867 Manem-d,
1677 844 1793 863 uxorem
1810 837 1881 872 ejus,
1902 845 1934 864 ex
1954 839 2035 871 parte
2059 845 2123 867 nna,
2144 839 2171 863 et
2189 836 2291 863 Johan-

1281 894 1346 913 nem
1375 886 1484 917 Russet,
1503 885 1623 912 Eliensis
1645 886 1778 919 111000818,
1800 889 1827 912 et
1844 885 2009 919 isabellam,
2032 893 2147 912 uxorem
2167 885 2238 920 ejus,
2259 892 2292 911 ex

1279 935 1381 967 altera,
1400 938 1560 962 vertentem
1585 944 1668 970 super
1691 935 1831 962 comitatu
1857 936 1890 962 tle
1910 935 2053 962 Manethet
2077 934 2156 970 regni
2177 934 2289 965 scotiae,

1282 993 1368 1019 quem
1396 988 1515 1019 utraque
1534 993 1599 1019 pars
1629 994 1642 1011 a
1661 992 1726 1019 rege
1745 985 1845 1011 8001111ἶ
1864 985 2009 1011 asserebat
2027 985 2055 1011 in
2071 984 2184 1011 feudum
2200 991 2230 1010 se
2243 984 2291 1010 de-

1249 1038 1251 1055 t
1282 1033 1298 1059 b
1308 1041 1355 1060 ere
1370 1036 1479 1064 tenere,
1507 1034 1679 1060 audiendam
1703 1036 1730 1060 et
1751 1034 1938 1060 decidendam
1959 1033 2126 1060 committit.
2152 1033 2228 1067 (Rea.
2246 1031 2290 1060 29.

1249 1082 1251 1092 '
1282 1082 1331 1109 fol.
1351 1083 1410 1116 109,
1426 1088 1454 1109 n⁰
1468 1082 1538 1115 3493
1559 1082 1716 1115 Pomnsr,
1737 1082 1843 1117 18759.)

1321 1200 1335 1219 «
1368 1189 1597 1219 Venerabilibus
1611 1189 1761 1229 fratribus
1775 1212 1780 1218 .
1795 1216 1800 1219 .
1817 1190 1915 1219 samri
1928 1189 2061 1225 Aridi-ee,
2073 1194 2116 1218 et.
2133 1212 2138 1217 .
2154 1187 2291 1218 Aberdo-

1280 1243 1368 1272 nensi
1386 1243 1547 1283 episcopis,
1565 1254 1599 1271 111·
1623 1242 1733 1272 dilectu
1749 1241 1815 1282 silio
1832 1268 1836 1272 .
1853 1265 1859 1271 .
1878 1242 1981 1271 abbati
1996 1242 2032 1271 de
2055 1240 2287 1279 Dumfermelin,

1278 1297 1382 1326 sancti
1405 1296 1527 1326 Amlree
1547 1296 1683 1326 diocesis.
1705 1296 1755 1326 Ex
1781 1299 1876 1334 parte
1903 1296 2072 1326 carissimi
2096 1295 2128 1324 in
2155 1295 2289 1325 Christo

1279 1350 1342 1379 filii
1373 1350 1522 1380 nostri..
1550 1349 1696 1379 illustris
1729 1349 1818 1388 regis
1844 1348 1965 1385 Scotie,
1989 1349 2051 1378 fuit
2077 1348 2289 1387 propositum

1279 1412 1390 1433 coram
1415 1403 1512 1433 nobis
1532 1403 1632 1441 quod,
1653 1411 1726 1432 cum
1754 1401 1880 1432 nobilis
1896 1402 1947 1431 vir
1965 1401 2142 1432 XValterns
2159 1401 2288 1437 13111100,

1279 1457 1311 1486 et
1340 1455 1463 1486 nobilis
1483 1456 1605 1485 mulier
1623 1455 1741 1490 Maria,
1760 1455 1934 1485 eomitissa
1950 1455 1990 1485 de
2007 1453 2188 1490 Manethet‚
2204 1462 2290 1484 uxor

1248 1501 1250 1527 ἶ
1279 1510 1364 1549 ejus,
1380 1509 1528 1539 nobilem
1545 1509 1654 1539 virum
1665 1508 1851 1539 Johannem
1869 1507 2004 1542 Russel,
2018 1507 2166 1538 Eliensis
2180 1507 2286 1538 dioce-

1279 1563 1340 1599 sis,
1369 1564 1398 1592 et
1420 1562 1566 1592 nobilem
1587 1562 1764 1592 mulierem
1794 1561 1988 1597 Isabellam,
2010 1569 2151 1591 uxorem
2167 1560 2288 1599 ipsius,

1279 1625 1387 1654 super
1412 1615 1573 1645 comitatu
1593 1615 1632 1645 de
1655 1614 1825 1645 Manethet
1843 1614 1937 1653 regni
1954 1614 2064 1644 Scotie
2085 1622 2184 1652 quem
2202 1615 2289 1643 utra-

1247 1664 1248 1676 *
1279 1678 1343 1707 que
1363 1678 1441 1707 pars
1468 1668 1508 1698 ab
1536 1668 1654 1698 eodem
1683 1677 1760 1707 rege
1778 1667 1950 1698 asserebat
1972 1667 2005 1697 in
2026 1667 2163 1697 feudum
2182 1675 2217 1697 se
2234 1666 2289 1697 de—

1278 1722 1355 1752 bere
1372 1724 1497 1756 tenere,
1517 1724 1547 1751 et
1565 1731 1666 1760 super
1685 1730 1750 1760 11110
1772 1721 1950 1751 XYalterus
1968 1723 1999 1751 et
2021 1720 2129 1751 Maria
2146 1719 2288 1759 predicti

1278 1776 1415 1805 eosdem
1441 1776 1627 1805 .lol1anne1n
1663 1777 1693 1805 et
1719 1774 1904 1805 Isabellam
1932 1773 1998 1804 sibi
2020 1773 2174 1814 injuriari
2202 1773 2289 1803 dice-

1280 1883 1370 1912 rium
1389 1884 1421 1912 et
1451 1882 1702 1921 possessorium
1720 1881 1927 1917 intentando,
1945 1881 2055 1911 dictus
2073 1889 2143 1917 rex,
2162 1880 2288 1910 auditis

1278 1944 1341 1974 que
1357 1937 1469 1973 partes
1480 1935 1657 1965 voluerunt
1675 1943 1777 1973 super
1789 1934 2015 1973 possessorio,
2030 1941 2196 1972 suspenso
2213 1933 2286 1970 ipso

1279 1988 1449 2027 petitorio,
1469 1996 1654 2026 proponere
1669 1996 1781 2017 coram
1794 1996 1844 2023 ee,
1863 1989 1893 2017 et
1905 1987 2048 2025 cognitis
2066 1986 2174 2024 ipsius
2187 1993 2286 2015 cause

1247 2032 1248 2038 ἵ
1278 2041 1411 2071 meritis
1429 2043 1459 2070 et
1484 2041 1573 2079 juris
1591 2041 1707 2070 ordine
1728 2040 1916 2075 observato,
1939 2049 1975 2069 ac
1994 2039 2145 2069 ‚Iohanne
2161 2038 2286 2069 Russel

1277 2096 1308 2124 et
1328 2093 1474 2123 isabella
1501 2094 1662 2132 predistis
1688 2092 1914 2132 presentibus,
1935 2092 2186 2131 possessionem
2206 2091 2285 2121 dieti

1277 2147 1462 2177 comitatus
1488 2156 1524 2176 ac
1539 2147 1665 2185 jurium
1685 2149 1715 2176 et
1735 2146 2016 2184 pertinentiarum
2032 2146 2105 2184 ejiis
2123 2154 2181 2183 per
2199 2145 2285 2174 disfi-

1279 2200 1421 2230 nitivam
1441 2201 1645 2230 sententiani
1663 2199 1816 2229 Waltero
1831 2202 1861 2229 et
1878 2199 1982 2229 Marie
2000 2198 2203 2237 adjudicavit
2222 2198 2286 2228 eis-

1276 2254 1362 2289 dem,
1391 2253 1523 2292 utrique
1552 2253 1639 2292 parti
1665 2262 1766 2292 super
1784 2253 1989 2291 proprietate
2007 2252 2086 2282 dieti
2106 2251 2285 2282 comitatus

1272 2306 1347 2345 jure
1371 2316 1431 2336 81111
1460 2306 1700 2336 nichilominus
1729 2308 1911 2336 reservato.
1933 2305 2152 2335 Postmodum
2172 2306 2284 2335 autem

1276 2359 1373 2390 nobis
1392 2361 1587 2399 suggestum
1600 2359 1709 2390 extitit
1723 2360 1823 2398 1111011,
1838 2359 1914 2389 lieet
1925 2359 2050 2388 dudum
2066 2359 2152 2388 inter
2164 2358 2282 2388 Johan-

1276 2422 1351 2443 nem
1370 2416 1399 2444 et
1420 2413 1597 2443 Isabellam
1616 2413 1796 2452 predictos,
1814 2413 1853 2442 de
1872 2421 2038 2442 consensu
2059 2412 2168 2451 ipsius
2183 2412 2284 2451 regis,

1276 2467 1308 2497 in
1319 2467 1434 2497 eodem
1454 2476 1565 2506 regno,
1580 2468 1677 2506 prout
1690 2466 1812 2496 ibidem
1828 2466 1897 2495 lieri
1914 2465 2285 2501 consuevit‚1natri1no—

1275 2521 1329 2551 nio
1350 2520 1528 2556 celebrato,
1549 2520 1680 2550 nobiles
1702 2520 1764 2549 viri
1788 2520 1827 2549 de
1847 2545 1852 2550 .
1871 2542 1876 2547 .
1897 2520 1980 2555 Mar,
2002 2545 2007 2549 .
2027 2543 2033 2548 .
2061 2519 2101 2548 de
2122 2517 2283 2555 Rocham,

1373 2574 1412 2604 de
1422 2574 1569 2604 Striders
1588 2574 1740 2609 comites,
1759 2573 1888 2603 Alanus
1907 2572 2069 2603 ostiarius
2082 2574 2112 2602 et
2130 2571 2284 2602 nonnulli

1274 2628 1331 2658 alii
1361 2627 1501 2657 vassalli
1530 2636 1644 2658 eorum
1662 2627 1892 2666 juramentum
1923 2625 2097 2657 fidelitatis
2115 2624 2280 2664 prestitis-

1273 2683 1346 2711 sent
1371 2681 1510 2717 eisdem,
1530 2681 1610 2710 dieti
1637 2682 1749 2710 tamen
1776 2680 1917 2710 comites
1947 2682 1977 2709 et
2006 2679 2136 2709 Alanus
2163 2687 2200 2708 ac
2225 2685 2282 2708 no·

1272 2733 1358 2764 biles
1382 2734 1445 2764 viri
1462 2734 1662 2764 Maleolmus
1680 2742 1792 2764 eomes
1810 2733 1849 2763 de
1874 2732 1938 2766 fif,
1957 2732 2128 2763 ,Iohannes
2147 2731 2282 2768 Cumin,

1272 2787 1464 2818 Alexander
1491 2787 1602 2823 Oviot,
1631 2795 1758 2817 necnon
1782 2788 1813 2816 et
1829 2786 1970 2821 Alanus,
1988 2785 2099 2815 dietus
2120 2784 2212 2814 filius
2230 2793 2283 2815 co·

1272 2841 1376 2877 mitis,
1411 2841 1507 2880 Ilugo
1535 2841 1574 2871 de
1603 2840 1779 2879 llerkeley,
1804 2839 1911 2870 David
1935 2839 1976 2869 de
1993 2838 2150 2873 Graham,
2175 2838 2281 2868 David

1272 2894 1310 2923 de.
1331 2894 1464 2929 Louna,
1492 2894 1700 2933 Regin-aldus
1725 2893 1835 2923 dietus
1863 2892 1964 2929 Cams,
1996 2892 2093 2931 Hugo
2112 2891 2153 2921 de
2172 2890 2280 2921 Habe-
