2519 3262
1008 268 1249 306 TROISIEME
1283 267 1446 305 ANNEE.

181 375 197 394 »
214 365 282 399 bat,
311 363 483 394 commisit
507 364 537 392 et
569 361 740 392 mandavit
770 361 879 391 eidem
908 359 1143 390 archidiacono
1160 359 1196 387 ut
1225 363 1227 369 ’

182 428 197 447 »
214 419 303 448 inter
312 417 481 456 predictos
497 416 697 454 magistrum
715 415 852 444 Petrum
869 411 1021 443 Corderii
1039 412 1071 441 et
1081 411 1196 448 domp-
1225 446 1227 460 ἰ

180 482 195 499 n
216 479 297 500 num
314 469 525 500 Bernardum
541 468 594 498 vel
611 467 779 506 prefatum
797 467 936 496 Petrum
956 465 996 494 de
1013 463 1195 499 Fornellis,

180 526 466 562 »procuratorem
491 521 643 560 ejusdem
666 519 803 557 dompni
820 519 869 554 B.,
891 517 1123 556 procuratorio
1143 524 1197 546 no-
1225 544 1226 561 ἒ

181 586 196 605 ))
212 577 302 606 mine
320 584 379 614 pro
397 575 471 614 ipso
488 575 537 607 B.‚
550 582 651 612 super
668 573 756 602 dicta
774 571 918 601 ecclesia
935 571 975 600 de
990 572 1081 600 Ansa
1101 571 1132 599 et
1144 569 1195 607 ju-

180 639 195 658 »
213 629 309 659 ribus
327 630 358 659 et
374 627 591 667 pertinentiis
601 626 674 656 suis
693 625 835 659 ordinet,
853 625 990 659 statuat,
1006 622 1193 662 provideat,
1224 623 1226 639 ³

180 692 195 711 »
213 682 380 717 decernat,
401 680 584 710 arbitretur
601 687 659 708 seu
675 677 802 716 judicet
830 679 929 715 atque
952 676 1087 706 mandet
1108 675 1196 704 inter
1224 715 1225 718 Ἴ

180 747 195 763 »
213 743 271 765 eos
287 735 386 773 prout
412 732 534 762 viderit
552 731 723 770 expedire.
741 730 964 760 Postmodum
989 737 1068 759 vero
1092 728 1195 758 iidem

181 800 196 816 »
218 787 378 826 magister
392 786 514 816 Petrus
527 784 692 817 Corderii‚
708 792 767 822 pro
783 791 828 817 se,
849 784 879 813 et
896 783 1006 812 dictus
1019 782 1139 812 Petrus
1156 781 1195 811 de

180 838 391 871 »F01·nellis,
413 838 611 876 procurator
631 836 711 866 dicti
735 835 872 874 doi‘npni
893 835 943 870 B„
963 833 1194 872 procuratorio

181 905 194 921 ι»
214 892 348 922 nomine
362 899 422 930 pro
442 890 560 920 eodem
576 889 758 922 Bernardo‚
778 888 904 918 habens
923 888 964 918 ad
982 888 1042 917 hoc
1061 887 1101 917 ab
1120 887 1195 925 ipso

179 945 351 984 »dompno
366 945 402 975 B.
412 943 559 982 speciale
574 943 771 972 mandatum
781 943 813 972 et
827 941 969 971 liberam
980 941 1192 979 potestatem,

178 1011 193 1027 »
214 1000 313 1038 prout
341 998 375 1027 in
404 997 629 1027 instrumento
647 995 782 1034 publico
800 995 875 1025 inde
892 994 1042 1024 confecto
1061 994 1195 1032 plenius

179 1061 194 1081 »
213 1051 415 1086 continetur,
429 1050 631 1088 cujustenor
644 1048 787 1078 inferius
805 1049 996 1083 annotatur,
1016 1046 1196 1085 dispendia

180 1105 319 1135 »litium
330 1105 361 1134 et
375 1103 584 1142 judiciorum
594 1101 767 1132 anfractus
777 1101 883 1131 vitare
897 1100 1061 1134 volentes,
1076 1100 1194 1138 sponte

180 1169 193 1186 ι
210 1159 241 1188 et
265 1157 384 1193 libere,
407 1155 473 1186 alte
497 1157 528 1186 et
550 1155 660 1191 basse,
681 1154 990 1193 compromiserunt
1014 1154 1048 1183 in
1067 1153 1194 1182 dictum

178 1219 195 1240 »
215 1209 490 1240 archidiaconum
506 1210 681 1247 tamquam
698 1208 732 1237 in
748 1207 927 1244 arbitrum,
945 1206 1192 1242 arbitratorein,

180 1272 195 1293 »
210 1262 472 1302 compositorem
483 1263 514 1292 et
529 1269 741 1291 communem
755 1261 913 1297 amicum,
928 1269 963 1290 se
974 1259 1192 1293 ordinationi,

180 1328 194 1343 »
212 1315 412 1355 provisioni,
427 1314 579 1349 arbitrio,
600 1315 738 1350 statuto,
753 1312 1142 1352 decreto,jurisdictioni
1162 1314 1194 1342 et

180 1379 194 1399 »
211 1369 368 1399 mandato
398 1368 508 1406 ipsius
539 1367 765 1397 archidiaconi
778 1367 928 1396 totaliter
940 1365 1191 1401 submittentes,

180 1433 194 1449 »
213 1431 250 1452 ac
269 1421 379 1452 dictus
404 1421 565 1460 magister
589 1420 711 1450 Petrus
731 1420 883 1450 Corderii
901 1428 961 1458 pro
980 1428 1015 1449 se
1033 1420 1065 1449 et
1084 1419 1193 1448 dictus

179 1488 193 1503 »
206 1476 242 1505 P.
255 1475 294 1505 de
305 1474 475 1505 Fornellis
485 1473 718 1513 procuratorio
732 1473 868 1503 nomine
878 1482 938 1511 pro
950 1473 1037 1503 dicto
1046 1473 1192 1510 dompno

179 1541 194 1557 »
213 1530 263 1563 R,
292 1528 485 1567 juramento
519 1527 740 1565 corporaliter
778 1527 934 1565 prestito,
958 1527 1192 1564 meminentes

180 1594 193 1609 n
208 1582 294 1620 quod
305 1581 465 1620 quicquid
474 1581 563 1610 idem
574 1580 830 1610 archidiaconus
838 1579 959 1618 dejure
968 1581 998 1609 et
1007 1579 1191 1618 preterjus,

180 1645 194 1664 »
209 1635 297 1673 juris
316 1634 432 1664 ordine
452 1635 482 1663 et
501 1632 812 1671 sollempnitatibus
833 1632 977 1662 servatis
993 1634 1023 1661 et
1042 1641 1106 1661 non
1125 1641 1191 1661 ser-

182 1699 195 1714 »
213 1687 312 1723 vatis,
326 1687 378 1717 die
391 1687 510 1716 seriata
528 1688 557 1716 et
576 1694 642 1715 non
661 1685 792 1721 feriata,
806 1685 959 1724 partibus
975 1684 1193 1724 presentibus

179 1750 196 1770 »
214 1742 244 1771 et
265 1749 331 1770 non
358 1738 585 1778 presentibus,
610 1748 675 1769 una
701 1739 849 1777 partium
866 1740 1022 1777 presente
1038 1740 1068 1768 et
1087 1739 1193 1768 altera

180 1808 194 1821 »
212 1793 361 1829 absente,
392 1793 505 1822 citatis
535 1794 564 1822 et
597 1801 661 1822 non
687 1792 798 1821 citatis
828 1792 932 1821 semel
950 1795 980 1822 et
1013 1792 1142 1830 pluries
1159 1792 1192 1821 in

181 1857 195 1875 »
215 1846 352 1885 scriptis
367 1848 398 1876 et
418 1846 489 1875 sine
509 1845 657 1883 scriptis,
677 1847 746 1874 tam
764 1853 805 1874 ex
822 1846 987 1883 potestate
1011 1844 1076 1874 sibi
1100 1854 1115 1874 a
1136 1845 1191 1874 do-

181 1911 194 1926 »
214 1900 306 1929 mino
333 1907 421 1937 papa
446 1899 581 1933 tradita,
606 1900 705 1936 prout
722 1897 881 1935 superius
904 1899 953 1927 est
977 1906 1190 1935 expressum,

180 1963 194 1981 »
213 1961 314 1992 quam
331 1960 373 1982 ex
396 1951 577 1982 arbitraria
594 1951 754 1981 facultate
773 1951 1041 1985 sententiaverit,
1059 1951 1191 1980 ordina-

178 2018 193 2035 »
213 2006 310 2040 verit,
327 2005 523 2041 decreverit,
546 2004 766 2038 mandaverit,
787 2004 986 2042 providerit,
1007 2003 1191 2034 arbitratus

178 2071 192 2087 »
210 2059 323 2095 fuerit,
349 2059 516 2094 statuerit,
545 2057 743 2087 diffiniverit
764 2059 862 2096 atque
881 2057 1069 2096 preceperit
1091 2066 1192 2095 super

179 2122 194 2142 »
212 2112 278 2142 hiis
296 2112 459 2142 ethorum
475 2111 638 2150 quolibet,
651 2111 757 2140 semel
773 2112 803 2140 et
824 2111 966 2149 pluries,
984 2111 1142 2149 quotiens
1161 2112 1192 2141 et

179 2178 193 2194 »
214 2165 347 2205 quando
366 2164 525 2203 expedire
540 2164 674 2199 viderit,
693 2165 803 2193 ratum
821 2166 851 2193 et
870 2164 1005 2193 firmum
1022 2163 1190 2194 habebunt

179 2228 194 2248 »
210 2220 240 2249 et
259 2217 375 2248 haberi
400 2217 533 2251 facient,
550 2226 609 2247 nec
628 2218 743 2247 contra
764 2216 798 2246 id
814 2225 873 2255 per
890 2225 925 2247 se
939 2217 990 2247 vel
1009 2226 1068 2255 per
1087 2217 1191 2246 alium

181 2284 194 2300 n
213 2271 388 2310 injudicio
405 2271 562 2300 velextra
581 2270 695 2300 venire
711 2270 936 2308 temptabunt,
951 2270 1009 2300 sed
1023 2279 1061 2300 ea
1076 2271 1110 2300 in
1123 2280 1191 2301 om-

180 2334 194 2353 »
212 2323 313 2354 nibus
330 2322 556 2353 observabunt
573 2325 602 2353 et
618 2323 740 2353 sacient
756 2323 941 2358 observari,
958 2324 1191 2354 renuntiantes

180 2388 194 2406 »
212 2377 303 2407 omni
320 2376 510 2415 exceptioni
530 2378 561 2406 et
584 2376 672 2415 juris
690 2375 851 2406 benetie-io
869 2386 929 2415 per
947 2377 1035 2415 quod
1051 2386 1192 2415 presens

180 2440 194 2459 »
210 2429 493 2468 compromissum
523 2429 679 2467 Impediri
698 2429 806 2460 valeat
822 2429 874 2459 vel
894 2430 1047 2469 infringi,
1067 2439 1102 2460 ac
1120 2439 1192 2469 pro-

181 2492 195 2512 »
213 2483 380 2513 miserunt
409 2482 472 2512 sub
504 2483 627 2513 virtute
659 2483 803 2521 predicti
832 2483 966 2521 prestiti
995 2483 1189 2522 juramenti,

182 2547 195 2561 n
213 2536 302 2574 quod
321 2544 422 2574 super
439 2535 590 2570 arbitrio,
614 2536 838 2572 ordinatione,
856 2537 1051 2574 provisione
1070 2537 1192 2567 sende-

179 2597 196 2618 »
214 2590 304 2619 creto
323 2590 422 2627 atque
440 2589 596 2619 mandato
616 2590 705 2628 quod
721 2589 831 2619 dictus
852 2589 1108 2620 archidiaconus
1135 2600 1191 2620 su-

181 2652 195 2671 »
217 2651 276 2681 per
306 2642 372 2671 hiis
400 2642 528 2679 tulerit,
547 2643 731 2672 secundum
761 2643 964 2681 premissam
994 2644 1138 2674 sormam
1160 2646 1192 2675 et

180 2707 194 2723 »
214 2695 362 2731 modum,
379 2703 444 2725 non
475 2697 648 2725 recurrent
667 2696 707 2725 ad
732 2695 911 2726 arbitrium
935 2697 1016 2726 honi
1030 2697 1107 2727 viri.
1127 2698 1192 2728 Vo-

180 2749 342 2779 »luerunt
373 2748 474 2778 etiam
506 2750 537 2778 et
570 2750 827 2786 acceptaverunt
859 2749 948 2788 quod
983 2750 1072 2780 idem
1089 2751 1194 2780 archi-

180 2812 194 2831 »
212 2802 374 2832 diaconus
409 2801 583 2831 minuendi
617 2803 648 2831 et
680 2802 825 2832 addendi
855 2812 957 2841 super
975 2803 1138 2842 predictis
1161 2806 1192 2835 et

179 2868 194 2884 »
213 2854 365 2894 quolibet
374 2855 616 2893 predictorum,
626 2855 827 2893 corrigendi,
840 2856 1084 2894 interpretandi
1095 2866 1131 2887 ac
1140 2858 1193 2888 de-

180 2921 194 2936 »
213 2908 363 2938 clarandi
386 2908 546 2947 quicquid
569 2907 754 2938 dubietatis
778 2917 837 2938 seu
855 2909 1065 2940 difficultatis
1088 2919 1193 2949 quan-

179 2970 195 2991 »
212 2962 401 3000 (iocumque
425 2962 576 2992 emiserit
603 2961 708 2991 semel
733 2963 764 2992 et
792 2962 933 3000 pluries,
952 2962 1084 2999 habeat,
1111 2972 1192 3002 quo-

311 3023 449 3050 URBAIN
472 3023 523 3049 IV.
546 3026 567 3048 t.
588 3022 643 3054 ΠΙ,
666 3024 729 3053 qu.
752 3023 811 3049 ord.

2228 287 2267 316 33

1260 366 1274 384 n
1297 357 1529 397 tienscumque
1551 362 1581 389 et
1609 362 1887 402 quandocumque
1909 373 1993 403 opus
2018 367 2115 397 suerit
2138 371 2167 398 et
2195 370 2266 408 ipse

1259 418 1275 438 »
1294 418 1395 448 super
1409 410 1468 439 hoc
1487 412 1607 443 viderit
1625 415 1794 452 expedire,
1808 416 1941 454 plenam
1960 421 1988 448 et
2008 419 2268 459 liberam'potes-

1260 472 1273 491 »
1292 464 1407 493 tatem.
1423 475 1435 489 n

1299 527 1313 541 «
1338 516 1448 545 Tenor
1478 519 1589 547 autem
1621 520 1762 556 predicti
1797 521 2012 553 instrumenti
2045 527 2266 562 pros-uratorii

1257 569 1338 598 dicti
1358 569 1448 599 Petri
1468 569 1506 599 de
1526 571 1694 602 Fornellis
1713 573 1792 602 talis
1810 576 1859 604 est
1882 585 1887 603 z

1297 631 1312 650 <t
1329 621 1366 651 In
1397 623 1532 653 nomine
1559 624 1694 655 Domini
1729 635 1837 657 anien.
1857 628 1953 657 Anno
1981 629 2132 668 ejusdem
2151 632 2268 662 BI⁰CC⁰

1259 684 1273 702 »
1291 674 1427 709 LXIII0,
1461 676 1644 707 indit-tione
1663 688 1716 711 vu,
1742 688 1762 708 x
1781 680 1942 710 kalendas
1965 683 2169 719 novembris,
2191 693 2269 722 pon-

1259 737 1273 756 »
1291 727 1439 758 titicatus
1463 729 1589 759 domini
1611 731 1738 761 Urbani
1765 741 1849 770 pape
1876 734 1941 763 IIII
1968 743 2054 765 anno
2079 737 2190 773 tertio,
2210 747 2269 776 per

1259 789 1428 819 »presens
1455 781 1718 814 instrumentum
1746 787 1875 816 cunctis
1905 788 2078 818 evidenter
2110 793 2270 828 appareat

1259 845 1272 860 »
1291 834 1379 872 quod
1409 835 1443 864 in
1474 836 1645 873 presentia
1662 838 1726 867 mei
1747 838 1753 854 ¹
1780 839 1906 869 Thome
1924 841 2108 880 Blanrpeil,
2127 844 2270 874 auctori-

1258 895 1273 915 »
1291 888 1359 916 tate
1372 887 1558 925 apostolica
1577 889 1760 926 scriniarii,
1777 893 1807 921 et
1826 893 1965 922 testium
1985 893 2268 934 subscriptorum,

1257 949 1273 969 »
1289 940 1482 970 Bernartius
1493 941 1532 971 de
1545 942 1725 980 Fornellis,
1737 944 1927 983 presbyter,
1939 949 2048 977 rector
2059 956 2117 977 seu
2135 952 2270 980 curatus

1257 1002 1273 1022 »
1289 993 1429 1023 ecclesie
1448 994 1487 1023 de
1508 995 1719 1030 Ansa,suum
1738 997 1813 1027 facit
1835 1000 1866 1028 et
1885 1000 2059 1030 constituit
2077 1004 2270 1039 procurato-

1257 1055 1273 1075 »
1290 1055 1360 1076 rein
1389 1047 1527 1077 Petrum
1562 1048 1600 1078 de
1632 1050 1801 1080 Fornellis
1830 1051 2080 1091 presbyterum.
2115 1057 2269 1093 nepotem

1258 1108 1274 1128 »
1291 1101 1453 1136 suum,ad
1469 1102 1635 1139 agendum
1649 1111 1708 1141 pro
1727 1103 1800 1141 ipso
1813 1106 1844 1134 et
1862 1105 1903 1134 ad
1923 1105 2170 1137 defendendum
2191 1117 2271 1138 eun-

1258 1162 1274 1182 »
1292 1153 1367 1183 dem
1385 1154 1418 1183 in
1438 1155 1530 1184 curia
1548 1155 1702 1186 Romana
1715 1158 1830 1187 contra
1843 1167 2074 1198 quascumque
2094 1169 2269 1199 personas,

1257 1207 1357 1237 »tam
1383 1207 1632 1238 ecclesiasticas
1662 1218 1761 1248 quam
1788 1211 1970 1248 seculares,
2002 1221 2113 1243 coram
2137 1223 2271 1245 summo

1257 1269 1273 1288 »
1288 1260 1446 1298 pontifice
1466 1262 1496 1291 et
1515 1270 1627 1291 coram
1642 1262 1912 1302 quibuscumque
1929 1265 2182 1304 aliispersonis,
2203 1270 2271 1298 tam

1256 1322 1272 1342 »
1291 1313 1521 1343 cardinalibus
1548 1323 1647 1353 quam
1676 1316 1754 1346 aliis
1786 1317 1960 1355 judicibus
1979 1328 2037 1349 seu
2058 1320 2271 1351 auditoribus

1257 1375 1272 1394 »
1291 1366 1378 1396 datis
1393 1368 1423 1396 et
1434 1367 1615 1403 concessis,
1637 1377 1695 1398 seu
1713 1369 1832 1399 dandis
1853 1372 1884 1400 et
1897 1372 2119 1402 concedendis
2137 1372 2178 1402 ab
2196 1373 2270 1412 ipso

1256 1428 1424 1449 »summo
1452 1421 1619 1459 pontifice,
1649 1423 1680 1451 et
1710 1423 1905 1460 specialiter
1935 1425 1974 1454 ad
1998 1427 2271 1464 prosequendum

1256 1481 1272 1501 »
1288 1473 1549 1511 appellationem
1570 1483 1629 1504 seu
1645 1475 1891 1514 appellationes
1905 1486 1944 1506 ex
1962 1480 2056 1516 parte
2068 1478 2177 1517 ipsius
2192 1480 2271 1510 Ber-

1255 1535 1272 1555 »
1288 1527 1383 1556 nardi
1402 1527 1443 1556 ad
1462 1528 1575 1557 sedem
1594 1529 1814 1566 apostolicam
1830 1530 2050 1568 interpositas
2067 1534 2181 1562 contra
2199 1541 2266 1562 ma-

1255 1588 1271 1607 »
1289 1579 1432 1618 gistrum
1443 1581 1580 1610 Petrum
1593 1581 1757 1614 Corderii.
1770 1582 1942 1619 clericum,
1959 1585 2211 1623 siiperecclesia
2228 1586 2266 1616 de

1255 1641 1271 1661 »
1288 1634 1390 1669 Ansa,
1402 1633 1485 1663 dans
1495 1634 1604 1663 eidem
1613 1635 1711 1664 Petro
1721 1635 1868 1674 plenam,
1881 1638 2072 1675 generalem
2083 1640 2113 1668 et
2124 1638 2266 1668 liberam

1255 1688 1488 1724 »potestatem
1512 1696 1548 1716 ac
1575 1688 1720 1725 speciale
1738 1690 1932 1719 mandatum
1956 1691 2101 1728 petendi,
2134 1692 2264 1730 agendi,

1255 1747 1271 1767 »
1290 1739 1502 1775 defendendi,
1528 1741 1728 1779 excipiendi,
1764 1742 1961 1780 replicandi,
1992 1745 2263 1781 reeonveniendi,

1255 1793 1379 1822 »litem
1406 1794 1627 1829 contestandi,
1653 1794 1788 1832 jurandi
1811 1796 1842 1825 in
1865 1797 2011 1826 animam
2032 1807 2126 1827 suam
2155 1798 2194 1827 de
2214 1807 2264 1828 ca-

1254 1854 1270 1873 »
1288 1845 1439 1884 lumpnia
1458 1848 1488 1876 et
1506 1846 1545 1875 de
1555 1847 1695 1877 veritate.
1716 1848 1866 1883 dicenda,
1879 1850 2012 1887 petendi
2031 1852 2062 1880 et
2081 1851 2266 1889 recipiendi

1254 1907 1270 1927 »
1287 1907 1465 1937 expensas,
1482 1901 1511 1929 et
1542 1908 1602 1938 pro
1627 1900 1675 1929 eis
1689 1901 1825 1939 jurandi
1844 1904 1875 1931 et
1894 1902 2060 1932 subeundi
2085 1903 2264 1942 cujuslibet

1254 1960 1270 1979 »
1289 1951 1430 1981 alterius
1447 1953 1580 1989 generis
1597 1956 1858 1989 sacramentum,
1874 1956 1943 1984 tani
1962 1964 2063 1993 super
2086 1956 2265 1995 principali

1253 2013 1269 2033 »
1287 2013 1386 2043 quain
1416 2006 1615 2035 2u·‹·essoi-iis
1643 2015 1702 2036 seu
1721 2006 1947 2037 incidentibus
1964 2008 2003 2038 de
2022 2009 2096 2047 jure
2115 2011 2272 2047 prestun-⁴

1254 2067 1269 2086 »
1285 2058 1376 2095 dum,
1406 2058 1513 2096 partis
1546 2059 1685 2089 adverse
1719 2068 1777 2089 seu
1802 2061 1950 2098 partium
1974 2061 2193 2092 adversarum
2211 2071 2267 2101 po-

1253 2120 1270 2140 »
1289 2111 1472 2141 sitionibus
1509 2112 1746 2150 respondendi,
1787 2114 2095 2151 compi-omittendi,
2135 2124 2266 2154 compo-

1254 2175 1270 2193 »
1288 2165 1388 2195 nendi
1417 2174 1475 2195 seu
1509 2166 1728 2204 transigendi,
1763 2167 1967 2205 appellandi,
2002 2169 2264 2206 appellationem

1254 2226 1345 2248 »seu
1384 2218 1628 2256 appellationes
1655 2220 1894 2258 prosequemli,
1919 2223 1948 2250 et
1981 2221 2124 2251 faciendi
2153 2223 2264 2252 omnia

1254 2273 1316 2301 »et
1344 2271 1478 2310 singula
1507 2281 1570 2310 que
1609 2273 1682 2311 ipse
1714 2274 1905 2303 Hernardus
1941 2274 2064 2304 faceret
2093 2276 2123 2305 et
2156 2275 2264 2305 farere

1255 2328 1399 2363 »posset
1417 2328 1448 2355 et
1476 2325 1623 2361 deberet,
1643 2326 1672 2355 si
1692 2335 1833 2364 presens
1853 2330 1953 2363 esset,
1973 2330 2002 2357 et
2023 2328 2127 2357 alium
2146 2337 2264 2366 procu-

1255 2387 1271 2406 »
1287 2381 1432 2409 ratoreni
1450 2381 1504 2409 aut
1517 2379 1604 2408 alios
1620 2380 1844 2409 constituemli
1865 2389 1923 2410 seu
1947 2380 2174 2411 substituendi
2192 2381 2263 2412 loco

1255 2441 1270 2460 »
1286 2432 1350 2467 sui,
1367 2433 1396 2461 et
1413 2431 1514 2461 etiam
1530 2432 1722 2467 revocandi,
1738 2433 2041 2472 quotienscumque
2063 2436 2093 2464 et
2118 2435 2264 2473 quando-

1255 2494 1270 2513 »
1287 2493 1430 2523 cumque
1457 2485 1601 2514 voluerit
1628 2486 1657 2514 et
1688 2485 1752 2515 sibi
1774 2486 1894 2516 viderit
1913 2487 2083 2525 expedire,
2104 2489 2214 2517 ratuni
2232 2488 2262 2517 et

1255 2548 1270 2567 ›)
1286 2540 1419 2577 gratum
1430 2537 1607 2568 habiturus
1618 2539 1778 2577 quicquid
1796 2548 1855 2577 per
1867 2540 1993 2570 dictum
2013 2541 2151 2570 Petrum
2161 2540 2263 2571 velab

1254 2601 1270 2621 »
1289 2601 1326 2622 eo
1345 2592 1565 2622 constitutum
1589 2592 1641 2621 vel
1659 2592 1882 2622 substitutum
1903 2593 1935 2622 in
1953 2594 2045 2623 curia
2071 2594 2263 2632 supradicta

1254 2654 1346 2684 »pro
1371 2645 1443 2683 ipso
1471 2645 1643 2675 Bernardo
1660 2648 1877 2684 procuratum
1909 2646 2009 2676 fuerit
2040 2647 2109 2677 sive
2126 2647 2261 2681 factum,

1254 2708 1270 2727 »
1286 2699 1488 2737 promittens
1505 2699 1594 2728 idem
1608 2699 1801 2729 Bernardus
1814 2700 1962 2737 predicto
1982 2700 2108 2730 Thoine
2127 2701 2264 2730 scrinia-

1254 2761 1270 2781 »
1289 2753 1350 2788 rio,
1372 2751 1412 2781 ad
1430 2760 1514 2790 opus
1534 2751 1670 2782 illorum
1687 2761 1830 2790 quorum
1848 2753 1999 2789 interest,
2017 2754 2079 2783 sub
2101 2753 2263 2792 ypotheca

1254 2814 1270 2834 »
1288 2814 1400 2835 rerum
1419 2805 1609 2840 suarum,si
1626 2814 1761 2835 necesse
1783 2806 1894 2837 suerii.
1910 2806 2097 2843 judicatum
2116 2806 2213 2840 solvi,
2232 2808 2262 2836 et

1254 2867 1271 2887 »
1288 2858 1346 2889 hec
1374 2857 1532 2888 omnibus
1562 2867 1705 2897 quorum
1722 2858 1874 2892 interest,
1892 2859 1964 2897 ipse
1997 2859 2187 2889 bernardus
2204 2868 2263 2898 per

1290 2973 1309 2996 1.
1327 2972 1364 2996 Lc
1380 2979 1430 2996 ms.
1452 2974 1531 3002 porte
1546 2979 1598 3002 par
1612 2978 1711 2996 erreur
1728 2972 1785 2995 mis.
