2519 3262
226 242 284 272 170

221 327 351 365 justum
369 324 480 360 fuerit,
506 321 730 361 appellatione
747 317 948 358 postposita,
963 316 1163 352 decernatis,
1183 315 1228 345 fa-

225 380 351 410 cientes
369 377 458 417 quod
472 374 686 406 decreveritis
706 381 763 411 per
772 379 948 402 censuram
965 369 1227 400 ecclesiasticam

225 431 468 461 inviolabiliter
496 427 679 459 observari.
701 425 843 456 Proviso
862 423 950 462 quod
968 423 1007 453 de
1025 422 1091 452 hiis
1108 430 1170 461 que
1188 421 1226 451 ad

226 485 335 515 forum
360 483 468 522 ipsius
491 481 580 519 regis
610 479 778 518 pertinent
805 478 836 507 et
863 475 1130 507 ecclesiasticum
1163 482 1227 504 non

225 537 432 575 contingunt,
457 543 516 564 vos
541 532 734 562 nuliatenus
757 529 982 560 intromittere
1008 526 1225 567 presumatis.

225 590 299 620 Non
326 587 538 619 obstantibus
556 604 601 615 —.
620 586 741 615 Datum
763 583 851 622 apud
869 581 1155 617 Urbemveterem‚
1178 589 1226 608 1111

226 652 330 673 nonas
342 641 502 681 januarii,
522 648 607 670 anno
625 638 736 669 tertio.
756 647 770 666 ))

751 821 874 853 Orrieto,
895 821 928 848 28
942 819 1055 855 janvier
1077 817 1153 845 izei.

316 827 409 857 1300

259 901 395 934 Episcopo
420 898 649 926 Wratislaviensi
670 898 789 924 mandat.
809 898 839 923 ut
865 904 929 923 cum
948 895 1087 925 Conrado,
1110 895 1226 919 cantore

224 949 467 976 Wrauslavionsis
485 947 634 980 ecclesiae,
644 946 791 981 dispenset
806 948 836 972 ut
855 947 959 979 praeter
977 943 1135 970 cantoriam
1158 949 1227 976 prae-

221 998 379 1032 posituram
405 996 576 1024 Gneznensis
602 995 738 1022 ecclesiae
767 994 893 1028 recipere
915 995 943 1020 et
969 991 1092 1018 retinere
1122 991 1225 1017 valcat.

222 1047 300 1080 (nm.
320 1047 364 1078 29,
386 1046 433 1073 sol.
456 1046 505 1073 109
522 1049 562 1077 νο,
581 1049 612 1071 n⁰
629 1044 703 1079 350)

262 1168 276 1187 ((
306 1183 312 1188 .
339 1181 344 1187 .
368 1158 508 1198 episcopo
561 1154 819 1186 Wralislauiensi.
860 1153 1021 1184 Volentes
1065 1151 1225 1181 dilectum

221 1211 329 1242 filium
349 1211 550 1245 Conradum,
574 1209 714 1239 ecclesie
730 1206 1027 1237 Wratislaviensis
1043 1205 1224 1240 cantorem,

222 1274 281 1303 pro
302 1264 465 1294 laudabili
492 1262 687 1294 testimonio
714 1261 801 1300 quod
828 1261 867 1290 de
892 1260 965 1299 ipso
985 1258 1175 1296 accepimus
1195 1259 1226 1288 et

222 1317 359 1348 obtentu
378 1317 491 1347 dilecti
508 1315 569 1345 filii
589 1314 743 1354 magistri
759 1313 903 1349 Nicolai‚
922 1311 1086 1350 capellani
1106 1310 1225 1344 nostri,

221 1370 392 1402 scolastici
418 1368 665 1404 Cracoviensis,
690 1367 787 1397 nobis
812 1375 872 1404 pro
897 1366 969 1404 ipso
987 1363 1222 1403 supplicantis,

221 1424 382 1454 attentius
409 1421 569 1462 prosequi
593 1421 751 1460 gratiose,
781 1418 982 1449 fraternitati
1010 1419 1078 1452 tue,
1103 1417 1142 1447 de
1159 1424 1225 1455 qua

220 1477 353 1515 plenam
378 1476 411 1506 in
431 1475 576 1505 Domino
598 1473 754 1503 fiduciam
777 1471 979 1507 obtinemus,
1005 1469 1222 1508 dispensandi

220 1539 293 1559 cum
310 1530 426 1559 eodem
445 1529 579 1558 cantore
598 1528 645 1563 ut,
661 1528 771 1565 preter
791 1525 941 1564 ejusdem
956 1523 1095 1554 ecclesie
1115 1523 1224 1553 canto-

220 1583 317 1618 riam,
338 1590 437 1620 quam
462 1580 619 1611 canonice
641 1579 764 1609 dicitur
788 1578 951 1613 obtinere,
973 1575 1223 1615 preposituram

219 1635 428 1666 Gneznensis
444 1634 596 1669 ecclesie,
615 1633 654 1662 ad
669 1641 767 1671 quam
781 1631 938 1661 canonice
955 1630 1077 1660 asserit
1092 1637 1126 1659 se
1141 1629 1224 1659 elec-

219 1690 301 1725 tum,
319 1687 409 1717 licite
427 1687 575 1724 recipere
592 1694 629 1715 ac
648 1686 757 1723 ipsam
772 1684 898 1723 pariter
917 1684 949 1713 et
967 1683 1087 1712 dictam
1113 1683 1222 1711 canto·

220 1742 316 1777 riam,
343 1749 483 1779 quarum
511 1740 628 1769 neutra
657 1746 769 1768 curam
799 1736 920 1766 habere
946 1735 1068 1766 dicitur
1099 1735 1224 1764 anima-

220 1803 305 1830 rum,
334 1793 437 1823 libere
467 1793 610 1823 retinere
638 1791 757 1824 valeat,
788 1789 1027 1820 constitutione
1054 1787 1224 1826 generalis

220 1847 353 1877 concilii
372 1855 471 1884 super
489 1846 549 1875 hoc
567 1845 657 1875 edita
674 1853 739 1873 non
756 1843 920 1878 obstante,
943 1842 1141 1872 auctoriiatc
1158 1840 1222 1870 tibi

220 1900 426 1939 presentium
456 1899 591 1937 plenam
613 1899 643 1927 et
670 1897 811 1927 liberam
838 1896 878 1932 si,
905 1895 1128 1925 consideratis
1149 1894 1225 1923 dili-

220 1954 334 1991 genter
371 1950 635 1981 circumstantiis
668 1949 849 1982 universis,
895 1947 1053 1986 expedire
1085 1947 1223 1982 videris,

220 2006 434 2035 concedimus
452 2004 655 2034 facultatem.
675 2002 817 2032 Proviso
833 2001 921 2040 quod
941 2000 1089 2030 cantoria
1106 2001 1224 2038 etpre-

219 2059 371 2097 positura
399 2057 547 2096 predicte
579 2056 702 2086 debitis
723 2054 896 2093 obsequiis
927 2062 991 2083 non
1014 2053 1222 2082 fraudentur.

219 2111 341 2141 Datum
382 2110 469 2149 apud
499 2109 784 2141 Urbemveterem‚
812 2117 830 2137 v
856 2107 1019 2136 kalendas
1046 2105 1221 2141 februarii,

218 2173 304 2194 anno
322 2164 430 2194 tertio.
458 2173 472 2192 »

775 2358 896 2389 (trvieto,
913 2360 929 2383 t)
949 2358 1050 2384 t'evrier
1072 2358 1145 2384 lsstii.

307 2364 395 2393 1301

251 2445 456 2472 Archidiacono
476 2445 682 2471 Toruodorensi
713 2444 741 2470 iu
768 2444 887 2470 ecclesia
912 2442 1082 2477 Lingonensi
1101 2442 1220 2469 mundat

215 2496 244 2520 ut
257 2495 414 2521 (luidonem
434 2495 467 2520 de
484 2494 569 2520 Ylant
584 2493 732 2526 clericum,
751 2494 849 2519 natum
869 2492 985 2518 Andreae
1000 2492 1034 2517 de
1053 2491 1172 2517 Noiento
1192 2491 1219 2517 iu

214 2542 390 2577 ansigneh»,
409 2542 546 2569 Eduensis
569 2542 701 2573 diocesis,
722 2541 751 2568 in
772 2541 891 2568 ecelesia
911 2541 945 2567 (le
966 2539 1095 2574 Vei-geio.
1114 2540 1219 2573 Lingo-

213 2591 309 2617 nensis
325 2591 458 2622 diocesis,
479 2591 506 2617 in
519 2591 699 2618 canonicum.
718 2598 782 2616 cum
804 2589 1014 2624 exspectatione
1029 2589 1219 2623 praebendae,

213 2640 298 2674 recipi
318 2640 506 2675 saeint.(1t1·:o.
524 2640 568 2666 29.
589 2640 636 2666 sol.
658 2640 714 2670 110,
732 2644 760 2664 ῑιο
775 2639 850 2670 351.)

253 2762 267 2782 (t
286 2775 291 2781 .
313 2774 318 2781 .
339 2750 554 2780 archidiacono
579 2749 799 2779 Tornodorensi
824 2749 852 2777 in
876 2747 1000 2778 ccclesia
1019 2747 1215 2786 Linqonensi.

213 2805 321 2843 Uttsic
340 2813 422 2843 pour
440 2804 480 2843 et)
493 2804 521 2833 si
538 2804 577 2834 ad
588 2803 815 2842 provisionem
829 2820 877 2831 —.
898 2802 981 2832 Cum
998 2800 1100 2839 igitur
1117 2801 1217 2831 dilec-

211 2858 266 2888 tus
283 2858 374 2888 tilius
390 2857 499 2888 Guido
517 2857 555 2886 de
576 2857 676 2886 Ylant
694 2855 848 2892 clericus,
878 2856 976 2885 natus
1001 2853 1125 2884 nobilis
1153 2854 1216 2883 viri

211 2911 343 2941 Andrec
369 2911 408 2940 de
437 2910 580 2940 Noiento
614 2909 647 2939 in
673 2908 882 2947 Bassigneio,
919 2907 1081 2937 Eduensis
1107 2907 1216 2937 dioce-

972 229 1214 262 REGISTRES
1243 228 1457 259 D'URBAIN
1487 228 1544 257 IV.

1288 313 1348 349 sis,
1381 313 1467 342 sicut
1496 313 1528 342 in
1544 313 1659 342 nostra
1681 311 1850 350 presentia
1875 311 2078 342 constitutus
2104 313 2291 351 proposuit,

1287 366 1418 397 nullum
1436 366 1479 395 sit
1494 365 1599 396 adhuc
1610 365 1875 396 ecclesiasticum
1885 364 2084 395 beneficium
2103 368 2291 403 assecutus,

1286 429 1348 449 nos
1358 428 1447 453 eum,
1460 420 1515 458 qui
1529 419 1568 449 de
1582 419 1756 449 honestate
1772 427 1903 448 morum
1917 420 1949 448 et
1959 419 2212 449 conversatione
2222 419 2290 449 lau-

1287 472 1391 502 dabili
1406 472 1638 511 multipliciter
1655 471 1920 506 commendatur,
1937 471 2074 502 obtentu
2088 471 2294 502 venerabilis

1287 526 1402 556 fratris
1420 525 1524 556 nostri
1541 550 1546 555 .
1567 550 1572 555 .
1592 525 1741 564 episcopi
1756 525 1992 564 Lingmensis,
2009 525 2061 555 cui
2077 525 2200 555 dicitnr
2219 534 2294 556 con-

1287 579 1513 618 sanguinitate
1536 578 1745 617 conjunctus,
1764 579 1937 616 cupientes
1954 578 2113 617 prosequi
2131 579 2290 617 gratiose,

1287 632 1483 662 discretioni
1515 633 1570 662 tue
1600 632 1800 662 mandamus
1828 633 1994 670 quatenus
2025 631 2166 661 eundem
2195 631 2289 662 cleri-

1287 694 1374 722 cum,
1393 685 1421 715 si
1439 687 1490 715 est
1510 685 1673 724 ydoneus,
1692 685 1725 714 in
1751 684 1894 715 ecclesia
1911 684 1950 715 de
1968 684 2122 723 Vergeio,
2139 684 2289 723 ejusdem

1286 738 1443 774 diocesis,
1463 738 1566 777 recipi
1583 737 1686 768 facias
1702 737 1899 768 auctoritate
1914 739 2028 767 nostra
2043 746 2102 776 per
2118 738 2150 767 te
2166 737 2219 767 vel
2233 746 2292 776 per

1286 791 1390 821 alium
1408 791 1441 821 in
1459 791 1656 821 canonicum
1676 791 1753 821 etin
1769 790 1908 820 fratrem
1925 791 2201 830 eiqueprovideri
2218 790 2289 821 sive

1286 844 1464 882 provideas
1482 844 1521 874 de
1540 844 1709 882 prebenda
1726 843 1809 874 nulli
1828 844 1885 873 alii
1903 844 2028 882 dejure
2044 843 2167 880 debita,
2185 844 2289 883 siqua

1285 899 1379 927 vacat
1403 897 1526 927 ibidem
1545 898 1585 927 ad
1610 906 1761 936 presens·‚
1778 897 1829 927 vel
1847 906 1947 936 quam
1966 897 2114 936 primum
2130 897 2169 927 ad
2186 897 2220 926 id
2234 896 2287 927 ob-

1284 951 1400 981 tulerit
1428 959 1463 981 se
1482 951 1637 987 facultas,
1665 950 1846 980 dummodo
1867 951 1901 980 in
1927 950 2044 981 eadem
2063 950 2204 981 ecclesia
2222 959 2287 981 non

1285 1004 1350 1034 nisi
1382 1013 1442 1042 pro
1474 1003 1605 1034 duobus
1637 1004 1863 1034 direxerimus
1900 1003 2026 1042 scripta
2061 1005 2187 1040 nostra,
2221 1012 2286 1034 non

1285 1057 1438 1087 obstante
1456 1075 1502 1086 —.
1529 1057 1801 1087 Contradictores
1826 1058 1887 1087 etc.
1906 1065 2013 1095 usque
2033 1056 2287 1095 compescendo.

1284 1110 1335 1140 Ita
1360 1112 1472 1140 tamen
1503 1110 1591 1149 quod
1615 1110 1703 1140 idem
1729 1109 1883 1146 clericus,
1913 1109 2000 1139 sicut
2026 1110 2173 1148 requiret
2201 1118 2285 1140 onus

1284 1163 1451 1202 prebende
1485 1172 1585 1202 quam
1614 1164 1726 1202 ipsum
1755 1163 1788 1192 in
1817 1163 1947 1202 prefata
1971 1163 2113 1193 ecclesia
2135 1163 2286 1194 obtinere

1285 1217 1472 1256 contigerit,
1501 1217 1638 1247 statutis
1655 1216 1866 1255 temporibus
1889 1217 1930 1246 ad
1949 1216 2084 1246 ordines
2105 1225 2140 1246 se
2155 1225 2290 1255 promo-

1284 1270 1353 1300 veri
1380 1270 1479 1299 faciat
1505 1271 1536 1300 et
1563 1269 1788 1308 personaliter
1808 1270 1955 1300 resideat
1980 1270 2014 1299 in
2039 1269 2167 1300 eadem.
2195 1269 2287 1300 Alio-

1285 1323 1364 1361 quin
1381 1339 1429 1351 —.
1446 1323 1569 1352 Datum
1586 1323 1673 1361 apud
1692 1322 1975 1359 Urbemveterem‚
1992 1331 2011 1351 v
2028 1322 2104 1353 idus
2114 1322 2289 1358 februarii,

1285 1385 1370 1406 anno
1387 1376 1497 1406 tertio.
1518 1386 1532 1404 »

1839 1557 1964 1589 Orvict0,
1981 1559 1997 1585 9
2018 1556 2118 1584 sevi-ier
2140 1558 2217 1585 1204.

1373 1558 1470 1588 1:302

1318 1641 1447 1675 Capitulo
1465 1641 1603 1668 ecclesiae
1627 1642 1820 1668 (lebennensis
1842 1642 1968 1676 indulget
1986 1645 2013 1669 ut
2031 1642 2183 1669 tileraldum
2201 1643 2284 1669 cleri-

1281 1699 1358 1722 cam,
1372 1692 1470 1716 natum
1487 1689 1597 1716 ilenrici
1610 1691 1642 1716 de
1662 1691 1819 1722 Chuurenz,
1837 1691 2026 1717 Lausanensis
2043 1692 2181 1725 diocesis,
2194 1692 2221 1718 iu
2237 1700 2292 1718 ca-

1282 1739 1415 1766 nonicum
1433 1740 1558 1773 recipere
1575 1739 1678 1766 valeat.
1699 1740 1776 1774 (Rae.
1795 1741 1838 1770 29,
1858 1740 1906 1766 fol.
1932 1741 1990 1767 ilo.
2009 1745 2040 1766 11⁰
2057 1742 2134 1774 3523.)

1321 1862 1336 1881 ((
1369 1850 1511 1890 Capitulo
1541 1849 1660 1879 ecclesie
1695 1850 1904 1880 Gehennensis.
1936 1851 2161 1889 Supplicalstis
2190 1851 2290 1883 nobis

1280 1913 1339 1942 per
1356 1905 1486 1934 vestras
1507 1904 1638 1933 litteras
1659 1903 1823 1941 speciales
1845 1905 1877 1933 ut
1898 1903 2081 1941 recipiendi
2104 1904 2136 1933 in
2155 1905 2290 1934 canoni-

1280 1965 1355 1987 cum
1373 1958 1405 1986 ot
1425 1957 1458 1985 in
1480 1957 1615 1986 fratrem
1636 1956 1776 1986 ecclesie
1793 1958 1903 1986 vestre
1920 1956 2078 1986 dilectum
2099 1957 2205 1986 tilium
2224 1957 2289 1988 Ge—

1281 2009 1416 2039 rarduni
1451 2009 1622 2044 clericum,
1664 2011 1780 2038 natum
1818 2009 1942 2038 nobilis
1979 2009 2041 2038 viri
2074 2010 2214 2040 Heni-ici
2247 2010 2288 2040 de

1281 2063 1471 2098 Chaurcnz,
1491 2062 1719 2093 Lausanensis
1733 2062 1890 2098 diocesis,
1904 2071 2002 2101 quem
2016 2063 2111 2092 vobis
2126 2065 2155 2093 et
2173 2063 2287 2094 eidem

1280 2116 1419 2146 ecclesie
1443 2115 1560 2145 utilem
1590 2124 1664 2145 esse
1690 2115 1855 2150 asseritis,
1882 2115 2053 2145 licentiam
2082 2115 2181 2146 vobis
2211 2125 2288 2146 con-

1279 2169 1395 2199 cedere
1429 2177 1636 2204 curaremus,
1675 2176 1738 2198 non
1777 2167 1929 2198 obstante
1961 2170 2085 2198 statuto
2127 2169 2166 2199 de
2195 2172 2287 2200 certo

1279 2222 1514 2252 canonicorum
1542 2230 1682 2251 numero
1716 2221 1824 2260 ipsius
1851 2221 2003 2258 ecclesie,
2033 2222 2227 2261 juramento
2256 2225 2286 2253 et

1280 2275 1532 2305 confirmatione
1564 2274 1749 2313 apostolica
1776 2273 1943 2311 roborato,
1972 2277 2002 2305 et
2035 2276 2123 2314 quod
2154 2275 2286 2306 nullum

1279 2329 1421 2367 potestis
1447 2328 1595 2366 recipere
1623 2328 1655 2357 in
1674 2328 1868 2357 canonicum
1887 2328 1952 2357 nisi
1970 2328 2003 2358 in
2021 2329 2171 2367 capitulo
2189 2337 2287 2368 gene-

1279 2382 1351 2411 rali.
1376 2382 1457 2416 Nos,
1486 2381 1609 2411 vestris
1639 2381 1944 2419 supplitationibus
1972 2384 2175 2419 annuentes,
2194 2383 2286 2413 veris

1278 2433 1503 2465 existentibus
1519 2434 1735 2472 supradictis,
1753 2433 1849 2463 vohis
1864 2435 2062 2465 auctoritate
2077 2435 2286 2473 presentium

1278 2488 1482 2526 postulatam
1499 2487 1682 2520 licentiam,
1694 2495 1758 2517 non
1772 2487 1925 2517 obstante
1937 2489 2065 2518 statuto
2076 2488 2284 2527 hujusmodi,

1278 2540 1472 2579 elargimur.
1491 2540 1540 2570 lta
1559 2542 1669 2570 tamen
1684 2540 1772 2579 quod
1790 2557 1836 2570 —.
1856 2540 1979 2570 Datum
1997 2541 2088 2579 apud
2104 2540 2286 2572 Urbemve-

1278 2594 1394 2629 terem,
1414 2602 1432 2622 v
1450 2593 1524 2623 idus
1542 2593 1714 2629 februarii,
1732 2601 1818 2624 anno
1832 2594 1942 2624 tertio.
1964 2604 1978 2623 n

1806 2777 1928 2807 Orrieto,
1949 2778 1986 2804 1⁶¹·
2007 2777 2110 2804 ferrier
2133 2778 2210 2805 1:368.

1365 2780 1461 2810 1303

1310 2862 1411 2888 Abbati
1429 2861 1516 2888 Vallis
1533 2864 1663 2888 secretae
1683 2862 1979 2888 l‘racmeustrnteusis
2002 2865 2027 2888 et
2052 2862 2138 2896 priori
2160 2863 2193 2889 dc
2211 2863 2283 2889 Cou-

1274 2911 1363 2942 ciaco,
1377 2911 1573 2937 Cluuiam-usis
1589 2911 1733 2937 ordinum.
1749 2910 1962 2937 Suessioucnsis
1973 2911 2105 2944 diocesis,
2116 2911 2231 2938 mandat
2248 2914 2279 2939 ut
