2519 3262
1046 229 1193 260 TROISI
1199 222 1287 259 EME
1317 222 1482 259 ANNEE.

219 314 363 344 duorum
388 315 532 345 aliorum
564 315 755 353 receptione
789 316 923 344 nostras
947 314 1080 344 litteras
1110 313 1234 343 direxi-

220 376 296 397 mus
313 367 505 406 specialiter
517 368 551 397 in
568 368 710 398 ecclesia
727 367 930 405 supradicta,
945 366 986 396 ad
1004 365 1232 403 receptionem

220 423 250 450 et
271 421 500 459 provisionem
530 421 651 459 prefati
679 420 792 450 clerici
824 428 882 458 per
904 421 935 449 te
953 419 1006 448 vel
1030 427 1090 456 per
1113 418 1231 454 alium,

219 475 420 504 auctoritate
448 475 577 509 nostra,
594 474 769 512 procedas,
795 466 984 503 'seeundum
1002 471 1233 510 predictarum

221 527 463 557 continentiam
494 527 685 557 litterarum
707 526 814 556 eidem
833 526 994 555 canonico
1014 524 1231 554 directarum.

220 580 294 610 Non
312 580 466 610 obstante
484 581 512 610 si
530 597 579 608 —.
594 579 868 610 Contradictores
882 580 944 608 etc.
959 586 1066 616 usque
1079 586 1228 616 compes-

221 634 337 664 cendo.
366 634 490 663 Datum
519 633 606 671 apud
630 631 920 667 Urbemveterem,
938 640 981 660 xv
997 631 1160 661 kalendas
1177 640 1234 661 no·

221 686 381 722 vembris,
400 695 486 716 anno
504 685 615 716 tertio.
642 695 656 713 »

312 846 408 877 1478

791 843 916 874 Urvicto,
936 844 969 871 28
985 851 1064 870 mars
1083 843 1160 870 1204.

256 929 424 956 Doctoribus
445 928 473 955 in
489 928 598 955 artibus
615 928 731 955 Parisiis
750 928 917 963 regentibus
941 929 1059 954 mandat
1076 930 1105 954 ut
1124 927 1231 962 magis-

220 981 297 1005 trum
309 978 476 1005 Gualterum
491 978 525 1003 de
541 978 660 1004 Yaceria
670 985 770 1003 eorum
789 976 933 1004 consortio
948 985 1003 1011 quo
1018 979 1076 1003 erat
1094 977 1233 1011 privatus,

219 1027 382 1054 restituant.
405 1027 484 1061 illac.
502 1027 546 1057 29,
563 1025 611 1053 fol.
628 1027 690 1057 139,
707 1031 739 1052 n⁰
754 1027 830 1060 528.)

261 1139 275 1158 «
304 1128 457 1158 Universis
483 1129 656 1158 doctoribus
685 1128 825 1158 Parz'sz‘zcs
851 1129 882 1157 in
906 1128 1023 1158 artibus
1050 1128 1233 1167 reymitibus.

219 1182 355 1213 Sincere
381 1183 572 1213 devotionis
598 1183 736 1213 affectus
759 1201 809 1212 -.
826 1182 952 1212 Datum
975 1182 1064 1221 apud
1094 1181 1235 1213 Urbem-

220 1237 381 1272 veterem,
400 1245 419 1265 v
440 1236 602 1266 kalendas
621 1235 753 1275 aprilis,
774 1244 860 1266 anno
879 1236 991 1266 tertio.
1012 1246 1026 1263 1·

313 1398 328 1428 1
338 1397 408 1428 479

794 1394 918 1428 0111010,
933 1396 967 1422 23
986 1403 1064 1421 mars
1085 1394 1162 1422 1204.

258 1480 422 1507 Kaleritano
431 1483 459 1507 et
476 1479 630 1507 Arborensi
647 1479 870 1514 archiepiscopis
889 1481 1007 1506 mandat
1026 1480 1133 1506 saciant
1152 1483 1180 1506 ut
1201 1480 1236 1506 ab

221 1530 351 1556 ccelesiis
376 1533 403 1557 et
431 1529 616 1556 monasteriis
646 1537 763 1556 suarum
787 1529 934 1555 diocesum
961 1537 993 1555 ac
1023 1529 1235 1563 provinciarum
1263 1542 1265 1555 1

221 1578 388 1606 Gottifrcdo.
401 1578 470 1605 olim
485 1579 519 1604 de
534 1579 632 1605 ordine
650 1578 803 1610 Minorum,
820 1577 954 1612 episcopo
972 1578 1171 1613 Agrigentino.
1189 1579 1235 1612 qui

221 1628 428 1663 Agrigentinac
442 1627 579 1654 ecclesiae
589 1628 804 1661 possessionem
819 1635 916 1654 secure
933 1627 1050 1654 introire
1066 1635 1120 1654 non
1136 1627 1235 1661 possit.

221 1677 249 1704 in
269 1686 284 1703 L
302 1677 384 1704 libris
403 1680 471 1707 tur.,
489 1676 572 1703 annis
590 1676 722 1709 singulis,
738 1677 932 1710 provideatur.
951 1676 1029 1710 (Reiz.
1048 1678 1092 1705 29,
1108 1676 1155 1703 sol.
1179 1677 1235 1707 139,

223 1732 252 1752 n⁰
271 1726 342 1758 529,
360 1726 518 1756 I‘o'r'rnAsT,
538 1726 645 1757 18737.)

1089 1827 1139 1856 Ad
1178 1827 1237 1856 hec

222 1884 316 1913 Deus
331 1901 379 1911 -—.
394 1882 517 1912 Datum
532 1881 620 1919 apud
635 1880 925 1913 Crbemveterem,
944 1889 961 1908 x
975 1879 1139 1910 kalendas
1150 1881 1237 1918 apri-

224 1936 278 1970 lis,
297 1944 383 1965 anno
401 1934 511 1964 tertio.
529 1943 546 1963 ))

264 1828 480 1858 «Kalcritnno
518 1832 543 1857 et
586 1827 753 1856 Arborensi
795 1826 1044 1866 archiepiscopis.

315 2103 412 2134 1480

798 2100 924 2134 (Μή-1010,
941 2101 975 2128 22
991 2109 1068 2127 mars
1086 2101 1166 2128 1264.

262 2186 362 2213 Abbati
383 2187 416 2213 de
438 2185 578 2218 Mosonio,
601 2184 751 2211 Remensis
768 2185 902 2215 diocesis.
921 2188 1038 2212 mandat
1056 2188 1085 2212 111
1103 2186 1239 2220 1011011111,

225 2235 425 2262 archidiacono
447 2235 481 2261 de
497 2234 582 2265 vitel,
609 2234 637 2260 in
654 2234 775 2261 ecclesia
795 2233 932 2264 Tullensi.
953 2242 1092 2269 germano
1113 2236 1239 2262 cantoris

224 2284 378 2314 Tullensis,
406 2283 547 2318 capellani
569 2283 731 2317 apostolici,
749 2284 784 2310 dc
808 2284 971 2318 praebenda
988 2284 1015 2311 in
1042 2285 1163 2312 ecclesia
1181 2286 1242 2312 Yir-

225 2332 345 2359 dunensi
364 2332 417 2358 sibi
443 2332 540 2359 dehita
569 2332 728 2365 provideat.
755 2332 835 2366 (Rea.
853 2333 898 2365 29,
919 2332 967 2359 sol.
993 2333 1044 2361 139
1061 2340 1101 2365 W,
1118 2340 1150 2360 n0
1165 2335 1240 2369 530.)

269 2442 282 2460 11
304 2455 309 2460 .
330 2456 335 2461 .
357 2431 462 2460 abbali
492 2430 527 2459 de
558 2429 708 2467 Mosonio,
730 2431 884 2460 [ternensis
916 2431 1054 2462 diocesi&
1086 2432 1241 2463 Dilectus

227 2485 320 2516 tilius
350 2484 532 2520 JohanneS,
560 2483 817 2514 archidiaconus
846 2485 885 2515 de
910 2485 1001 2515 Vitel
1032 2486 1066 2515 in
1098 2485 1243 2516 ecclesia

227 2538 394 2574 Tullensi,
413 2546 595 2577 germanus
612 2537 726 2567 dilecti
750 2537 813 2568 filii
832 2562 837 2567 .
855 2563 860 2568 .
880 2539 1029 2569 cantoris
1055 2539 1240 2574 Tullensis‚

228 2591 394 2631 capellani
407 2590 527 2626 nostri,
546 2589 645 2620 nobis
662 2591 837 2621 insinuare
849 2592 980 2622 curavit
996 2592 1085 2631 quod
1097 2593 1182 2631 ipse,
1202 2594 1243 2624 ad

227 2644 425 2674 mandatum
452 2643 539 2674 bone
559 2643 722 2674 memorie
750 2643 799 2679 C„
827 2643 1043 2675 Coloniensis
1059 2645 1243 2685 archiepis-

228 2697 314 2736 copi,
333 2698 413 2727 tunc
429 2697 463 2726 in
479 2695 634 2735 partibus
650 2695 721 2726 illis
742 2696 926 2735 apostolice
943 2697 1035 2728 sedis
1052 2698 1166 2737 legati,
1185 2699 1244 2738 qui

229 2750 403 2781 dicebatur
430 2749 470 2780 ab
488 2749 605 2780 eadem
631 2749 752 2780 habere
770 2749 810 2780 de
829 2750 1042 2781 conferendis
1068 2751 1244 2783 beneficiis

227 2805 442 2842 potestatem,
463 2803 544 2833 olim
562 2803 598 2832 in
614 2802 757 2833 ecclesia
773 2802 981 2833 Virdunensi
1000 2806 1156 2843 receptus
1180 2805 1245 2836 fuit

227 2857 262 2886 in
291 2857 491 2887 canonicum
509 2857 541 2886 et
557 2858 589 2885 in
608 2855 763 2892 fratrem3
782 2856 842 2886 sed
858 2857 1076 2895 postmodum
1092 2866 1152 2896 per
1169 2858 1244 2888 feli-

229 2910 277 2940 cis
294 2909 550 2946 recordationis,
570 2909 803 2940 Alexandrum
820 2918 954 2948 papam,
970 2910 1246 2948 predecessorem

2245 235 2300 264 ⁶21¹

1292 314 1459 346 nostrum,
1477 312 1516 342 de
1537 313 1679 342 fratrum
1697 321 1834 343 suorum
1854 314 2008 348 consilio,
2023 318 2234 346 revocantem
2251 326 2302 347 re-

1290 365 1462 403 ceptiones
1479 365 1630 395 omnium
1643 365 1829 404 prebendas
1842 368 2093 405 expectantium
2112 371 2298 405 vacaturas,

1289 419 1402 455 preter
1429 420 1573 455 quatuor
1593 418 1624 447 in
1645 418 1810 454 ecelesiis,
1837 420 1919 449 sacto
1943 421 2111 458 generalis
2139 422 2300 452 constitu-

1290 475 1392 505 tionis
1405 475 1523 508 edicto,
1537 475 1683 513 receptio
1695 476 1798 505 suain
1814 476 1902 505 dicta
1920 476 2063 506 ecclesia
2080 477 2297 513 Virdunensi,

1290 536 1353 566 que
1372 536 1437 557 non
1457 530 1528 558 erat
1553 528 1592 558 de
1610 528 1803 567 hujusmodi
1822 530 1977 567 quatuor,
1995 530 2126 560 irritata
2141 532 2253 561 extitit
2270 535 2300 562 et

1289 583 1430 610 cassata.
1460 581 1524 611 Sed
1552 590 1614 610 nos
1646 582 1874 620 postmodum,
1905 582 2055 620 ejusdem
2076 583 2300 614 archidiaconi

1289 633 1446 671 previbus
1477 634 1642 670 inclinati,
1662 636 1886 673 receptionem
1910 635 2101 674 hujusmodi
2127 637 2160 666 in
2185 638 2300 667 eadem

1290 687 1432 716 ecclesia
1456 687 1676 723 Vix-dunensi,
1705 688 1743 717 110
1773 689 1911 727 speciali
1937 690 2044 728 gratia
2061 692 2090 719 et
2123 691 2301 728 potestatis

1290 739 1512 777 plenitudine,
1528 739 1719 770 litterarum
1738 743 1930 771 nostrarum
1945 743 2157 779 auctoritate,
2175 743 2215 773 ad
2232 744 2301 773 effi-

1290 793 1416 822 caciam
1440 793 1645 831 integritatis
1674 796 1703 823 et
1724 793 1856 824 roboris
1883 795 2019 833 pristini
2040 796 2250 832 reducentes,
2266 805 2302 827 ac

1291 847 1478 876 statuentes
1503 855 1601 876 omne
1626 846 1682 885 jus
1710 847 1798 886 quod
1825 856 1865 877 ex
1883 848 1999 878 eadem
2028 849 2218 887 receptione
2236 849 2302 879 sibi

1291 899 1497 937 acquisitum
1525 899 1634 929 fuerat
1652 901 1683 930 et
1703 901 1833 938 poterat
1860 901 2050 938 provenire,
2079 902 2215 940 plenum
2244 911 2302 941 per

1291 952 1405 982 omnia
1428 961 1600 982 resumere
1627 961 1664 982 ac
1693 953 1844 983 obtinere
1863 954 2024 992 vigorem,
2046 955 2167 985 dilecto
2186 955 2255 985 11110
2273 980 2300 986 ..

1291 1005 1404 1035 abbati
1431 1006 1539 1036 sancti
1560 1006 1685 1036 Leonis
1707 1007 1893 1042 Τ1111011313,
1910 1007 1972 1036 3111)
1993 1009 2083 1037 certa
2103 1008 2209 1038 forma
2228 1017 2303 1038 nos—

1291 1059 1354 1088 tris
1377 1058 1534 1088 dedimus
1558 1058 1684 1089 litteris
1704 1059 1737 1088 in
1754 1060 1923 1090 mandatis
1940 1063 1973 1091 ut
1994 1060 2196 1099 prebendam
2218 1061 2303 1092 nulli

1292 1112 1350 1141 alii
1371 1111 1531 1148 debitam,
1562 1112 1590 1141 si
1617 1121 1682 1151 qua
1710 1114 1789 1142 tunc
1815 1113 1952 1143 vacabat
1984 1113 2108 1144 ibidem
2126 1115 2179 1144 vel
2203 1124 2303 1154 quam

1292 1165 1440 1203 primum
1454 1165 1494 1195 ad
1512 1165 1545 1195 id
1564 1166 1777 1204 oportunitas
1797 1175 1831 1196 se
1850 1167 1996 1202 offerret,
2014 1167 2123 1197 eidem
2142 1168 2304 1198 archidia-

1292 1227 1374 1249 cono
1386 1219 1439 1249 vel
1451 1219 1662 1257 procuratori
1673 1228 1746 1255 suo,
1759 1219 1831 1258 ejus
1844 1221 1992 1257 nomine,
2005 1230 2079 1250 cum
2092 1221 2303 1259 plenitudiue

1288 1272 1376 1311 juris
1404 1272 1568 1307 canonici,
1589 1272 1741 1302 conferre
1759 1275 1902 1309 curaret,
1923 1274 2031 1303 edicto
2052 1274 2305 1305 constitutionis

1292 1326 1324 1355 et
1354 1325 1555 1355 irritationis
1581 1324 1777 1364 hujusmodi
1807 1326 2023 1364 aliquatenus
2052 1336 2117 1357 non
2137 1327 2302 1363 obstante.

1293 1378 1512 1408 decernentes
1538 1378 1673 1408 irritum
1692 1381 1722 1408 et
1750 1379 1848 1409 inane
1866 1380 1894 1409 si
1915 1388 2012 1410 secus
2033 1381 2239 1419 contingeret
2256 1382 2306 1411 at-

1292 1432 1464 1470 temptari.
1476 1432 1517 1462 Et
1533 1432 1612 1470 quia
1626 1441 1644 1462 a
1661 1432 1835 1462 nonnullis
1852 1433 2102 1471 proponebatur
2115 1434 2304 1472 predictum

1294 1485 1584 1523 archiepiscopum
1619 1488 1819 1523 potestatem
1853 1495 1916 1515 non
1945 1486 2106 1516 habuisse
2143 1487 2305 1517 beneficia

1293 1538 1499 1574 conferendi,
1518 1537 1580 1568 tibi
1608 1546 1667 1576 per
1687 1540 1820 1568 nostras
1838 1539 1994 1569 dedimus
2009 1540 2141 1570 litteras
2160 1540 2193 1570 111
2211 1549 2302 1570 man-

1294 1591 1380 1621 datis
1391 1593 1438 1625 ut,
1451 1591 1512 1620 hoc
1526 1600 1590 1621 non
1607 1591 1773 1623 obstante,
1794 1592 1901 1622 eidem
1920 1592 2155 1623 archidiacono
2173 1593 2212 1623 de
2230 1603 2303 1632 pre-

1293 1644 1412 1678 benda,
1429 1644 1525 1683 juxta
1547 1644 1700 1674 ordinem
1721 1645 1926 1683 receptionis
1945 1654 2015 1679 sue⁷
2033 1646 2156 1681 debita,
2178 1647 2206 1676 si
2226 1649 2304 1677 tunc

1294 1697 1431 1727 vacabat
1459 1697 1585 1727 ibidem
1612 1697 1664 1727 vel
1691 1698 1942 1736 quamprimum
1976 1699 2017 1728 ad
2044 1699 2077 1728 id
2107 1708 2142 1729 se
2171 1700 2306 1729 otlerret

1295 1750 1518 1789 oportunitas,
1552 1750 1749 1788 provideres
1772 1759 1830 1789 per
1853 1752 1885 1781 te
1912 1751 1964 1781 vel
1981 1760 2039 1790 per
2065 1752 2181 1788 alium,
2208 1752 2307 1790 juxta

1294 1803 1447 1842 priorum
1465 1803 1707 1833 continentiam
1726 1803 1927 1833 litterarum.
1949 1805 2087 1838 Verum,
2101 1806 2181 1843 quia
2197 1805 2306 1835 dictus

1295 1856 1552 1886 archidiaconus
1583 1855 1740 1886 nondum*
1766 1856 1893 1887 ibidem
1923 1857 2127 1896 prebendam
2157 1859 2307 1897 aliquam

1296 1911 1347 1939 est
1379 1909 1532 1948 adeptus,
1558 1917 1631 1945 nos,
1668 1909 1777 1947 ipsius
1805 1910 2114 1948 supplicationibus
2139 1911 2305 1947 inclinati,

1296 1963 1524 2001 receptionem
1549 1971 1647 1992 suam
1675 1962 1860 2001 predictam
1894 1972 1971 1994 eum
2001 1964 2157 1994 volumus
2186 1964 2307 1994 habere

1296 2016 1447 2055 vigorem
1469 2024 1569 2054 quem
1586 2015 1722 2046 haberet
1745 2016 1774 2046 si
1796 2017 1995 2047 auctoritate
2012 2018 2198 2056 apostolica
2221 2017 2308 2048 facta

1296 2070 1398 2103 esset,
1417 2077 1453 2098 ac
1470 2069 1584 2107 ipsum
1606 2068 1891 2105 archidiaconum,
1911 2070 2009 2108 juxta
2025 2070 2178 2100 ordinem
2199 2079 2308 2109 recep-

1296 2122 1400 2152 tionis
1430 2121 1583 2160 ejusdem
1602 2124 1633 2152 et
1661 2122 1812 2161 vigorem
1839 2122 2044 2162 hujusmodi,
2077 2124 2213 2162 assequi
2239 2132 2311 2162 pre-

1297 2175 1441 2206 bendam
1464 2175 1498 2205 in
1525 2175 1719 2214 supradicta
1736 2175 1879 2206 ecclesia
1900 2176 2119 2206 virdunensi.
2146 2177 2311 2212 Quocirca

1297 2229 1500 2258 mandamus
1524 2228 1685 2266 quatinus
1700 2229 1809 2258 eidem
1829 2228 2064 2259 archidiacono
2081 2229 2121 2259 de
2139 2229 2310 2267 prebenda

1298 2281 1364 2311 sibi
1382 2281 1507 2314 debita,
1531 2282 1629 2320 Juxta
1646 2281 1839 2319 hujusmodi
1861 2281 2013 2312 ordinem
2040 2284 2070 2312 et
2099 2282 2260 2321 vigorem,
2282 2283 2311 2312 si

1297 2336 1393 2364 vacat
1417 2334 1543 2364 ibidem
1563 2334 1604 2364 ad
1628 2343 1768 2372 presens
1794 2334 1847 2364 1·οΙ
1875 2335 2125 2373 quamprimum
2149 2335 2190 2365 ad
2216 2335 2249 2365 id
2276 2344 2311 2366 se

1298 2387 1442 2418 facultas
1461 2387 1634 2423 obtulerit,
1654 2396 1712 2426 per
1729 2390 1759 2418 te
1778 2387 1830 2418 vel
1846 2396 1904 2426 per
1921 2388 2026 2418 alium
2041 2388 2217 2427 providere
2236 2398 2311 2427 pro-

1299 2449 1408 2471 cures.
1426 2440 1700 2471 Contradictores
1717 2442 1778 2471 etc.
1795 2449 1901 2479 usque
1916 2441 2170 2480 compescendo.
2187 2441 2311 2472 Datum

1299 2494 1388 2533 apud
1421 2493 1708 2529 Urbemveterem,
1730 2503 1765 2524 xr
1785 2493 1950 2524 kalendas
1979 2494 2111 2533 aprilis,
2137 2503 2224 2525 anno
2248 2497 2311 2526 ter—

1297 2548 1358 2579 tio.
1380 2557 1395 2577 »

1393 2734 1486 2766 1481

1870 2733 1994 2765 orricio,
2019 2734 2049 2760 14
2066 2742 2143 2760 mars
2160 2734 2236 2761 1204.

1337 2818 1473 2853 Magistro
1489 2818 1582 2848 Petro,
1604 2817 1807 2844 archidiacono
1823 2818 1974 2846 111-11110031,
1991 2818 2121 2853 indulget
2138 2821 2167 2845 ut
2186 2826 2250 2845 cum
2271 2827 2315 2845 ar-

1301 2865 1504 2894 chidiaconatu
1521 2866 1681 2902 prioratum
1698 2865 1836 2893 secularis
1863 2866 2002 2894 ecclesiae
2023 2876 2046 2894 s.
2075 2867 2203 2901 Caprasii
2225 2868 2316 2901 Agen-

1301 2916 1400 2943 nensis
1419 2916 1543 2943 retinere
1559 2915 1664 2943 valeat.
1678 2916 1759 2947 (1³50.
1773 2916 1817 2945 29,
1837 2915 1885 2942 fol.
1903 2915 1953 2943 139
1970 2921 2009 2947 w,
2027 2920 2059 2942 11ο
2076 2916 2151 2949 531.)
