<?xml version="1.0" encoding="UTF-8"?>
<!DOCTYPE html PUBLIC "-//W3C//DTD XHTML 1.0 Transitional//EN"
    "http://www.w3.org/TR/xhtml1/DTD/xhtml1-transitional.dtd">
<html xmlns="http://www.w3.org/1999/xhtml" xml:lang="en" lang="en">
 <head>
  <title>
</title>
<meta http-equiv="Content-Type" content="text/html;charset=utf-8" />
  <meta name='ocr-system' content='tesseract 3.04.00' />
  <meta name='ocr-capabilities' content='ocr_page ocr_carea ocr_par ocr_line ocrx_word'/>
</head>
<body>
  <div class='ocr_page' id='page_1' title='image "./lesregistresdurb34cath/lesregistresdurb34cath_0659.png"; bbox 0 0 2659 3242; ppageno 0'>
   <div class='ocr_carea' id='block_1_1' title="bbox 44 692 398 2673">
    <p class='ocr_par' dir='ltr' id='par_1_1' title="bbox 44 692 398 2673">
     <span class='ocr_line' id='line_1_1' title="bbox 66 692 398 721; baseline -0.003 0"><span class='ocrx_word' id='word_1_1' title='bbox 66 692 140 721; x_wconf 73' lang='lat'>1263</span> <span class='ocrx_word' id='word_1_2' title='bbox 226 692 354 720; x_wconf 80' lang='lat' dir='ltr'>orvieio.</span> <span class='ocrx_word' id='word_1_3' title='bbox 393 697 398 699; x_wconf 54' lang='lat'><strong><em>⁴</em></strong></span> 
     </span>
     <span class='ocr_line' id='line_1_2' title="bbox 44 741 286 771; baseline 0 -1"><span class='ocrx_word' id='word_1_4' title='bbox 44 750 120 771; x_wconf 68' lang='lat' dir='ltr'>nov.</span> <span class='ocrx_word' id='word_1_5' title='bbox 141 741 192 769; x_wconf 70' lang='lat'>24.</span> <span class='ocrx_word' id='word_1_6' title='bbox 246 757 286 762; x_wconf 70' lang='lat'>-—-</span> 
     </span>
     <span class='ocr_line' id='line_1_3' title="bbox 82 997 307 1011; baseline 0.004 0"><span class='ocrx_word' id='word_1_7' title='bbox 82 997 93 1011; x_wconf 69' lang='lat'>›&gt;</span> <span class='ocrx_word' id='word_1_8' title='bbox 163 998 174 1011; x_wconf 65' lang='lat' dir='ltr'><em>t</em></span> <span class='ocrx_word' id='word_1_9' title='bbox 267 1003 307 1006; x_wconf 79' lang='lat'>—-</span> 
     </span>
     <span class='ocr_line' id='line_1_4' title="bbox 80 1195 308 1210; baseline 0.004 -8"><span class='ocrx_word' id='word_1_10' title='bbox 80 1195 95 1210; x_wconf 71' lang='lat'>‚</span> <span class='ocrx_word' id='word_1_11' title='bbox 164 1195 175 1209; x_wconf 82' lang='lat'><em>,</em></span> <span class='ocrx_word' id='word_1_12' title='bbox 269 1199 308 1203; x_wconf 31' lang='lat' dir='ltr'>m</span> 
     </span>
     <span class='ocr_line' id='line_1_5' title="bbox 86 1488 311 1504; baseline 0.004 -8"><span class='ocrx_word' id='word_1_13' title='bbox 86 1489 97 1504; x_wconf 88' lang='lat'><em>,</em></span> <span class='ocrx_word' id='word_1_14' title='bbox 166 1488 177 1502; x_wconf 79' lang='lat'><em>,</em></span> <span class='ocrx_word' id='word_1_15' title='bbox 271 1493 311 1497; x_wconf 65' lang='grc'>-</span> 
     </span>
     <span class='ocr_line' id='line_1_6' title="bbox 90 1769 315 1798; baseline 0.009 -1"><span class='ocrx_word' id='word_1_16' title='bbox 90 1781 101 1797; x_wconf 80' lang='grc'><strong>»</strong></span> <span class='ocrx_word' id='word_1_17' title='bbox 133 1769 184 1798; x_wconf 79' lang='lat'>25.</span> <span class='ocrx_word' id='word_1_18' title='bbox 274 1786 315 1790; x_wconf 85' lang='lat'>—-</span> 
     </span>
     <span class='ocr_line' id='line_1_7' title="bbox 95 2124 311 2139; baseline 0.005 -8"><span class='ocrx_word' id='word_1_19' title='bbox 95 2125 106 2139; x_wconf 75' lang='grc'><strong>,</strong></span> <span class='ocrx_word' id='word_1_20' title='bbox 174 2124 185 2138; x_wconf 81' lang='lat'><em>,</em></span> <span class='ocrx_word' id='word_1_21' title='bbox 278 2129 311 2132; x_wconf 60' lang='lat'><em>-</em></span> 
     </span>
     <span class='ocr_line' id='line_1_8' title="bbox 98 2464 323 2479; baseline 0.004 -6"><span class='ocrx_word' id='word_1_22' title='bbox 98 2465 109 2479; x_wconf 86' lang='lat'><em>„</em></span> <span class='ocrx_word' id='word_1_23' title='bbox 179 2464 189 2478; x_wconf 61' lang='lat'>1.</span> <span class='ocrx_word' id='word_1_24' title='bbox 284 2470 323 2474; x_wconf 31' lang='grc' dir='ltr'>ᾖ</span> 
     </span>
     <span class='ocr_line' id='line_1_9' title="bbox 100 2658 326 2673; baseline 0 0"><span class='ocrx_word' id='word_1_25' title='bbox 100 2658 112 2673; x_wconf 67' lang='lat' dir='ltr'>D</span> <span class='ocrx_word' id='word_1_26' title='bbox 181 2658 193 2672; x_wconf 76' lang='grc'>1</span> <span class='ocrx_word' id='word_1_27' title='bbox 286 2663 326 2668; x_wconf 79' lang='lat'>·——</span> 
     </span>
    </p>
   </div>
   <div class='ocr_carea' id='block_1_2' title="bbox 835 242 1650 277">
    <p class='ocr_par' dir='ltr' id='par_1_2' title="bbox 835 242 1650 277">
     <span class='ocr_line' id='line_1_10' title="bbox 835 242 1650 277; baseline -0.007 0"><span class='ocrx_word' id='word_1_28' title='bbox 835 247 1006 277; x_wconf 81' lang='lat' dir='ltr'><strong>TABLES</strong></span> <span class='ocrx_word' id='word_1_29' title='bbox 1032 246 1094 277; x_wconf 90' lang='lat' dir='ltr'>DU</span> <span class='ocrx_word' id='word_1_30' title='bbox 1120 244 1342 277; x_wconf 79' lang='lat' dir='ltr'>REGISTRE</span> <span class='ocrx_word' id='word_1_31' title='bbox 1367 242 1578 274; x_wconf 83' lang='lat' dir='ltr'>D’URBAIN</span> <span class='ocrx_word' id='word_1_32' title='bbox 1607 243 1650 271; x_wconf 72' lang='lat' dir='ltr'>{V</span> 
     </span>
    </p>
   </div>
   <div class='ocr_carea' id='block_1_3' title="bbox 975 339 1204 367">
    <p class='ocr_par' dir='ltr' id='par_1_3' title="bbox 975 339 1204 367">
     <span class='ocr_line' id='line_1_11' title="bbox 975 339 1204 367; baseline -0.009 -5"><span class='ocrx_word' id='word_1_33' title='bbox 975 341 1060 367; x_wconf 75' lang='lat' dir='ltr'>Pages.</span> <span class='ocrx_word' id='word_1_34' title='bbox 1077 339 1204 362; x_wconf 71' lang='lat' dir='ltr'>Numeros.</span> 
     </span>
    </p>
   </div>
   <div class='ocr_carea' id='block_1_4' title="bbox 407 391 1410 2584">
    <p class='ocr_par' dir='ltr' id='par_1_4' title="bbox 407 391 1410 2584">
     <span class='ocr_line' id='line_1_12' title="bbox 408 391 1369 434; baseline -0.002 -7"><span class='ocrx_word' id='word_1_35' title='bbox 408 401 485 427; x_wconf 87' lang='lat' dir='ltr'>nata</span> <span class='ocrx_word' id='word_1_36' title='bbox 499 408 554 434; x_wconf 87' lang='lat' dir='ltr'>per</span> <span class='ocrx_word' id='word_1_37' title='bbox 568 401 615 432; x_wconf 89' lang='lat' dir='ltr'>G.,</span> <span class='ocrx_word' id='word_1_38' title='bbox 633 400 722 427; x_wconf 91' lang='lat' dir='ltr'>tituli</span> <span class='ocrx_word' id='word_1_39' title='bbox 735 407 759 427; x_wconf 91' lang='lat' dir='ltr'>s.</span> <span class='ocrx_word' id='word_1_40' title='bbox 771 398 908 426; x_wconf 84' lang='lat' dir='ltr'>Ceciliae</span> <span class='ocrx_word' id='word_1_41' title='bbox 922 405 1007 433; x_wconf 87' lang='lat' dir='ltr'>pres·</span> <span class='ocrx_word' id='word_1_42' title='bbox 1294 391 1369 420; x_wconf 72' lang='lat'>1253</span> 
     </span>
     <span class='ocr_line' id='line_1_13' title="bbox 407 447 1007 483; baseline -0.005 -7"><span class='ocrx_word' id='word_1_43' title='bbox 407 450 557 483; x_wconf 82' lang='lat' dir='ltr'>hyterum</span> <span class='ocrx_word' id='word_1_44' title='bbox 572 450 604 475; x_wconf 92' lang='lat' dir='ltr'>et</span> <span class='ocrx_word' id='word_1_45' title='bbox 619 449 668 481; x_wconf 58' lang='lat' dir='ltr'>U„</span> <span class='ocrx_word' id='word_1_46' title='bbox 685 456 710 476; x_wconf 85' lang='lat' dir='ltr'>s.</span> <span class='ocrx_word' id='word_1_47' title='bbox 725 447 892 476; x_wconf 85' lang='lat' dir='ltr'>Eustachii</span> <span class='ocrx_word' id='word_1_48' title='bbox 904 447 1007 474; x_wconf 90' lang='lat' dir='ltr'>diaco-</span> 
     </span>
     <span class='ocr_line' id='line_1_14' title="bbox 408 497 1007 529; baseline -0.005 -4"><span class='ocrx_word' id='word_1_49' title='bbox 408 505 485 525; x_wconf 91' lang='lat' dir='ltr'>num</span> <span class='ocrx_word' id='word_1_50' title='bbox 506 497 684 524; x_wconf 78' lang='lat' dir='ltr'>cardinales</span> <span class='ocrx_word' id='word_1_51' title='bbox 705 498 831 525; x_wconf 87' lang='lat' dir='ltr'>cassata</span> <span class='ocrx_word' id='word_1_52' title='bbox 853 497 913 529; x_wconf 82' lang='lat' dir='ltr'>est,</span> <span class='ocrx_word' id='word_1_53' title='bbox 938 497 1007 523; x_wconf 89' lang='lat' dir='ltr'>tan—</span> 
     </span>
     <span class='ocr_line' id='line_1_15' title="bbox 408 545 1008 581; baseline -0.003 -8"><span class='ocrx_word' id='word_1_54' title='bbox 408 554 505 581; x_wconf 89' lang='lat' dir='ltr'>quam</span> <span class='ocrx_word' id='word_1_55' title='bbox 524 546 736 580; x_wconf 79' lang='lat' dir='ltr'>irregulariter</span> <span class='ocrx_word' id='word_1_56' title='bbox 753 545 922 578; x_wconf 87' lang='lat' dir='ltr'>celebrata,</span> <span class='ocrx_word' id='word_1_57' title='bbox 944 551 1008 571; x_wconf 90' lang='lat' dir='ltr'>mo-</span> 
     </span>
     <span class='ocr_line' id='line_1_16' title="bbox 408 593 1005 623; baseline -0.007 0"><span class='ocrx_word' id='word_1_58' title='bbox 408 595 548 623; x_wconf 87' lang='lat' dir='ltr'>nasterio</span> <span class='ocrx_word' id='word_1_59' title='bbox 581 594 779 622; x_wconf 88' lang='lat' dir='ltr'>Morbacensi</span> <span class='ocrx_word' id='word_1_60' title='bbox 811 593 1005 621; x_wconf 87' lang='lat' dir='ltr'>auctoritate</span> 
     </span>
     <span class='ocr_line' id='line_1_17' title="bbox 411 642 1124 679; baseline -0.007 -8"><span class='ocrx_word' id='word_1_61' title='bbox 411 644 585 679; x_wconf 85' lang='lat' dir='ltr'>apostolica</span> <span class='ocrx_word' id='word_1_62' title='bbox 599 644 630 670; x_wconf 90' lang='lat' dir='ltr'>in</span> <span class='ocrx_word' id='word_1_63' title='bbox 645 644 795 671; x_wconf 77' lang='lat' dir='ltr'>abbatem</span> <span class='ocrx_word' id='word_1_64' title='bbox 808 642 966 677; x_wconf 77' lang='lat' dir='ltr'>praeficit.</span> <span class='ocrx_word' id='word_1_65' title='bbox 1014 650 1076 668; x_wconf 71' lang='lat' dir='ltr'>tome</span> <span class='ocrx_word' id='word_1_66' title='bbox 1094 646 1124 666; x_wconf 96' lang='grc' dir='ltr'>ιιι</span> 
     </span>
     <span class='ocr_line' id='line_1_18' title="bbox 448 687 1214 729; baseline -0.003 -10"><span class='ocrx_word' id='word_1_67' title='bbox 448 692 711 720; x_wconf 87' lang='lat' dir='ltr'>Ministerialibus</span> <span class='ocrx_word' id='word_1_68' title='bbox 722 693 754 719; x_wconf 90' lang='lat' dir='ltr'>et</span> <span class='ocrx_word' id='word_1_69' title='bbox 764 691 910 719; x_wconf 83' lang='lat' dir='ltr'>vassallis</span> <span class='ocrx_word' id='word_1_70' title='bbox 926 697 990 717; x_wconf 89' lang='lat' dir='ltr'>mo·</span> <span class='ocrx_word' id='word_1_71' title='bbox 1010 688 1014 726; x_wconf 91' lang='grc' dir='ltr'>Ι</span> <span class='ocrx_word' id='word_1_72' title='bbox 1032 690 1090 718; x_wconf 79' lang='lat'>373</span> <span class='ocrx_word' id='word_1_73' title='bbox 1113 689 1118 729; x_wconf 99' lang='grc' dir='ltr'>Ι</span> <span class='ocrx_word' id='word_1_74' title='bbox 1133 687 1214 717; x_wconf 77' lang='lat'>2254</span> 
     </span>
     <span class='ocr_line' id='line_1_19' title="bbox 410 739 1008 769; baseline -0.005 0"><span class='ocrx_word' id='word_1_75' title='bbox 410 742 544 769; x_wconf 90' lang='lat' dir='ltr'>nasterii</span> <span class='ocrx_word' id='word_1_76' title='bbox 566 739 794 768; x_wconf 86' lang='lat' dir='ltr'>Morbaeencis¹</span> <span class='ocrx_word' id='word_1_77' title='bbox 820 741 859 767; x_wconf 89' lang='lat' dir='ltr'>ad</span> <span class='ocrx_word' id='word_1_78' title='bbox 891 740 1008 766; x_wconf 78' lang='lat' dir='ltr'>Roma-</span> 
     </span>
     <span class='ocr_line' id='line_1_20' title="bbox 410 789 1009 823; baseline -0.005 -5"><span class='ocrx_word' id='word_1_79' title='bbox 410 798 482 818; x_wconf 92' lang='lat' dir='ltr'>nam</span> <span class='ocrx_word' id='word_1_80' title='bbox 503 790 667 817; x_wconf 88' lang='lat' dir='ltr'>ecclesiam</span> <span class='ocrx_word' id='word_1_81' title='bbox 685 789 772 816; x_wconf 92' lang='lat' dir='ltr'>nullo</span> <span class='ocrx_word' id='word_1_82' title='bbox 791 789 894 816; x_wconf 89' lang='lat' dir='ltr'>medio</span> <span class='ocrx_word' id='word_1_83' title='bbox 912 789 1009 823; x_wconf 86' lang='lat' dir='ltr'>perti-</span> 
     </span>
     <span class='ocr_line' id='line_1_21' title="bbox 411 838 1009 872; baseline -0.007 -5"><span class='ocrx_word' id='word_1_84' title='bbox 411 848 431 867; x_wconf 92' lang='lat' dir='ltr'>n</span> <span class='ocrx_word' id='word_1_85' title='bbox 452 840 526 872; x_wconf 84' lang='lat' dir='ltr'>ntis,</span> <span class='ocrx_word' id='word_1_86' title='bbox 547 839 665 866; x_wconf 89' lang='lat' dir='ltr'>ordinis</span> <span class='ocrx_word' id='word_1_87' title='bbox 684 846 708 866; x_wconf 95' lang='lat' dir='ltr'>s.</span> <span class='ocrx_word' id='word_1_88' title='bbox 727 838 902 870; x_wconf 81' lang='lat' dir='ltr'>Benedicti,</span> <span class='ocrx_word' id='word_1_89' title='bbox 922 838 1009 864; x_wconf 90' lang='lat' dir='ltr'>Basi-</span> 
     </span>
     <span class='ocr_line' id='line_1_22' title="bbox 410 880 1405 922; baseline -0.007 -7"><span class='ocrx_word' id='word_1_90' title='bbox 410 889 519 916; x_wconf 87' lang='lat' dir='ltr'>liensis</span> <span class='ocrx_word' id='word_1_91' title='bbox 534 888 675 921; x_wconf 86' lang='lat' dir='ltr'>diocesis,</span> <span class='ocrx_word' id='word_1_92' title='bbox 693 889 730 914; x_wconf 88' lang='lat' dir='ltr'>de</span> <span class='ocrx_word' id='word_1_93' title='bbox 745 888 908 922; x_wconf 88' lang='lat' dir='ltr'>praedicta</span> <span class='ocrx_word' id='word_1_94' title='bbox 930 886 1009 913; x_wconf 87' lang='lat' dir='ltr'>elec·</span> <span class='ocrx_word' id='word_1_95' title='bbox 1310 892 1321 905; x_wconf 84' lang='lat'><strong>»</strong></span> <span class='ocrx_word' id='word_1_96' title='bbox 1353 880 1405 908; x_wconf 66' lang='lat'>27.</span> 
     </span>
     <span class='ocr_line' id='line_1_23' title="bbox 413 936 1124 970; baseline -0.006 -6"><span class='ocrx_word' id='word_1_97' title='bbox 413 938 500 965; x_wconf 85' lang='lat' dir='ltr'>tione</span> <span class='ocrx_word' id='word_1_98' title='bbox 520 936 693 970; x_wconf 82' lang='lat' dir='ltr'>significat.</span> <span class='ocrx_word' id='word_1_99' title='bbox 1014 942 1077 960; x_wconf 65' lang='lat' dir='ltr'>tome</span> <span class='ocrx_word' id='word_1_100' title='bbox 1094 939 1124 960; x_wconf 90' lang='grc' dir='ltr'>ιιι</span> 
     </span>
     <span class='ocr_line' id='line_1_24' title="bbox 452 981 1219 1023; baseline -0.003 -11"><span class='ocrx_word' id='word_1_101' title='bbox 452 987 609 1020; x_wconf 87' lang='lat' dir='ltr'>Episcopo</span> <span class='ocrx_word' id='word_1_102' title='bbox 619 985 949 1019; x_wconf 86' lang='lat' dir='ltr'>Lingonensimandat</span> <span class='ocrx_word' id='word_1_103' title='bbox 959 986 996 1011; x_wconf 92' lang='lat' dir='ltr'>ut</span> <span class='ocrx_word' id='word_1_104' title='bbox 1014 981 1018 1021; x_wconf 94' lang='grc' dir='ltr'>Ι</span> <span class='ocrx_word' id='word_1_105' title='bbox 1036 983 1095 1011; x_wconf 88' lang='grc'>373</span> <span class='ocrx_word' id='word_1_106' title='bbox 1118 982 1122 1023; x_wconf 94' lang='grc' dir='ltr'>Ι</span> <span class='ocrx_word' id='word_1_107' title='bbox 1138 981 1219 1010; x_wconf 73' lang='lat'>2255</span> 
     </span>
     <span class='ocr_line' id='line_1_25' title="bbox 430 1033 1013 1068; baseline -0.003 -6"><span class='ocrx_word' id='word_1_108' title='bbox 430 1034 610 1062; x_wconf 57' lang='lat' dir='ltr'>{orbacensi</span> <span class='ocrx_word' id='word_1_109' title='bbox 636 1034 746 1061; x_wconf 86' lang='lat' dir='ltr'>abbati</span> <span class='ocrx_word' id='word_1_110' title='bbox 770 1033 1013 1068; x_wconf 68' lang='lat' dir='ltr'>presbyteratus</span> 
     </span>
     <span class='ocr_line' id='line_1_26' title="bbox 413 1081 1007 1111; baseline -0.003 -1"><span class='ocrx_word' id='word_1_111' title='bbox 413 1085 554 1111; x_wconf 90' lang='lat' dir='ltr'>ordinem</span> <span class='ocrx_word' id='word_1_112' title='bbox 576 1084 608 1109; x_wconf 91' lang='lat' dir='ltr'>et</span> <span class='ocrx_word' id='word_1_113' title='bbox 636 1090 752 1109; x_wconf 89' lang='lat' dir='ltr'>munus</span> <span class='ocrx_word' id='word_1_114' title='bbox 776 1081 1007 1109; x_wconf 83' lang='lat' dir='ltr'>benedictionis</span> 
     </span>
     <span class='ocr_line' id='line_1_27' title="bbox 413 1133 1130 1168; baseline -0.003 -9"><span class='ocrx_word' id='word_1_115' title='bbox 413 1133 589 1168; x_wconf 84' lang='lat' dir='ltr'>impendat.</span> <span class='ocrx_word' id='word_1_116' title='bbox 1019 1140 1083 1158; x_wconf 79' lang='lat' dir='ltr'>tome</span> <span class='ocrx_word' id='word_1_117' title='bbox 1101 1137 1130 1157; x_wconf 89' lang='grc' dir='ltr'>ιιι</span> 
     </span>
     <span class='ocr_line' id='line_1_28' title="bbox 455 1172 1221 1220; baseline 0.001 -13"><span class='ocrx_word' id='word_1_118' title='bbox 455 1183 581 1209; x_wconf 73' lang='lat' dir='ltr'>becario</span> <span class='ocrx_word' id='word_1_119' title='bbox 602 1172 752 1208; x_wconf 56' lang='lat' dir='ltr'>ecciesiae</span> <span class='ocrx_word' id='word_1_120' title='bbox 771 1189 795 1208; x_wconf 77' lang='lat' dir='ltr'>s.</span> <span class='ocrx_word' id='word_1_121' title='bbox 817 1181 986 1208; x_wconf 73' lang='lat' dir='ltr'>Trinitatis</span> <span class='ocrx_word' id='word_1_122' title='bbox 1019 1181 1098 1220; x_wconf 61' lang='lat'>1383</span> <span class='ocrx_word' id='word_1_123' title='bbox 1121 1179 1221 1220; x_wconf 77' lang='lat'>[2319</span> 
     </span>
     <span class='ocr_line' id='line_1_29' title="bbox 414 1229 1012 1265; baseline -0.002 -7"><span class='ocrx_word' id='word_1_124' title='bbox 414 1230 570 1265; x_wconf 83' lang='lat' dir='ltr'>Spirensis</span> <span class='ocrx_word' id='word_1_125' title='bbox 595 1231 726 1257; x_wconf 86' lang='lat' dir='ltr'>mandat</span> <span class='ocrx_word' id='word_1_126' title='bbox 753 1231 789 1257; x_wconf 92' lang='lat' dir='ltr'>ut</span> <span class='ocrx_word' id='word_1_127' title='bbox 823 1229 1012 1263; x_wconf 78' lang='lat' dir='ltr'>conradum,</span> 
     </span>
     <span class='ocr_line' id='line_1_30' title="bbox 414 1279 1016 1315; baseline -0.002 -8"><span class='ocrx_word' id='word_1_128' title='bbox 414 1281 648 1315; x_wconf 74' lang='lat' dir='ltr'>presbyterum.</span> <span class='ocrx_word' id='word_1_129' title='bbox 680 1280 836 1306; x_wconf 88' lang='lat' dir='ltr'>decanum</span> <span class='ocrx_word' id='word_1_130' title='bbox 863 1279 1016 1306; x_wconf 90' lang='lat' dir='ltr'>ecclesiae</span> 
     </span>
     <span class='ocr_line' id='line_1_31' title="bbox 415 1328 1016 1362; baseline -0.002 -6"><span class='ocrx_word' id='word_1_131' title='bbox 415 1329 644 1361; x_wconf 82' lang='lat' dir='ltr'>Haselacensis‚</span> <span class='ocrx_word' id='word_1_132' title='bbox 660 1328 900 1362; x_wconf 77' lang='lat' dir='ltr'>Argentinensis</span> <span class='ocrx_word' id='word_1_133' title='bbox 914 1328 1016 1355; x_wconf 87' lang='lat' dir='ltr'>dioce-</span> 
     </span>
     <span class='ocr_line' id='line_1_32' title="bbox 418 1377 1408 1412; baseline -0.002 -7"><span class='ocrx_word' id='word_1_134' title='bbox 418 1379 470 1412; x_wconf 81' lang='lat' dir='ltr'>sis,</span> <span class='ocrx_word' id='word_1_135' title='bbox 496 1379 528 1405; x_wconf 92' lang='lat' dir='ltr'>in</span> <span class='ocrx_word' id='word_1_136' title='bbox 554 1379 663 1405; x_wconf 88' lang='lat' dir='ltr'>eadem</span> <span class='ocrx_word' id='word_1_137' title='bbox 689 1378 821 1404; x_wconf 84' lang='lat' dir='ltr'>ecclesia</span> <span class='ocrx_word' id='word_1_138' title='bbox 842 1378 873 1404; x_wconf 91' lang='lat' dir='ltr'>in</span> <span class='ocrx_word' id='word_1_139' title='bbox 894 1377 1019 1405; x_wconf 86' lang='lat' dir='ltr'>canoni·</span> <span class='ocrx_word' id='word_1_140' title='bbox 1316 1386 1326 1399; x_wconf 76' lang='lat'>¹</span> <span class='ocrx_word' id='word_1_141' title='bbox 1397 1385 1408 1398; x_wconf 81' lang='lat'><strong>»</strong></span> 
     </span>
     <span class='ocr_line' id='line_1_33' title="bbox 412 1427 1130 1461; baseline -0.003 -6"><span class='ocrx_word' id='word_1_142' title='bbox 412 1435 484 1455; x_wconf 88' lang='lat' dir='ltr'>cum</span> <span class='ocrx_word' id='word_1_143' title='bbox 502 1427 599 1461; x_wconf 81' lang='lat' dir='ltr'>recipi</span> <span class='ocrx_word' id='word_1_144' title='bbox 616 1427 724 1454; x_wconf 72' lang='lat' dir='ltr'>faciat..</span> <span class='ocrx_word' id='word_1_145' title='bbox 1019 1435 1082 1453; x_wconf 78' lang='lat' dir='ltr'>tome</span> <span class='ocrx_word' id='word_1_146' title='bbox 1100 1432 1130 1453; x_wconf 95' lang='grc' dir='ltr'>ιιι</span> 
     </span>
     <span class='ocr_line' id='line_1_34' title="bbox 455 1472 1225 1513; baseline 0.001 -10"><span class='ocrx_word' id='word_1_147' title='bbox 455 1476 575 1503; x_wconf 79' lang='lat' dir='ltr'>Abbati</span> <span class='ocrx_word' id='word_1_148' title='bbox 602 1476 786 1502; x_wconf 88' lang='lat' dir='ltr'>monasterii</span> <span class='ocrx_word' id='word_1_149' title='bbox 812 1483 836 1502; x_wconf 89' lang='lat' dir='ltr'>s.</span> <span class='ocrx_word' id='word_1_150' title='bbox 854 1477 1000 1509; x_wconf 81' lang='lat' dir='ltr'>Amondi‚</span> <span class='ocrx_word' id='word_1_151' title='bbox 1022 1472 1026 1512; x_wconf 91' lang='grc' dir='ltr'>Ι</span> <span class='ocrx_word' id='word_1_152' title='bbox 1043 1476 1104 1504; x_wconf 85' lang='grc'>396</span> <span class='ocrx_word' id='word_1_153' title='bbox 1123 1472 1127 1513; x_wconf 92' lang='grc' dir='ltr'>Ι</span> <span class='ocrx_word' id='word_1_154' title='bbox 1144 1474 1225 1504; x_wconf 75' lang='lat'><strong>2366</strong></span> 
     </span>
     <span class='ocr_line' id='line_1_35' title="bbox 417 1525 1017 1559; baseline 0.002 -8"><span class='ocrx_word' id='word_1_155' title='bbox 417 1525 535 1552; x_wconf 85' lang='lat' dir='ltr'>ordinis</span> <span class='ocrx_word' id='word_1_156' title='bbox 548 1533 572 1552; x_wconf 89' lang='lat' dir='ltr'>s.</span> <span class='ocrx_word' id='word_1_157' title='bbox 586 1525 756 1559; x_wconf 65' lang='lat' dir='ltr'>Augustini</span> <span class='ocrx_word' id='word_1_158' title='bbox 782 1525 1017 1559; x_wconf 74' lang='lat' dir='ltr'>petragoricen-</span> 
     </span>
     <span class='ocr_line' id='line_1_36' title="bbox 417 1573 1017 1603; baseline 0 -2"><span class='ocrx_word' id='word_1_159' title='bbox 417 1575 460 1601; x_wconf 90' lang='lat' dir='ltr'>sis</span> <span class='ocrx_word' id='word_1_160' title='bbox 485 1574 629 1603; x_wconf 83' lang='lat' dir='ltr'>diocesis,</span> <span class='ocrx_word' id='word_1_161' title='bbox 657 1574 803 1600; x_wconf 85' lang='lat' dir='ltr'>concedit</span> <span class='ocrx_word' id='word_1_162' title='bbox 828 1573 1017 1601; x_wconf 80' lang='lat' dir='ltr'>facultatem</span> 
     </span>
     <span class='ocr_line' id='line_1_37' title="bbox 416 1623 1017 1658; baseline 0 -8"><span class='ocrx_word' id='word_1_163' title='bbox 416 1623 598 1658; x_wconf 75' lang='lat' dir='ltr'>recipiendi,</span> <span class='ocrx_word' id='word_1_164' title='bbox 613 1624 741 1657; x_wconf 87' lang='lat' dir='ltr'>propter</span> <span class='ocrx_word' id='word_1_165' title='bbox 753 1624 950 1650; x_wconf 79' lang='lat' dir='ltr'>sacerdotum</span> <span class='ocrx_word' id='word_1_166' title='bbox 965 1624 1017 1650; x_wconf 86' lang='lat' dir='ltr'>de-</span> 
     </span>
     <span class='ocr_line' id='line_1_38' title="bbox 418 1672 1016 1707; baseline 0.002 -9"><span class='ocrx_word' id='word_1_167' title='bbox 418 1672 548 1705; x_wconf 82' lang='lat' dir='ltr'>fectum,</span> <span class='ocrx_word' id='word_1_168' title='bbox 568 1673 707 1707; x_wconf 85' lang='lat' dir='ltr'>quatuor</span> <span class='ocrx_word' id='word_1_169' title='bbox 724 1672 856 1699; x_wconf 87' lang='lat' dir='ltr'>clericos</span> <span class='ocrx_word' id='word_1_170' title='bbox 874 1672 906 1699; x_wconf 89' lang='lat' dir='ltr'>in</span> <span class='ocrx_word' id='word_1_171' title='bbox 924 1679 1016 1699; x_wconf 89' lang='lat' dir='ltr'>cano-</span> 
     </span>
     <span class='ocr_line' id='line_1_39' title="bbox 419 1722 1134 1749; baseline 0 -1"><span class='ocrx_word' id='word_1_172' title='bbox 419 1722 517 1749; x_wconf 88' lang='lat' dir='ltr'>nicos.</span> <span class='ocrx_word' id='word_1_173' title='bbox 1022 1729 1086 1748; x_wconf 72' lang='lat' dir='ltr'>tome</span> <span class='ocrx_word' id='word_1_174' title='bbox 1104 1728 1134 1748; x_wconf 95' lang='grc' dir='ltr'>ιιι</span> 
     </span>
     <span class='ocr_line' id='line_1_40' title="bbox 460 1767 1221 1809; baseline 0.003 -12"><span class='ocrx_word' id='word_1_175' title='bbox 460 1769 640 1797; x_wconf 84' lang='lat' dir='ltr'>Godefrido.</span> <span class='ocrx_word' id='word_1_176' title='bbox 661 1770 775 1797; x_wconf 77' lang='lat' dir='ltr'>rectori</span> <span class='ocrx_word' id='word_1_177' title='bbox 797 1771 945 1798; x_wconf 88' lang='lat' dir='ltr'>ecclesiae</span> <span class='ocrx_word' id='word_1_178' title='bbox 968 1771 1005 1798; x_wconf 85' lang='lat' dir='ltr'>de</span> <span class='ocrx_word' id='word_1_179' title='bbox 1023 1767 1027 1806; x_wconf 87' lang='grc' dir='ltr'>Ι</span> <span class='ocrx_word' id='word_1_180' title='bbox 1050 1771 1105 1799; x_wconf 83' lang='grc'>189</span> <span class='ocrx_word' id='word_1_181' title='bbox 1123 1770 1127 1809; x_wconf 95' lang='grc' dir='ltr'>Ι</span> <span class='ocrx_word' id='word_1_182' title='bbox 1151 1772 1221 1799; x_wconf 84' lang='grc'><strong>1371</strong></span> 
     </span>
     <span class='ocr_line' id='line_1_41' title="bbox 418 1820 1017 1853; baseline 0.005 -8"><span class='ocrx_word' id='word_1_183' title='bbox 418 1820 594 1846; x_wconf 85' lang='lat' dir='ltr'>Villaribus</span> <span class='ocrx_word' id='word_1_184' title='bbox 608 1820 640 1846; x_wconf 91' lang='lat' dir='ltr'>in</span> <span class='ocrx_word' id='word_1_185' title='bbox 649 1820 781 1853; x_wconf 80' lang='lat' dir='ltr'>Boscagi</span> <span class='ocrx_word' id='word_1_186' title='bbox 805 1841 810 1846; x_wconf 91' lang='lat'>.</span> <span class='ocrx_word' id='word_1_187' title='bbox 826 1821 1017 1848; x_wconf 83' lang='lat' dir='ltr'>Ambianen-</span> 
     </span>
     <span class='ocr_line' id='line_1_42' title="bbox 419 1868 1019 1902; baseline 0.002 -7"><span class='ocrx_word' id='word_1_188' title='bbox 419 1869 462 1895; x_wconf 89' lang='lat' dir='ltr'>sis</span> <span class='ocrx_word' id='word_1_189' title='bbox 501 1868 644 1895; x_wconf 86' lang='lat' dir='ltr'>diocesis.</span> <span class='ocrx_word' id='word_1_190' title='bbox 686 1869 831 1902; x_wconf 79' lang='lat' dir='ltr'>indulget</span> <span class='ocrx_word' id='word_1_191' title='bbox 870 1871 916 1902; x_wconf 82' lang='lat' dir='ltr'>ut,</span> <span class='ocrx_word' id='word_1_192' title='bbox 956 1877 1019 1896; x_wconf 89' lang='lat' dir='ltr'>non</span> 
     </span>
     <span class='ocr_line' id='line_1_43' title="bbox 422 1917 1410 1952; baseline -0.001 -9"><span class='ocrx_word' id='word_1_193' title='bbox 422 1919 571 1944; x_wconf 67' lang='lat' dir='ltr'>obstante</span> <span class='ocrx_word' id='word_1_194' title='bbox 585 1917 766 1951; x_wconf 87' lang='lat' dir='ltr'>juramento</span> <span class='ocrx_word' id='word_1_195' title='bbox 782 1918 929 1952; x_wconf 85' lang='lat' dir='ltr'>episcopo</span> <span class='ocrx_word' id='word_1_196' title='bbox 944 1919 1019 1945; x_wconf 84' lang='lat' dir='ltr'>Am·</span> <span class='ocrx_word' id='word_1_197' title='bbox 1319 1930 1330 1943; x_wconf 81' lang='lat'><strong>»</strong></span> <span class='ocrx_word' id='word_1_198' title='bbox 1400 1929 1410 1942; x_wconf 69' lang='grc' dir='ltr'>ι</span> 
     </span>
     <span class='ocr_line' id='line_1_44' title="bbox 420 1966 1021 2001; baseline 0.002 -8"><span class='ocrx_word' id='word_1_199' title='bbox 420 1966 564 1997; x_wconf 73' lang='lat' dir='ltr'>bianensi</span> <span class='ocrx_word' id='word_1_200' title='bbox 592 1967 757 2000; x_wconf 69' lang='lat' dir='ltr'>praestito,</span> <span class='ocrx_word' id='word_1_201' title='bbox 772 1967 934 2001; x_wconf 77' lang='lat' dir='ltr'>negotium</span> <span class='ocrx_word' id='word_1_202' title='bbox 946 1975 1021 1994; x_wconf 90' lang='lat' dir='ltr'>suae</span> 
     </span>
     <span class='ocr_line' id='line_1_45' title="bbox 422 2015 1020 2050; baseline 0.002 -9"><span class='ocrx_word' id='word_1_203' title='bbox 422 2015 521 2049; x_wconf 90' lang='lat' dir='ltr'>ipsius</span> <span class='ocrx_word' id='word_1_204' title='bbox 534 2015 724 2048; x_wconf 80' lang='lat' dir='ltr'>provisionis</span> <span class='ocrx_word' id='word_1_205' title='bbox 740 2016 778 2042; x_wconf 88' lang='lat' dir='ltr'>de</span> <span class='ocrx_word' id='word_1_206' title='bbox 795 2016 936 2050; x_wconf 68' lang='lat' dir='ltr'>quodam</span> <span class='ocrx_word' id='word_1_207' title='bbox 946 2017 1020 2042; x_wconf 81' lang='lat' dir='ltr'>Am-</span> 
     </span>
     <span class='ocr_line' id='line_1_46' title="bbox 421 2064 1140 2100; baseline 0.001 -9"><span class='ocrx_word' id='word_1_208' title='bbox 421 2064 729 2091; x_wconf 85' lang='lat' dir='ltr'>bianensibeneficio</span> <span class='ocrx_word' id='word_1_209' title='bbox 740 2065 1012 2100; x_wconf 76' lang='lat' dir='ltr'>persequivaleat.</span> <span class='ocrx_word' id='word_1_210' title='bbox 1028 2074 1093 2092; x_wconf 84' lang='lat' dir='ltr'>tome</span> <span class='ocrx_word' id='word_1_211' title='bbox 1111 2071 1140 2092; x_wconf 87' lang='grc' dir='ltr'>ιιι</span> 
     </span>
     <span class='ocr_line' id='line_1_47' title="bbox 463 2113 1232 2155; baseline 0.007 -16"><span class='ocrx_word' id='word_1_212' title='bbox 463 2113 620 2147; x_wconf 87' lang='lat' dir='ltr'>Episcopo</span> <span class='ocrx_word' id='word_1_213' title='bbox 643 2113 862 2141; x_wconf 85' lang='lat' dir='ltr'>Cameracensi</span> <span class='ocrx_word' id='word_1_214' title='bbox 880 2116 1011 2143; x_wconf 87' lang='lat' dir='ltr'>mandat</span> <span class='ocrx_word' id='word_1_215' title='bbox 1032 2114 1036 2154; x_wconf 97' lang='grc' dir='ltr'>Ι</span> <span class='ocrx_word' id='word_1_216' title='bbox 1052 2116 1111 2144; x_wconf 88' lang='grc'>367</span> <span class='ocrx_word' id='word_1_217' title='bbox 1132 2115 1136 2155; x_wconf 94' lang='grc' dir='ltr'>Ι</span> <span class='ocrx_word' id='word_1_218' title='bbox 1152 2114 1232 2144; x_wconf 79' lang='lat'>2217</span> 
     </span>
     <span class='ocr_line' id='line_1_48' title="bbox 426 2162 1022 2195; baseline 0.007 -8"><span class='ocrx_word' id='word_1_219' title='bbox 426 2163 461 2187; x_wconf 86' lang='lat' dir='ltr'>ut</span> <span class='ocrx_word' id='word_1_220' title='bbox 476 2162 619 2188; x_wconf 83' lang='lat' dir='ltr'>Odonem</span> <span class='ocrx_word' id='word_1_221' title='bbox 636 2162 869 2195; x_wconf 76' lang='lat' dir='ltr'>de(111arniaco‚</span> <span class='ocrx_word' id='word_1_222' title='bbox 886 2163 1022 2192; x_wconf 85' lang='lat' dir='ltr'>familia-</span> 
     </span>
     <span class='ocr_line' id='line_1_49' title="bbox 425 2210 1024 2243; baseline 0.008 -8"><span class='ocrx_word' id='word_1_223' title='bbox 425 2217 491 2236; x_wconf 88' lang='lat' dir='ltr'>rem</span> <span class='ocrx_word' id='word_1_224' title='bbox 510 2210 606 2243; x_wconf 81' lang='lat' dir='ltr'>Petri,</span> <span class='ocrx_word' id='word_1_225' title='bbox 629 2211 839 2238; x_wconf 76' lang='lat' dir='ltr'>archidiaconi</span> <span class='ocrx_word' id='word_1_226' title='bbox 868 2213 1024 2240; x_wconf 84' lang='lat' dir='ltr'>Senonen-</span> 
     </span>
     <span class='ocr_line' id='line_1_50' title="bbox 426 2259 1026 2294; baseline 0.007 -9"><span class='ocrx_word' id='word_1_227' title='bbox 426 2259 477 2291; x_wconf 83' lang='lat' dir='ltr'>sis,</span> <span class='ocrx_word' id='word_1_228' title='bbox 510 2259 675 2286; x_wconf 87' lang='lat' dir='ltr'>camerarii</span> <span class='ocrx_word' id='word_1_229' title='bbox 706 2261 882 2294; x_wconf 80' lang='lat' dir='ltr'>apostolici,</span> <span class='ocrx_word' id='word_1_230' title='bbox 916 2262 948 2289; x_wconf 93' lang='lat' dir='ltr'>in</span> <span class='ocrx_word' id='word_1_231' title='bbox 979 2269 1026 2289; x_wconf 87' lang='lat' dir='ltr'>ec-</span> 
     </span>
     <span class='ocr_line' id='line_1_51' title="bbox 427 2308 1026 2342; baseline 0.007 -8"><span class='ocrx_word' id='word_1_232' title='bbox 427 2308 523 2334; x_wconf 85' lang='lat' dir='ltr'>clesia</span> <span class='ocrx_word' id='word_1_233' title='bbox 542 2315 566 2334; x_wconf 88' lang='lat' dir='ltr'>s.</span> <span class='ocrx_word' id='word_1_234' title='bbox 587 2309 764 2342; x_wconf 84' lang='lat' dir='ltr'>Gaugerici‚</span> <span class='ocrx_word' id='word_1_235' title='bbox 788 2310 819 2335; x_wconf 91' lang='lat' dir='ltr'>in</span> <span class='ocrx_word' id='word_1_236' title='bbox 839 2310 1026 2338; x_wconf 89' lang='lat' dir='ltr'>canonicum</span> 
     </span>
     <span class='ocr_line' id='line_1_52' title="bbox 427 2356 1028 2394; baseline 0.007 -12"><span class='ocrx_word' id='word_1_237' title='bbox 427 2357 524 2390; x_wconf 82' lang='lat' dir='ltr'>recipi</span> <span class='ocrx_word' id='word_1_238' title='bbox 558 2356 656 2384; x_wconf 84' lang='lat' dir='ltr'>faciat</span> <span class='ocrx_word' id='word_1_239' title='bbox 691 2359 747 2384; x_wconf 86' lang='lat' dir='ltr'>sub</span> <span class='ocrx_word' id='word_1_240' title='bbox 785 2359 1028 2394; x_wconf 81' lang='lat' dir='ltr'>exspectatione</span> 
     </span>
     <span class='ocr_line' id='line_1_53' title="bbox 428 2407 1144 2440; baseline 0.001 -9"><span class='ocrx_word' id='word_1_241' title='bbox 428 2407 639 2440; x_wconf 78' lang='lat' dir='ltr'>praebendae.</span> <span class='ocrx_word' id='word_1_242' title='bbox 1033 2417 1096 2436; x_wconf 79' lang='lat' dir='ltr'>tome</span> <span class='ocrx_word' id='word_1_243' title='bbox 1114 2415 1144 2436; x_wconf 82' lang='lat' dir='ltr'>m</span> 
     </span>
     <span class='ocr_line' id='line_1_54' title="bbox 467 2454 1239 2496; baseline 0.009 -16"><span class='ocrx_word' id='word_1_244' title='bbox 467 2454 655 2483; x_wconf 69' lang='lat' dir='ltr'>Alexandro.</span> <span class='ocrx_word' id='word_1_245' title='bbox 675 2455 790 2482; x_wconf 85' lang='lat' dir='ltr'>clerico</span> <span class='ocrx_word' id='word_1_246' title='bbox 815 2457 964 2485; x_wconf 88' lang='lat' dir='ltr'>ecclesiae</span> <span class='ocrx_word' id='word_1_247' title='bbox 989 2466 1013 2485; x_wconf 87' lang='lat' dir='ltr'>s.</span> <span class='ocrx_word' id='word_1_248' title='bbox 1034 2454 1038 2494; x_wconf 91' lang='grc' dir='ltr'>Ι</span> <span class='ocrx_word' id='word_1_249' title='bbox 1056 2459 1115 2486; x_wconf 85' lang='grc'>375</span> <span class='ocrx_word' id='word_1_250' title='bbox 1136 2455 1140 2496; x_wconf 96' lang='grc' dir='ltr'>Ι</span> <span class='ocrx_word' id='word_1_251' title='bbox 1157 2457 1239 2486; x_wconf 74' lang='lat'>2270</span> 
     </span>
     <span class='ocr_line' id='line_1_55' title="bbox 428 2503 1031 2537; baseline 0.012 -9"><span class='ocrx_word' id='word_1_252' title='bbox 428 2503 543 2537; x_wconf 71' lang='lat' dir='ltr'>Angcli</span> <span class='ocrx_word' id='word_1_253' title='bbox 557 2503 717 2536; x_wconf 81' lang='lat' dir='ltr'>Verulani,</span> <span class='ocrx_word' id='word_1_254' title='bbox 736 2505 959 2533; x_wconf 87' lang='lat' dir='ltr'>canonicatum</span> <span class='ocrx_word' id='word_1_255' title='bbox 976 2515 1031 2535; x_wconf 87' lang='lat' dir='ltr'>seu</span> 
     </span>
     <span class='ocr_line' id='line_1_56' title="bbox 431 2552 1031 2584; baseline 0.012 -7"><span class='ocrx_word' id='word_1_256' title='bbox 431 2552 535 2578; x_wconf 88' lang='lat' dir='ltr'>locum</span> <span class='ocrx_word' id='word_1_257' title='bbox 568 2552 718 2579; x_wconf 84' lang='lat' dir='ltr'>ecclesiae</span> <span class='ocrx_word' id='word_1_258' title='bbox 751 2561 775 2580; x_wconf 91' lang='lat' dir='ltr'>s.</span> <span class='ocrx_word' id='word_1_259' title='bbox 811 2555 958 2582; x_wconf 89' lang='lat' dir='ltr'>Herasmi</span> <span class='ocrx_word' id='word_1_260' title='bbox 993 2557 1031 2584; x_wconf 90' lang='lat' dir='ltr'>de</span> 
     </span>
    </p>
   </div>
   <div class='ocr_carea' id='block_1_5' title="bbox 431 2600 1150 2633">
    <p class='ocr_par' dir='ltr' id='par_1_5' title="bbox 431 2600 1150 2633">
     <span class='ocr_line' id='line_1_57' title="bbox 431 2600 1150 2633; baseline 0.011 -8"><span class='ocrx_word' id='word_1_261' title='bbox 431 2600 557 2626; x_wconf 89' lang='lat' dir='ltr'>Verulis</span> <span class='ocrx_word' id='word_1_262' title='bbox 577 2600 712 2628; x_wconf 84' lang='lat' dir='ltr'>confert.</span> <span class='ocrx_word' id='word_1_263' title='bbox 1039 2614 1102 2633; x_wconf 78' lang='lat' dir='ltr'>tome</span> <span class='ocrx_word' id='word_1_264' title='bbox 1120 2613 1150 2633; x_wconf 90' lang='grc' dir='ltr'>ιιι</span> 
     </span>
    </p>
   </div>
   <div class='ocr_carea' id='block_1_6' title="bbox 432 2648 1239 2780">
    <p class='ocr_par' dir='ltr' id='par_1_6' title="bbox 432 2648 1239 2780">
     <span class='ocr_line' id='line_1_58' title="bbox 471 2648 1239 2690; baseline 0.013 -15"><span class='ocrx_word' id='word_1_265' title='bbox 471 2649 501 2675; x_wconf 88' lang='lat' dir='ltr'>S.</span> <span class='ocrx_word' id='word_1_266' title='bbox 524 2648 614 2675; x_wconf 86' lang='lat' dir='ltr'>Pauli</span> <span class='ocrx_word' id='word_1_267' title='bbox 633 2650 665 2675; x_wconf 92' lang='lat' dir='ltr'>et</span> <span class='ocrx_word' id='word_1_268' title='bbox 685 2657 709 2676; x_wconf 91' lang='lat' dir='ltr'>s.</span> <span class='ocrx_word' id='word_1_269' title='bbox 730 2650 847 2678; x_wconf 88' lang='lat' dir='ltr'>Mariae</span> <span class='ocrx_word' id='word_1_270' title='bbox 868 2653 906 2679; x_wconf 90' lang='lat' dir='ltr'>de</span> <span class='ocrx_word' id='word_1_271' title='bbox 926 2653 1021 2681; x_wconf 85' lang='lat' dir='ltr'>Fran·</span> <span class='ocrx_word' id='word_1_272' title='bbox 1043 2655 1121 2687; x_wconf 89' lang='grc'><strong>1376</strong></span> <span class='ocrx_word' id='word_1_273' title='bbox 1143 2654 1239 2690; x_wconf 76' lang='grc'><strong>12271</strong></span> 
     </span>
     <span class='ocr_line' id='line_1_59' title="bbox 432 2697 1033 2730; baseline 0.012 -7"><span class='ocrx_word' id='word_1_274' title='bbox 432 2697 784 2726; x_wconf 71' lang='lat' dir='ltr'>conibusecclesiarum</span> <span class='ocrx_word' id='word_1_275' title='bbox 802 2700 1033 2730; x_wconf 84' lang='lat' dir='ltr'>Verulanarum</span> 
     </span>
     <span class='ocr_line' id='line_1_60' title="bbox 434 2746 1037 2780; baseline 0.013 -9"><span class='ocrx_word' id='word_1_276' title='bbox 434 2746 568 2772; x_wconf 85' lang='lat' dir='ltr'>abbates</span> <span class='ocrx_word' id='word_1_277' title='bbox 579 2747 761 2780; x_wconf 83' lang='lat' dir='ltr'>praedictae</span> <span class='ocrx_word' id='word_1_278' title='bbox 773 2748 954 2777; x_wconf 88' lang='lat' dir='ltr'>collationis</span> <span class='ocrx_word' id='word_1_279' title='bbox 966 2758 1037 2779; x_wconf 85' lang='lat' dir='ltr'>exe-</span> 
     </span>
    </p>
   </div>
   <div class='ocr_carea' id='block_1_7' title="bbox 435 2795 1154 2829">
    <p class='ocr_par' dir='ltr' id='par_1_7' title="bbox 435 2795 1154 2829">
     <span class='ocr_line' id='line_1_61' title="bbox 435 2795 1154 2829; baseline 0.013 -9"><span class='ocrx_word' id='word_1_280' title='bbox 435 2795 562 2821; x_wconf 86' lang='lat' dir='ltr'>cutores</span> <span class='ocrx_word' id='word_1_281' title='bbox 583 2795 731 2829; x_wconf 84' lang='lat' dir='ltr'>deputat.</span> <span class='ocrx_word' id='word_1_282' title='bbox 1043 2809 1107 2829; x_wconf 76' lang='lat' dir='ltr'>tome</span> <span class='ocrx_word' id='word_1_283' title='bbox 1124 2807 1154 2828; x_wconf 85' lang='grc' dir='ltr'>ιιι</span> 
     </span>
    </p>
   </div>
   <div class='ocr_carea' id='block_1_8' title="bbox 103 2896 761 2929">
    <p class='ocr_par' dir='ltr' id='par_1_8' title="bbox 103 2896 761 2929">
     <span class='ocr_line' id='line_1_62' title="bbox 103 2896 761 2929; baseline 0.002 -7"><span class='ocrx_word' id='word_1_284' title='bbox 103 2898 126 2922; x_wconf 82' lang='grc'>1.</span> <span class='ocrx_word' id='word_1_285' title='bbox 144 2896 182 2921; x_wconf 91' lang='lat' dir='ltr'>Le</span> <span class='ocrx_word' id='word_1_286' title='bbox 197 2899 273 2922; x_wconf 79' lang='lat' dir='ltr'>texte</span> <span class='ocrx_word' id='word_1_287' title='bbox 288 2899 370 2929; x_wconf 86' lang='lat' dir='ltr'>porte</span> <span class='ocrx_word' id='word_1_288' title='bbox 387 2904 439 2929; x_wconf 83' lang='lat' dir='ltr'>par</span> <span class='ocrx_word' id='word_1_289' title='bbox 454 2905 553 2922; x_wconf 75' lang='lat' dir='ltr'>eri-eur</span> <span class='ocrx_word' id='word_1_290' title='bbox 570 2898 761 2923; x_wconf 68' lang='lat' dir='ltr'>Coi-bacensis.</span> 
     </span>
    </p>
   </div>
   <div class='ocr_carea' id='block_1_9' title="bbox 119 3005 394 3033">
    <p class='ocr_par' dir='ltr' id='par_1_9' title="bbox 119 3005 394 3033">
     <span class='ocr_line' id='line_1_63' title="bbox 119 3005 394 3033; baseline 0.007 -2"><span class='ocrx_word' id='word_1_291' title='bbox 119 3005 227 3032; x_wconf 85' lang='lat' dir='ltr'>Urbain</span> <span class='ocrx_word' id='word_1_292' title='bbox 247 3008 281 3031; x_wconf 80' lang='lat' dir='ltr'>lv</span> <span class='ocrx_word' id='word_1_293' title='bbox 301 3008 394 3033; x_wconf 83' lang='lat' dir='ltr'>tables</span> 
     </span>
    </p>
   </div>
   <div class='ocr_carea' id='block_1_10' title="bbox 1272 439 1418 468">
    <p class='ocr_par' dir='ltr' id='par_1_10' title="bbox 1272 439 1418 468">
     <span class='ocr_line' id='line_1_64' title="bbox 1272 439 1418 468; baseline 0 0"><span class='ocrx_word' id='word_1_294' title='bbox 1272 448 1346 468; x_wconf 86' lang='lat' dir='ltr'>nov.</span> <span class='ocrx_word' id='word_1_295' title='bbox 1367 439 1418 468; x_wconf 79' lang='lat'>26.</span> 
     </span>
    </p>
   </div>
   <div class='ocr_carea' id='block_1_11' title="bbox 2385 243 2443 274">
    <p class='ocr_par' dir='ltr' id='par_1_11' title="bbox 2385 243 2443 274">
     <span class='ocr_line' id='line_1_65' title="bbox 2385 243 2443 274; baseline 0.017 -1"><span class='ocrx_word' id='word_1_296' title='bbox 2385 243 2443 274; x_wconf 53' lang='lat'>1222</span> 
     </span>
    </p>
   </div>
   <div class='ocr_carea' id='block_1_12' title="bbox 2204 335 2432 361">
    <p class='ocr_par' dir='ltr' id='par_1_12' title="bbox 2204 335 2432 361">
     <span class='ocr_line' id='line_1_66' title="bbox 2204 335 2432 361; baseline 0.004 -6"><span class='ocrx_word' id='word_1_297' title='bbox 2204 335 2289 361; x_wconf 75' lang='grc' dir='ltr'>Ριιοι.</span> <span class='ocrx_word' id='word_1_298' title='bbox 2305 335 2432 356; x_wconf 60' lang='lat' dir='ltr'>Numeros.</span> 
     </span>
    </p>
   </div>
   <div class='ocr_carea' id='block_1_13' title="bbox 1455 388 2445 1345">
    <p class='ocr_par' dir='ltr' id='par_1_13' title="bbox 1455 388 2444 475">
     <span class='ocr_line' id='line_1_67' title="bbox 1455 388 2444 428; baseline 0 -9"><span class='ocrx_word' id='word_1_299' title='bbox 1455 391 1583 419; x_wconf 73' lang='lat' dir='ltr'>orviem.</span> <span class='ocrx_word' id='word_1_300' title='bbox 1678 393 1824 425; x_wconf 90' lang='lat' dir='ltr'>Guidoni,</span> <span class='ocrx_word' id='word_1_301' title='bbox 1862 392 2010 426; x_wconf 84' lang='lat' dir='ltr'>episcopo</span> <span class='ocrx_word' id='word_1_302' title='bbox 2047 391 2220 424; x_wconf 85' lang='lat' dir='ltr'>Sabinensi,</span> <span class='ocrx_word' id='word_1_303' title='bbox 2241 391 2245 428; x_wconf 75' lang='grc' dir='ltr'>Ι</span> <span class='ocrx_word' id='word_1_304' title='bbox 2263 388 2347 428; x_wconf 64' lang='lat'>303]</span> <span class='ocrx_word' id='word_1_305' title='bbox 2386 394 2444 419; x_wconf 83' lang='grc'>617</span> 
     </span>
     <span class='ocr_line' id='line_1_68' title="bbox 1637 440 2239 475; baseline 0.002 -8"><span class='ocrx_word' id='word_1_306' title='bbox 1637 441 1782 467; x_wconf 86' lang='lat' dir='ltr'>concedit</span> <span class='ocrx_word' id='word_1_307' title='bbox 1808 441 1843 467; x_wconf 93' lang='lat' dir='ltr'>ut</span> <span class='ocrx_word' id='word_1_308' title='bbox 1867 448 1938 467; x_wconf 91' lang='lat' dir='ltr'>cum</span> <span class='ocrx_word' id='word_1_309' title='bbox 1961 440 2160 475; x_wconf 83' lang='lat' dir='ltr'>quibuslibet</span> <span class='ocrx_word' id='word_1_310' title='bbox 2191 448 2239 468; x_wconf 85' lang='lat' dir='ltr'>re-</span> 
     </span>
    </p>

    <p class='ocr_par' dir='ltr' id='par_1_14' title="bbox 1637 488 2234 573">
     <span class='ocr_line' id='line_1_69' title="bbox 1637 488 2234 523; baseline 0.002 -8"><span class='ocrx_word' id='word_1_311' title='bbox 1637 489 1757 523; x_wconf 83' lang='lat' dir='ltr'>ligiosis</span> <span class='ocrx_word' id='word_1_312' title='bbox 1777 489 1919 523; x_wconf 86' lang='lat' dir='ltr'>personis</span> <span class='ocrx_word' id='word_1_313' title='bbox 1938 489 2038 523; x_wconf 88' lang='lat' dir='ltr'>ipsius</span> <span class='ocrx_word' id='word_1_314' title='bbox 2057 488 2234 523; x_wconf 75' lang='lat' dir='ltr'>legationis,</span> 
     </span>
     <span class='ocr_line' id='line_1_70' title="bbox 1640 537 2232 573; baseline 0.002 -9"><span class='ocrx_word' id='word_1_315' title='bbox 1640 538 1869 572; x_wconf 81' lang='lat' dir='ltr'>cujuscumque</span> <span class='ocrx_word' id='word_1_316' title='bbox 1894 538 1958 564; x_wconf 88' lang='lat' dir='ltr'>sint</span> <span class='ocrx_word' id='word_1_317' title='bbox 1984 537 2112 569; x_wconf 84' lang='lat' dir='ltr'>ordinis,</span> <span class='ocrx_word' id='word_1_318' title='bbox 2139 545 2232 573; x_wconf 83' lang='lat' dir='ltr'>quae,</span> 
     </span>
    </p>

    <p class='ocr_par' dir='ltr' id='par_1_15' title="bbox 1640 585 2239 620">
     <span class='ocr_line' id='line_1_71' title="bbox 1640 585 2239 620; baseline 0.002 -9"><span class='ocrx_word' id='word_1_319' title='bbox 1640 586 1716 612; x_wconf 90' lang='lat' dir='ltr'>dato</span> <span class='ocrx_word' id='word_1_320' title='bbox 1743 586 1851 620; x_wconf 83' lang='lat' dir='ltr'>aliquo</span> <span class='ocrx_word' id='word_1_321' title='bbox 1877 593 1932 620; x_wconf 90' lang='lat' dir='ltr'>pro</span> <span class='ocrx_word' id='word_1_322' title='bbox 1960 585 2161 620; x_wconf 82' lang='lat' dir='ltr'>acquirendis</span> <span class='ocrx_word' id='word_1_323' title='bbox 2186 587 2239 613; x_wconf 85' lang='lat' dir='ltr'>vel</span> 
     </span>
    </p>

    <p class='ocr_par' dir='ltr' id='par_1_16' title="bbox 1639 634 2238 715">
     <span class='ocr_line' id='line_1_72' title="bbox 1639 634 2238 669; baseline 0.003 -9"><span class='ocrx_word' id='word_1_324' title='bbox 1639 636 1769 668; x_wconf 83' lang='lat' dir='ltr'>recepto</span> <span class='ocrx_word' id='word_1_325' title='bbox 1799 642 1855 669; x_wconf 88' lang='lat' dir='ltr'>pro</span> <span class='ocrx_word' id='word_1_326' title='bbox 1884 634 2071 661; x_wconf 79' lang='lat' dir='ltr'>exhibendis</span> <span class='ocrx_word' id='word_1_327' title='bbox 2100 635 2176 662; x_wconf 84' lang='lat' dir='ltr'>locis</span> <span class='ocrx_word' id='word_1_328' title='bbox 2205 635 2238 662; x_wconf 89' lang='lat' dir='ltr'>in</span> 
     </span>
     <span class='ocr_line' id='line_1_73' title="bbox 1640 683 2238 715; baseline 0.002 -6"><span class='ocrx_word' id='word_1_329' title='bbox 1640 683 1849 715; x_wconf 85' lang='lat' dir='ltr'>monasteriis,</span> <span class='ocrx_word' id='word_1_330' title='bbox 1861 683 2087 709; x_wconf 89' lang='lat' dir='ltr'>commiserunt</span> <span class='ocrx_word' id='word_1_331' title='bbox 2096 683 2238 710; x_wconf 87' lang='lat' dir='ltr'>velcom-</span> 
     </span>
    </p>

    <p class='ocr_par' dir='ltr' id='par_1_17' title="bbox 1640 731 2239 813">
     <span class='ocr_line' id='line_1_74' title="bbox 1640 731 2239 764; baseline 0.003 -8"><span class='ocrx_word' id='word_1_332' title='bbox 1640 731 1792 764; x_wconf 82' lang='lat' dir='ltr'>miserint,</span> <span class='ocrx_word' id='word_1_333' title='bbox 1828 731 1984 764; x_wconf 80' lang='lat' dir='ltr'>legatione</span> <span class='ocrx_word' id='word_1_334' title='bbox 2022 733 2166 763; x_wconf 88' lang='lat' dir='ltr'>durante,</span> <span class='ocrx_word' id='word_1_335' title='bbox 2200 732 2239 758; x_wconf 90' lang='lat' dir='ltr'>si-</span> 
     </span>
     <span class='ocr_line' id='line_1_75' title="bbox 1640 779 2239 813; baseline 0.002 -8"><span class='ocrx_word' id='word_1_336' title='bbox 1640 779 1816 805; x_wconf 86' lang='lat' dir='ltr'>moniacam</span> <span class='ocrx_word' id='word_1_337' title='bbox 1832 780 2035 813; x_wconf 84' lang='lat' dir='ltr'>pravitatem,</span> <span class='ocrx_word' id='word_1_338' title='bbox 2054 780 2157 813; x_wconf 88' lang='lat' dir='ltr'>possit</span> <span class='ocrx_word' id='word_1_339' title='bbox 2178 780 2239 807; x_wconf 87' lang='lat' dir='ltr'>dis-</span> 
     </span>
    </p>

    <p class='ocr_par' dir='ltr' id='par_1_18' title="bbox 1643 835 1787 861">
     <span class='ocr_line' id='line_1_76' title="bbox 1643 835 1787 861; baseline 0.007 -8"><span class='ocrx_word' id='word_1_340' title='bbox 1643 835 1787 861; x_wconf 85' lang='lat' dir='ltr'>pensare.</span> 
     </span>
    </p>

    <p class='ocr_par' dir='ltr' id='par_1_19' title="bbox 1643 876 2445 1345">
     <span class='ocr_line' id='line_1_77' title="bbox 1682 876 2445 919; baseline 0.003 -13"><span class='ocrx_word' id='word_1_341' title='bbox 1682 881 1791 907; x_wconf 79' lang='lat' dir='ltr'>Eidem</span> <span class='ocrx_word' id='word_1_342' title='bbox 1805 880 2149 908; x_wconf 87' lang='lat' dir='ltr'>conceditfacultatem</span> <span class='ocrx_word' id='word_1_343' title='bbox 2161 881 2221 908; x_wconf 86' lang='lat' dir='ltr'>dis-</span> <span class='ocrx_word' id='word_1_344' title='bbox 2240 876 2246 917; x_wconf 88' lang='grc' dir='ltr'>Ι</span> <span class='ocrx_word' id='word_1_345' title='bbox 2262 882 2321 908; x_wconf 77' lang='lat'>303</span> <span class='ocrx_word' id='word_1_346' title='bbox 2341 879 2347 919; x_wconf 96' lang='grc' dir='ltr'>Ι</span> <span class='ocrx_word' id='word_1_347' title='bbox 2386 882 2445 908; x_wconf 85' lang='grc'>619</span> 
     </span>
     <span class='ocr_line' id='line_1_78' title="bbox 1644 929 2239 964; baseline 0.003 -10"><span class='ocrx_word' id='word_1_348' title='bbox 1644 929 1798 963; x_wconf 83' lang='lat' dir='ltr'>pensandi</span> <span class='ocrx_word' id='word_1_349' title='bbox 1819 937 1890 955; x_wconf 91' lang='lat' dir='ltr'>cum</span> <span class='ocrx_word' id='word_1_350' title='bbox 1911 930 2067 963; x_wconf 79' lang='lat' dir='ltr'>religiosis</span> <span class='ocrx_word' id='word_1_351' title='bbox 2087 930 2239 964; x_wconf 87' lang='lat' dir='ltr'>personis,</span> 
     </span>
     <span class='ocr_line' id='line_1_79' title="bbox 1644 977 2244 1013; baseline 0.002 -9"><span class='ocrx_word' id='word_1_352' title='bbox 1644 978 1873 1013; x_wconf 85' lang='lat' dir='ltr'>cujuscumque</span> <span class='ocrx_word' id='word_1_353' title='bbox 1915 978 2042 1010; x_wconf 88' lang='lat' dir='ltr'>ordinis,</span> <span class='ocrx_word' id='word_1_354' title='bbox 2081 977 2244 1005; x_wconf 80' lang='lat' dir='ltr'>defectum</span> 
     </span>
     <span class='ocr_line' id='line_1_80' title="bbox 1643 1027 2241 1061; baseline 0.002 -8"><span class='ocrx_word' id='word_1_355' title='bbox 1643 1027 1798 1053; x_wconf 81' lang='lat' dir='ltr'>natalium</span> <span class='ocrx_word' id='word_1_356' title='bbox 1833 1027 2046 1060; x_wconf 81' lang='lat' dir='ltr'>patientibus,</span> <span class='ocrx_word' id='word_1_357' title='bbox 2072 1027 2158 1061; x_wconf 87' lang='lat' dir='ltr'>quod</span> <span class='ocrx_word' id='word_1_358' title='bbox 2191 1034 2241 1054; x_wconf 88' lang='lat' dir='ltr'>eo-</span> 
     </span>
     <span class='ocr_line' id='line_1_81' title="bbox 1643 1075 2246 1110; baseline 0.002 -9"><span class='ocrx_word' id='word_1_359' title='bbox 1643 1082 1713 1102; x_wconf 89' lang='lat' dir='ltr'>rum</span> <span class='ocrx_word' id='word_1_360' title='bbox 1741 1075 1908 1110; x_wconf 77' lang='lat' dir='ltr'>quaelibet</span> <span class='ocrx_word' id='word_1_361' title='bbox 1937 1076 2039 1109; x_wconf 90' lang='lat' dir='ltr'>possit</span> <span class='ocrx_word' id='word_1_362' title='bbox 2068 1076 2107 1102; x_wconf 88' lang='lat' dir='ltr'>ad</span> <span class='ocrx_word' id='word_1_363' title='bbox 2136 1083 2246 1102; x_wconf 80' lang='lat' dir='ltr'>omnes</span> 
     </span>
     <span class='ocr_line' id='line_1_82' title="bbox 1645 1123 2244 1157; baseline 0.002 -7"><span class='ocrx_word' id='word_1_364' title='bbox 1645 1123 1772 1150; x_wconf 83' lang='lat' dir='ltr'>ordines</span> <span class='ocrx_word' id='word_1_365' title='bbox 1786 1124 1975 1157; x_wconf 85' lang='lat' dir='ltr'>promoveri,</span> <span class='ocrx_word' id='word_1_366' title='bbox 1993 1125 2165 1151; x_wconf 89' lang='lat' dir='ltr'>dummodo</span> <span class='ocrx_word' id='word_1_367' title='bbox 2181 1132 2244 1151; x_wconf 91' lang='lat' dir='ltr'>non</span> 
     </span>
     <span class='ocr_line' id='line_1_83' title="bbox 1644 1172 2245 1200; baseline 0.005 -3"><span class='ocrx_word' id='word_1_368' title='bbox 1644 1172 1709 1199; x_wconf 80' lang='lat' dir='ltr'>sint</span> <span class='ocrx_word' id='word_1_369' title='bbox 1732 1173 1769 1199; x_wconf 86' lang='lat' dir='ltr'>de</span> <span class='ocrx_word' id='word_1_370' title='bbox 1792 1173 1951 1199; x_wconf 86' lang='lat' dir='ltr'>adulterio</span> <span class='ocrx_word' id='word_1_371' title='bbox 1972 1173 2024 1199; x_wconf 89' lang='lat' dir='ltr'>vel</span> <span class='ocrx_word' id='word_1_372' title='bbox 2045 1172 2169 1200; x_wconf 89' lang='lat' dir='ltr'>incestu</span> <span class='ocrx_word' id='word_1_373' title='bbox 2190 1180 2245 1200; x_wconf 88' lang='lat' dir='ltr'>scu</span> 
     </span>
     <span class='ocr_line' id='line_1_84' title="bbox 1648 1221 2245 1255; baseline 0 -8"><span class='ocrx_word' id='word_1_374' title='bbox 1648 1221 1845 1253; x_wconf 83' lang='lat' dir='ltr'>regularibus</span> <span class='ocrx_word' id='word_1_375' title='bbox 1876 1222 2041 1255; x_wconf 82' lang='lat' dir='ltr'>procreati.</span> <span class='ocrx_word' id='word_1_376' title='bbox 2069 1223 2101 1248; x_wconf 91' lang='lat' dir='ltr'>et</span> <span class='ocrx_word' id='word_1_377' title='bbox 2131 1222 2170 1248; x_wconf 91' lang='lat' dir='ltr'>ad</span> <span class='ocrx_word' id='word_1_378' title='bbox 2199 1221 2245 1247; x_wconf 89' lang='lat' dir='ltr'>di-</span> 
     </span>
     <span class='ocr_line' id='line_1_85' title="bbox 1645 1269 2247 1303; baseline 0.002 -9"><span class='ocrx_word' id='word_1_379' title='bbox 1645 1269 1787 1303; x_wconf 81' lang='lat' dir='ltr'>gnitates</span> <span class='ocrx_word' id='word_1_380' title='bbox 1814 1271 1845 1296; x_wconf 87' lang='lat' dir='ltr'>et</span> <span class='ocrx_word' id='word_1_381' title='bbox 1877 1270 2169 1297; x_wconf 87' lang='lat' dir='ltr'>administrationes</span> <span class='ocrx_word' id='word_1_382' title='bbox 2199 1270 2247 1297; x_wconf 90' lang='lat' dir='ltr'>sui</span> 
     </span>
     <span class='ocr_line' id='line_1_86' title="bbox 1648 1318 2114 1345; baseline 0.004 -2"><span class='ocrx_word' id='word_1_383' title='bbox 1648 1318 1767 1344; x_wconf 85' lang='lat' dir='ltr'>ordinis</span> <span class='ocrx_word' id='word_1_384' title='bbox 1791 1318 1961 1344; x_wconf 80' lang='lat' dir='ltr'>dumtaxat</span> <span class='ocrx_word' id='word_1_385' title='bbox 1986 1319 2114 1345; x_wconf 81' lang='lat' dir='ltr'>assuni.</span> 
     </span>
    </p>
   </div>
   <div class='ocr_carea' id='block_1_14' title="bbox 1648 1372 2256 1895">
    <p class='ocr_par' dir='ltr' id='par_1_20' title="bbox 1648 1372 2256 1895">
     <span class='ocr_line' id='line_1_87' title="bbox 1687 1372 2256 1402; baseline 0.004 -2"><span class='ocrx_word' id='word_1_386' title='bbox 1687 1375 1796 1401; x_wconf 80' lang='lat' dir='ltr'>Eidem</span> <span class='ocrx_word' id='word_1_387' title='bbox 1811 1376 1955 1401; x_wconf 83' lang='lat' dir='ltr'>concedit</span> <span class='ocrx_word' id='word_1_388' title='bbox 1967 1375 2155 1402; x_wconf 80' lang='lat' dir='ltr'>facultatem</span> <span class='ocrx_word' id='word_1_389' title='bbox 2172 1376 2233 1402; x_wconf 89' lang='lat' dir='ltr'>dis·</span> <span class='ocrx_word' id='word_1_390' title='bbox 2253 1372 2256 1381; x_wconf 62' lang='lat'><em>³</em></span> 
     </span>
     <span class='ocr_line' id='line_1_88' title="bbox 1649 1423 2248 1458; baseline 0.003 -9"><span class='ocrx_word' id='word_1_391' title='bbox 1649 1423 1802 1457; x_wconf 82' lang='lat' dir='ltr'>pensandi</span> <span class='ocrx_word' id='word_1_392' title='bbox 1819 1431 1890 1450; x_wconf 86' lang='lat' dir='ltr'>cum</span> <span class='ocrx_word' id='word_1_393' title='bbox 1908 1424 2111 1451; x_wconf 87' lang='lat' dir='ltr'>ecclesiarum</span> <span class='ocrx_word' id='word_1_394' title='bbox 2128 1425 2248 1458; x_wconf 90' lang='lat' dir='ltr'>praela-</span> 
     </span>
     <span class='ocr_line' id='line_1_89' title="bbox 1649 1472 2251 1506; baseline 0.005 -9"><span class='ocrx_word' id='word_1_395' title='bbox 1649 1472 1691 1498; x_wconf 83' lang='lat' dir='ltr'>tis</span> <span class='ocrx_word' id='word_1_396' title='bbox 1712 1473 1744 1498; x_wconf 90' lang='lat' dir='ltr'>et</span> <span class='ocrx_word' id='word_1_397' title='bbox 1767 1473 1909 1506; x_wconf 84' lang='lat' dir='ltr'>personis</span> <span class='ocrx_word' id='word_1_398' title='bbox 1931 1473 2155 1500; x_wconf 84' lang='lat' dir='ltr'>ecclesiasticis</span> <span class='ocrx_word' id='word_1_399' title='bbox 2176 1481 2251 1500; x_wconf 90' lang='lat' dir='ltr'>suae</span> 
     </span>
     <span class='ocr_line' id='line_1_90' title="bbox 1649 1521 2249 1555; baseline 0.003 -9"><span class='ocrx_word' id='word_1_400' title='bbox 1649 1521 1817 1554; x_wconf 78' lang='lat' dir='ltr'>legationis</span> <span class='ocrx_word' id='word_1_401' title='bbox 1872 1529 1966 1554; x_wconf 81' lang='lat' dir='ltr'>super</span> <span class='ocrx_word' id='word_1_402' title='bbox 2016 1522 2249 1555; x_wconf 83' lang='lat' dir='ltr'>irregularitate</span> 
     </span>
     <span class='ocr_line' id='line_1_91' title="bbox 1649 1570 2247 1603; baseline 0.005 -9"><span class='ocrx_word' id='word_1_403' title='bbox 1649 1576 1746 1603; x_wconf 63' lang='lat' dir='ltr'>quam</span> <span class='ocrx_word' id='word_1_404' title='bbox 1763 1571 1991 1596; x_wconf 82' lang='lat' dir='ltr'>contraxerunt</span> <span class='ocrx_word' id='word_1_405' title='bbox 2008 1570 2060 1597; x_wconf 92' lang='lat' dir='ltr'>vel</span> <span class='ocrx_word' id='word_1_406' title='bbox 2083 1572 2247 1597; x_wconf 78' lang='lat' dir='ltr'>contraxe-</span> 
     </span>
     <span class='ocr_line' id='line_1_92' title="bbox 1648 1618 2250 1651; baseline 0.003 -8"><span class='ocrx_word' id='word_1_407' title='bbox 1648 1618 1721 1645; x_wconf 68' lang='lat' dir='ltr'>rint,</span> <span class='ocrx_word' id='word_1_408' title='bbox 1740 1618 1896 1651; x_wconf 78' lang='lat' dir='ltr'>legatione</span> <span class='ocrx_word' id='word_1_409' title='bbox 1912 1619 2056 1650; x_wconf 83' lang='lat' dir='ltr'>durante,</span> <span class='ocrx_word' id='word_1_410' title='bbox 2072 1618 2202 1645; x_wconf 80' lang='lat' dir='ltr'>ferendo</span> <span class='ocrx_word' id='word_1_411' title='bbox 2218 1620 2250 1645; x_wconf 91' lang='lat' dir='ltr'>in</span> 
     </span>
     <span class='ocr_line' id='line_1_93' title="bbox 1649 1666 2249 1698; baseline 0.003 -6"><span class='ocrx_word' id='word_1_412' title='bbox 1649 1666 1736 1698; x_wconf 90' lang='lat' dir='ltr'>alios,</span> <span class='ocrx_word' id='word_1_413' title='bbox 1753 1668 1862 1692; x_wconf 84' lang='lat' dir='ltr'>contra</span> <span class='ocrx_word' id='word_1_414' title='bbox 1877 1667 2141 1694; x_wconf 88' lang='lat' dir='ltr'>constitutionem</span> <span class='ocrx_word' id='word_1_415' title='bbox 2158 1668 2249 1694; x_wconf 67' lang='grc'><strong>111110·</strong></span> 
     </span>
     <span class='ocr_line' id='line_1_94' title="bbox 1648 1715 2253 1749; baseline 0.003 -8"><span class='ocrx_word' id='word_1_416' title='bbox 1648 1715 1745 1741; x_wconf 77' lang='lat' dir='ltr'>centii</span> <span class='ocrx_word' id='word_1_417' title='bbox 1764 1715 1882 1749; x_wconf 72' lang='lat' dir='ltr'>quarti,</span> <span class='ocrx_word' id='word_1_418' title='bbox 1916 1716 2253 1743; x_wconf 80' lang='lat' dir='ltr'>excommunicationis</span> 
     </span>
     <span class='ocr_line' id='line_1_95' title="bbox 1648 1763 2251 1798; baseline 0.003 -9"><span class='ocrx_word' id='word_1_419' title='bbox 1648 1763 1839 1789; x_wconf 84' lang='lat' dir='ltr'>sententiam</span> <span class='ocrx_word' id='word_1_420' title='bbox 1869 1764 1935 1790; x_wconf 88' lang='lat' dir='ltr'>sine</span> <span class='ocrx_word' id='word_1_421' title='bbox 1975 1765 2101 1798; x_wconf 86' lang='lat' dir='ltr'>scriptis</span> <span class='ocrx_word' id='word_1_422' title='bbox 2129 1766 2162 1791; x_wconf 89' lang='lat' dir='ltr'>et</span> <span class='ocrx_word' id='word_1_423' title='bbox 2190 1773 2251 1791; x_wconf 90' lang='lat' dir='ltr'>non</span> 
     </span>
     <span class='ocr_line' id='line_1_96' title="bbox 1650 1812 2252 1847; baseline 0.005 -10"><span class='ocrx_word' id='word_1_424' title='bbox 1650 1812 1839 1838; x_wconf 68' lang='lat' dir='ltr'>abstinendo</span> <span class='ocrx_word' id='word_1_425' title='bbox 1859 1820 1875 1838; x_wconf 87' lang='lat' dir='ltr'>a</span> <span class='ocrx_word' id='word_1_426' title='bbox 1896 1812 2021 1841; x_wconf 72' lang='lat' dir='ltr'>divinis,</span> <span class='ocrx_word' id='word_1_427' title='bbox 2042 1813 2134 1847; x_wconf 85' lang='lat' dir='ltr'>juxta</span> <span class='ocrx_word' id='word_1_428' title='bbox 2166 1815 2252 1840; x_wconf 86' lang='lat' dir='ltr'>teno-</span> 
     </span>
     <span class='ocr_line' id='line_1_97' title="bbox 1648 1861 2115 1895; baseline 0.006 -10"><span class='ocrx_word' id='word_1_429' title='bbox 1648 1868 1714 1886; x_wconf 88' lang='lat' dir='ltr'>rem</span> <span class='ocrx_word' id='word_1_430' title='bbox 1739 1861 1981 1887; x_wconf 78' lang='lat' dir='ltr'>constitutionis</span> <span class='ocrx_word' id='word_1_431' title='bbox 2006 1862 2115 1895; x_wconf 82' lang='lat' dir='ltr'>ipsius.</span> 
     </span>
    </p>
   </div>
   <div class='ocr_carea' id='block_1_15' title="bbox 2275 1372 2453 1410">
    <p class='ocr_par' dir='ltr' id='par_1_21' title="bbox 2275 1372 2453 1410">
     <span class='ocr_line' id='line_1_98' title="bbox 2275 1372 2453 1410; baseline 0.006 -10"><span class='ocrx_word' id='word_1_432' title='bbox 2275 1376 2332 1402; x_wconf 63' lang='grc'><strong>,103</strong></span> <span class='ocrx_word' id='word_1_433' title='bbox 2353 1372 2357 1410; x_wconf 61' lang='grc' dir='ltr'>,ἑ</span> <span class='ocrx_word' id='word_1_434' title='bbox 2398 1376 2453 1402; x_wconf 69' lang='lat' dir='ltr'>cis</span> 
     </span>
    </p>
   </div>
   <div class='ocr_carea' id='block_1_16' title="bbox 1653 1918 2261 2293">
    <p class='ocr_par' dir='ltr' id='par_1_22' title="bbox 1653 1918 2261 2293">
     <span class='ocr_line' id='line_1_99' title="bbox 1691 1918 2237 1946; baseline 0.005 -3"><span class='ocrx_word' id='word_1_435' title='bbox 1691 1918 1799 1943; x_wconf 73' lang='lat' dir='ltr'>&#39;rIidein</span> <span class='ocrx_word' id='word_1_436' title='bbox 1813 1919 1956 1944; x_wconf 70' lang='lat' dir='ltr'>con--eiit</span> <span class='ocrx_word' id='word_1_437' title='bbox 1970 1918 2158 1945; x_wconf 80' lang='lat' dir='ltr'>facultatem</span> <span class='ocrx_word' id='word_1_438' title='bbox 2176 1920 2237 1946; x_wconf 86' lang='lat' dir='ltr'>dis-</span> 
     </span>
     <span class='ocr_line' id='line_1_100' title="bbox 1654 1967 2253 2000; baseline 0.007 -9"><span class='ocrx_word' id='word_1_439' title='bbox 1654 1967 1807 1999; x_wconf 73' lang='lat' dir='ltr'>pensandi</span> <span class='ocrx_word' id='word_1_440' title='bbox 1829 1974 1899 1993; x_wconf 85' lang='lat' dir='ltr'>cuin</span> <span class='ocrx_word' id='word_1_441' title='bbox 1924 1967 2253 2000; x_wconf 67' lang='lat' dir='ltr'>personisccclesias—</span> 
     </span>
     <span class='ocr_line' id='line_1_101' title="bbox 1653 2015 2259 2049; baseline 0.003 -8"><span class='ocrx_word' id='word_1_442' title='bbox 1653 2015 1733 2047; x_wconf 65' lang='lat' dir='ltr'>iii-is,</span> <span class='ocrx_word' id='word_1_443' title='bbox 1745 2015 1898 2048; x_wconf 71' lang='lat' dir='ltr'>religiosis</span> <span class='ocrx_word' id='word_1_444' title='bbox 1910 2017 1939 2041; x_wconf 73' lang='lat' dir='ltr'>ei</span> <span class='ocrx_word' id='word_1_445' title='bbox 1953 2016 2175 2049; x_wconf 81' lang='lat' dir='ltr'>saecularibus,</span> <span class='ocrx_word' id='word_1_446' title='bbox 2185 2024 2259 2043; x_wconf 88' lang='lat' dir='ltr'>suae</span> 
     </span>
     <span class='ocr_line' id='line_1_102' title="bbox 1654 2063 2260 2098; baseline 0.005 -9"><span class='ocrx_word' id='word_1_447' title='bbox 1654 2063 1829 2097; x_wconf 76' lang='lat' dir='ltr'>legationis,</span> <span class='ocrx_word' id='word_1_448' title='bbox 2029 2065 2260 2098; x_wconf 80' lang='lat' dir='ltr'>irregularitate</span> 
     </span>
     <span class='ocr_line' id='line_1_103' title="bbox 1654 2114 2257 2145; baseline 0.007 -8"><span class='ocrx_word' id='word_1_449' title='bbox 1654 2120 1751 2145; x_wconf 76' lang='lat' dir='ltr'>quain</span> <span class='ocrx_word' id='word_1_450' title='bbox 1769 2114 1997 2139; x_wconf 80' lang='lat' dir='ltr'>contraxerunt</span> <span class='ocrx_word' id='word_1_451' title='bbox 2015 2114 2067 2139; x_wconf 86' lang='lat' dir='ltr'>vel</span> <span class='ocrx_word' id='word_1_452' title='bbox 2094 2115 2257 2141; x_wconf 81' lang='lat' dir='ltr'>contraxe-</span> 
     </span>
     <span class='ocr_line' id='line_1_104' title="bbox 1656 2161 2259 2197; baseline 0.005 -11"><span class='ocrx_word' id='word_1_453' title='bbox 1656 2161 1729 2187; x_wconf 68' lang='lat' dir='ltr'>rint.</span> <span class='ocrx_word' id='word_1_454' title='bbox 1746 2161 1902 2194; x_wconf 69' lang='lat' dir='ltr'>legatione</span> <span class='ocrx_word' id='word_1_455' title='bbox 1916 2162 2061 2194; x_wconf 81' lang='lat' dir='ltr'>durante,</span> <span class='ocrx_word' id='word_1_456' title='bbox 2076 2170 2115 2188; x_wconf 84' lang='lat' dir='ltr'>ex</span> <span class='ocrx_word' id='word_1_457' title='bbox 2127 2170 2162 2189; x_wconf 90' lang='lat' dir='ltr'>eo</span> <span class='ocrx_word' id='word_1_458' title='bbox 2174 2164 2259 2197; x_wconf 73' lang='lat' dir='ltr'>quod</span> 
     </span>
     <span class='ocr_line' id='line_1_105' title="bbox 1658 2210 2259 2244; baseline 0.005 -10"><span class='ocrx_word' id='word_1_459' title='bbox 1658 2210 1950 2236; x_wconf 75' lang='lat' dir='ltr'>excounnunicatae</span> <span class='ocrx_word' id='word_1_460' title='bbox 1982 2213 2170 2244; x_wconf 84' lang='lat' dir='ltr'>receperunt</span> <span class='ocrx_word' id='word_1_461' title='bbox 2214 2218 2259 2237; x_wconf 90' lang='lat' dir='ltr'>or-</span> 
     </span>
     <span class='ocr_line' id='line_1_106' title="bbox 1658 2258 2261 2293; baseline 0.005 -10"><span class='ocrx_word' id='word_1_462' title='bbox 1658 2258 1748 2284; x_wconf 84' lang='lat' dir='ltr'>dines</span> <span class='ocrx_word' id='word_1_463' title='bbox 1764 2259 1796 2284; x_wconf 82' lang='lat' dir='ltr'>et</span> <span class='ocrx_word' id='word_1_464' title='bbox 1812 2258 2034 2285; x_wconf 82' lang='lat' dir='ltr'>ministrarunt</span> <span class='ocrx_word' id='word_1_465' title='bbox 2050 2259 2081 2285; x_wconf 94' lang='lat' dir='ltr'>in</span> <span class='ocrx_word' id='word_1_466' title='bbox 2098 2260 2186 2293; x_wconf 74' lang='lat' dir='ltr'>ipsis,</span> <span class='ocrx_word' id='word_1_467' title='bbox 2204 2261 2261 2286; x_wconf 85' lang='lat' dir='ltr'>aut</span> 
     </span>
    </p>
   </div>
   <div class='ocr_carea' id='block_1_17' title="bbox 2289 1915 2449 1954">
    <p class='ocr_par' dir='ltr' id='par_1_23' title="bbox 2289 1915 2449 1954">
     <span class='ocr_line' id='line_1_107' title="bbox 2289 1915 2449 1954; baseline -0.006 -10"><span class='ocrx_word' id='word_1_468' title='bbox 2289 1915 2363 1954; x_wconf 73' lang='lat'>-031</span> <span class='ocrx_word' id='word_1_469' title='bbox 2402 1920 2449 1944; x_wconf 63' lang='lat' dir='ltr'>ci:</span> 
     </span>
    </p>
   </div>
   <div class='ocr_carea' id='block_1_18' title="bbox 1884 2072 1977 2098">
    <p class='ocr_par' dir='ltr' id='par_1_24' title="bbox 1884 2072 1977 2098">
     <span class='ocr_line' id='line_1_108' title="bbox 1884 2072 1977 2098; baseline -0.011 -8"><span class='ocrx_word' id='word_1_470' title='bbox 1884 2072 1977 2098; x_wconf 81' lang='lat' dir='ltr'>super</span> 
     </span>
    </p>
   </div>
   <div class='ocr_carea' id='block_1_19' title="bbox 1658 2307 2274 2927">
    <p class='ocr_par' dir='ltr' id='par_1_25' title="bbox 1658 2307 2261 2534">
     <span class='ocr_line' id='line_1_109' title="bbox 1662 2307 2261 2341; baseline 0.007 -10"><span class='ocrx_word' id='word_1_471' title='bbox 1662 2307 2010 2335; x_wconf 66' lang='lat' dir='ltr'>excomn‘iunicalionis.</span> <span class='ocrx_word' id='word_1_472' title='bbox 2043 2309 2261 2341; x_wconf 83' lang='lat' dir='ltr'>suspensionis</span> 
     </span>
     <span class='ocr_line' id='line_1_110' title="bbox 1658 2355 2259 2389; baseline 0.003 -8"><span class='ocrx_word' id='word_1_473' title='bbox 1658 2355 1708 2381; x_wconf 86' lang='lat' dir='ltr'>vel</span> <span class='ocrx_word' id='word_1_474' title='bbox 1723 2355 1884 2381; x_wconf 78' lang='lat' dir='ltr'>interdicti</span> <span class='ocrx_word' id='word_1_475' title='bbox 1898 2356 2067 2383; x_wconf 78' lang='lat' dir='ltr'>sententiis</span> <span class='ocrx_word' id='word_1_476' title='bbox 2080 2356 2259 2389; x_wconf 82' lang='lat' dir='ltr'>innodatae,</span> 
     </span>
     <span class='ocr_line' id='line_1_111' title="bbox 1660 2400 2260 2438; baseline 0.003 -9"><span class='ocrx_word' id='word_1_477' title='bbox 1660 2403 1769 2429; x_wconf 84' lang='lat' dir='ltr'>divina</span> <span class='ocrx_word' id='word_1_478' title='bbox 1787 2403 1892 2430; x_wconf 82' lang='lat' dir='ltr'>officia</span> <span class='ocrx_word' id='word_1_479' title='bbox 1910 2400 2121 2436; x_wconf 47' lang='lat' dir='ltr'>celebrarunt,</span> <span class='ocrx_word' id='word_1_480' title='bbox 2140 2405 2260 2438; x_wconf 87' lang='lat' dir='ltr'>injunc-</span> 
     </span>
     <span class='ocr_line' id='line_1_112' title="bbox 1664 2452 2256 2487; baseline 0.005 -10"><span class='ocrx_word' id='word_1_481' title='bbox 1664 2453 1694 2478; x_wconf 75' lang='lat' dir='ltr'>la</span> <span class='ocrx_word' id='word_1_482' title='bbox 1715 2452 1759 2478; x_wconf 78' lang='lat' dir='ltr'>cis</span> <span class='ocrx_word' id='word_1_483' title='bbox 1779 2460 1835 2485; x_wconf 81' lang='lat' dir='ltr'>pro</span> <span class='ocrx_word' id='word_1_484' title='bbox 1855 2453 1947 2478; x_wconf 80' lang='lat' dir='ltr'>modo</span> <span class='ocrx_word' id='word_1_485' title='bbox 1967 2453 2080 2487; x_wconf 71' lang='lat' dir='ltr'>culpae</span> <span class='ocrx_word' id='word_1_486' title='bbox 2100 2454 2256 2487; x_wconf 68' lang='lat' dir='ltr'>poeniten-</span> 
     </span>
     <span class='ocr_line' id='line_1_113' title="bbox 1663 2501 1936 2534; baseline 0.007 -9"><span class='ocrx_word' id='word_1_487' title='bbox 1663 2501 1706 2527; x_wconf 74' lang='lat' dir='ltr'>tia</span> <span class='ocrx_word' id='word_1_488' title='bbox 1729 2501 1936 2534; x_wconf 84' lang='lat' dir='ltr'>competenti.</span> 
     </span>
    </p>

    <p class='ocr_par' dir='ltr' id='par_1_26' title="bbox 1665 2554 2274 2927">
     <span class='ocr_line' id='line_1_114' title="bbox 1703 2554 2246 2582; baseline 0.006 -3"><span class='ocrx_word' id='word_1_489' title='bbox 1703 2554 1815 2580; x_wconf 52' lang='lat' dir='ltr'>ididem</span> <span class='ocrx_word' id='word_1_490' title='bbox 1831 2555 1974 2580; x_wconf 79' lang='lat' dir='ltr'>concedit</span> <span class='ocrx_word' id='word_1_491' title='bbox 1995 2554 2181 2582; x_wconf 70' lang='lat' dir='ltr'>facultatem</span> <span class='ocrx_word' id='word_1_492' title='bbox 2195 2556 2246 2582; x_wconf 84' lang='lat' dir='ltr'>ab-</span> 
     </span>
     <span class='ocr_line' id='line_1_115' title="bbox 1665 2602 2265 2630; baseline 0.002 -1"><span class='ocrx_word' id='word_1_493' title='bbox 1665 2602 1810 2629; x_wconf 82' lang='lat' dir='ltr'>solvendi</span> <span class='ocrx_word' id='word_1_494' title='bbox 1833 2604 1870 2629; x_wconf 79' lang='lat' dir='ltr'>ab</span> <span class='ocrx_word' id='word_1_495' title='bbox 1896 2604 2005 2629; x_wconf 78' lang='lat' dir='ltr'>eadem</span> <span class='ocrx_word' id='word_1_496' title='bbox 2028 2604 2189 2630; x_wconf 88' lang='lat' dir='ltr'>sententia</span> <span class='ocrx_word' id='word_1_497' title='bbox 2211 2611 2265 2630; x_wconf 80' lang='lat' dir='ltr'>eos</span> 
     </span>
     <span class='ocr_line' id='line_1_116' title="bbox 1666 2651 2266 2686; baseline 0.003 -10"><span class='ocrx_word' id='word_1_498' title='bbox 1666 2651 1721 2685; x_wconf 82' lang='lat' dir='ltr'>qui</span> <span class='ocrx_word' id='word_1_499' title='bbox 1740 2652 1881 2684; x_wconf 54' lang='lat' dir='ltr'>Gregorii</span> <span class='ocrx_word' id='word_1_500' title='bbox 1899 2659 2000 2685; x_wconf 84' lang='lat' dir='ltr'>papae</span> <span class='ocrx_word' id='word_1_501' title='bbox 2017 2653 2173 2686; x_wconf 75' lang='lat' dir='ltr'>quaedam</span> <span class='ocrx_word' id='word_1_502' title='bbox 2202 2654 2266 2678; x_wconf 88' lang='lat' dir='ltr'>sta-</span> 
     </span>
     <span class='ocr_line' id='line_1_117' title="bbox 1666 2700 2266 2727; baseline 0.003 -2"><span class='ocrx_word' id='word_1_503' title='bbox 1666 2701 1738 2726; x_wconf 82' lang='lat' dir='ltr'>tuta</span> <span class='ocrx_word' id='word_1_504' title='bbox 1756 2700 1787 2725; x_wconf 89' lang='lat' dir='ltr'>in</span> <span class='ocrx_word' id='word_1_505' title='bbox 1805 2701 1967 2726; x_wconf 86' lang='lat' dir='ltr'>nonnullis</span> <span class='ocrx_word' id='word_1_506' title='bbox 1985 2700 2187 2727; x_wconf 85' lang='lat' dir='ltr'>monasteriis</span> <span class='ocrx_word' id='word_1_507' title='bbox 2204 2708 2266 2727; x_wconf 87' lang='lat' dir='ltr'>ser-</span> 
     </span>
     <span class='ocr_line' id='line_1_118' title="bbox 1667 2748 2266 2782; baseline 0.003 -9"><span class='ocrx_word' id='word_1_508' title='bbox 1667 2748 1780 2779; x_wconf 81' lang='lat' dir='ltr'>vanda,</span> <span class='ocrx_word' id='word_1_509' title='bbox 1803 2749 2064 2781; x_wconf 82' lang='lat' dir='ltr'>contempserint,</span> <span class='ocrx_word' id='word_1_510' title='bbox 2088 2750 2120 2775; x_wconf 88' lang='lat' dir='ltr'>et</span> <span class='ocrx_word' id='word_1_511' title='bbox 2140 2749 2266 2782; x_wconf 88' lang='lat' dir='ltr'>dispen-</span> 
     </span>
     <span class='ocr_line' id='line_1_119' title="bbox 1669 2796 2269 2831; baseline 0.003 -10"><span class='ocrx_word' id='word_1_512' title='bbox 1669 2796 1759 2821; x_wconf 76' lang='lat' dir='ltr'>sandi</span> <span class='ocrx_word' id='word_1_513' title='bbox 1780 2803 1850 2822; x_wconf 86' lang='lat' dir='ltr'>cum</span> <span class='ocrx_word' id='word_1_514' title='bbox 1875 2797 1954 2829; x_wconf 88' lang='lat' dir='ltr'>ipsis</span> <span class='ocrx_word' id='word_1_515' title='bbox 1977 2804 2071 2830; x_wconf 85' lang='lat' dir='ltr'>super</span> <span class='ocrx_word' id='word_1_516' title='bbox 2093 2797 2269 2831; x_wconf 83' lang='lat' dir='ltr'>irregulari-</span> 
     </span>
     <span class='ocr_line' id='line_1_120' title="bbox 1669 2845 2265 2878; baseline 0.005 -9"><span class='ocrx_word' id='word_1_517' title='bbox 1669 2845 1748 2875; x_wconf 87' lang='lat' dir='ltr'>tate,</span> <span class='ocrx_word' id='word_1_518' title='bbox 1769 2845 1795 2870; x_wconf 88' lang='lat' dir='ltr'>si</span> <span class='ocrx_word' id='word_1_519' title='bbox 1813 2852 1909 2878; x_wconf 79' lang='lat' dir='ltr'>quam</span> <span class='ocrx_word' id='word_1_520' title='bbox 1929 2845 2148 2872; x_wconf 85' lang='lat' dir='ltr'>contraxerint</span> <span class='ocrx_word' id='word_1_521' title='bbox 2167 2846 2210 2872; x_wconf 87' lang='lat' dir='ltr'>sic</span> <span class='ocrx_word' id='word_1_522' title='bbox 2231 2845 2265 2871; x_wconf 81' lang='lat' dir='ltr'>li-</span> 
     </span>
     <span class='ocr_line' id='line_1_121' title="bbox 1667 2893 2274 2927; baseline 0.007 -11"><span class='ocrx_word' id='word_1_523' title='bbox 1667 2893 1733 2925; x_wconf 66' lang='lat' dir='ltr'>gati</span> <span class='ocrx_word' id='word_1_524' title='bbox 1744 2899 1795 2919; x_wconf 66' lang='lat' dir='ltr'>soe</span> <span class='ocrx_word' id='word_1_525' title='bbox 1805 2894 1849 2918; x_wconf 55' lang='lat' dir='ltr'>„lix</span> <span class='ocrx_word' id='word_1_526' title='bbox 1862 2893 1922 2920; x_wconf 68' lang='lat' dir='ltr'>iuis</span> <span class='ocrx_word' id='word_1_527' title='bbox 1933 2893 2049 2920; x_wconf 52' lang='lat' dir='ltr'>officiis</span> <span class='ocrx_word' id='word_1_528' title='bbox 2060 2894 2274 2927; x_wconf 83' lang='lat' dir='ltr'>immiscendo,</span> 
     </span>
    </p>
   </div>
   <div class='ocr_carea' id='block_1_20' title="bbox 2269 2553 2459 2593">
    <p class='ocr_par' dir='ltr' id='par_1_27' title="bbox 2269 2553 2459 2593">
     <span class='ocr_line' id='line_1_122' title="bbox 2269 2553 2459 2593; baseline 0.011 -16"><span class='ocrx_word' id='word_1_529' title='bbox 2269 2553 2374 2593; x_wconf 44' lang='lat'>&#39;42031</span> <span class='ocrx_word' id='word_1_530' title='bbox 2411 2557 2459 2579; x_wconf 79' lang='grc' dir='ltr'>ιζ·</span> 
     </span>
    </p>
   </div>
  </div>
 </body>
</html>
