2659 3242
112 205 169 233 114

133 439 199 466 1263
273 438 391 466 orvieto.

113 492 173 517 oct.
196 488 239 516 20.
322 502 353 506 —

150 790 164 805 ))
221 788 235 804 ³)
322 794 355 797 —·

151 1226 166 1242 ἣ
223 1226 237 1242 ))
323 1231 355 1235 -·

152 1522 166 1538 ))
223 1522 237 1537 ))
327 1528 356 1531 —-

155 2110 170 2126 »
206 2100 239 2127 27
245 2120 252 2128 .
324 2116 356 2120 —-

154 2207 169 2224 ))
225 2208 239 2223 ))
329 2212 359 2216 -

155 2353 169 2370 )>
225 2353 240 2370 ))
327 2359 360 2363 --

154 2596 168 2612 >)
226 2597 240 2613 ))
328 2603 359 2607 -

155 2743 169 2758 ))
225 2743 238 2757 u
326 2746 359 2751 —

942 194 1096 224 TABLES
1120 193 1173 224 DU
1197 192 1397 223 REGISTRE
1421 190 1611 221 D'URBAIN
1637 190 1675 220 lV

1066 286 1082 305 Ν
1085 286 1173 305 umero--
1203 285 1270 309 Pagos
1275 299 1279 303 ,

430 339 577 374 pendant.
625 339 651 364 si
702 337 738 363 ad
786 336 860 362 fidei
891 335 1064 362 catholicae

431 388 585 414 unitatem
609 388 798 413 revertatur.

468 434 723 470 Archiepiscopis
740 438 770 461 et
790 433 905 461 ceteris
920 433 1084 464 ecclesia-l
1119 431 1171 458 233
1188 430 1193 463 Ι
1226 429 1275 456 471

435 494 505 513 rum
535 485 685 519 praelatis
709 492 761 518 per
784 491 914 517 regumn
935 483 1066 508 Norwa—
1237 480 1278 510 [w

434 535 501 568 giae
515 533 696 561 constitutis
708 532 834 559 nuntiat
850 539 881 558 se
898 530 1067 565 archiepis-

434 592 508 619 copo
525 583 719 611 Nidrosiensi
736 582 897 617 negotium
912 581 1022 608 Crucis
1036 581 1065 607 in

434 633 541 660 eodem
561 639 655 666 regno
676 631 868 659 commisisse
885 638 1000 665 eosque
1019 637 1067 655 ro-

435 684 487 716 gat
509 684 545 708 ut
568 681 597 708 ei
617 680 773 707 auxilium
793 679 986 712 et‚favorem
1012 679 1066 705 im-

434 731 583 766 pendant.

466 780 509 808 Ut
523 778 690 811 Jacobum,
709 786 878 813 pauperem
898 777 1059 805 clericum,
1079 774 1083 806 Ι
1117 772 1189 805 4381
1227 771 1281 798 920

432 833 542 856 natum
571 828 686 855 Donati
722 827 758 854 de
795 826 961 855 Mercaria,
987 825 1066 851 civi<

432 878 644 907 Novariensis,
676 877 806 903 obtentu
838 875 947 901 fratris
983 873 1068 900 Guil-

432 927 518 954 lelmi
538 926 764 962 pomitentiarii
786 924 961 959 apostolici,
979 923 1010 950 in
1022 931 1068 950 ec-

432 976 526 1003 clesia
547 976 577 1003 S.
592 974 762 1002 Gaudentii
780 972 994 1003 Novariensis,
1009 978 1067 997 non

432 1024 573 1051 obstante
609 1023 805 1058 oppositione
838 1019 1009 1056 p1·aep«.»siti
1039 1022 1069 1045 et

433 1072 564 1107 capituli
590 1071 725 1103 eiusdem
743 1070 905 1103 ecclesiae,
923 1070 954 1095 in
977 1075 1068 1095 cano-

432 1121 538 1148 nicum
560 1120 660 1155 recipi
675 1120 784 1159 iaciat,
803 1120 856 1145 dat
883 1117 1064 1145 mandatum

432 1169 575 1204 episcopo
587 1167 782 1195 Novariensi.

470 1217 667 1253 Dispensatio
685 1225 778 1252 super
797 1218 910 1251 quarto
932 1221 1064 1242 consan—
1080 1215 1084 1245 l
1123 1213 1176 1239 345
1192 1211 1197 1246 1
1231 1210 1283 1238 725

435 1268 600 1303 guinitatis
618 1267 715 1302 gradu
733 1266 882 1297 Johanni,
900 1267 973 1291 nato
995 1263 1070 1290 Bal-

434 1317 523 1344 duini
554 1316 591 1343 de
620 1316 753 1349 Avenes,
779 1317 809 1341 et
831 1317 923 1341 natae
942 1312 1069 1340 comitis

436 1365 706 1399 Lucelburgensis
738 1363 932 1394 conceditur,
965 1361 1069 1396 preci-

435 1414 493 1442 bus
527 1414 655 1448 reginae
691 1413 842 1440 Franciae
880 1416 909 1439 et
947 1410 1070 1438 comitis

435 1463 611 1491 Barrensis.
931 1461 934 1464 “

472 1512 625 1548 Episcopo
651 1510 865 1545 Magalonensi
884 1508 1013 1536 mandat
1034 1508 1089 1539 utl
1124 1506 1196 1538 2031
1229 1505 1283 1532 426

436 1561 589 1596 quasdam
616 1560 822 1596 pecuniarum
839 1564 977 1585 summas
995 1556 1072 1582 Bon-
1243 1553 1283 1587 [lv
1308 1569 1309 1586 3

434 1616 602 1638 venturae
634 1609 859 1639 Bernardini,
882 1606 1070 1634 Francisco

433 1659 539 1693 Guidi,
560 1659 650 1686 Fatio
666 1658 812 1687 Junctae,
836 1655 995 1690 Hugolino
1009 1653 1069 1680 Be-

434 1708 585 1738 limontiS,
603 1706 790 1741 Bonsignori
803 1704 950 1739 Raynerii
967 1706 995 1731 et
1013 1703 1070 1730 To-

434 1757 534 1784 lomeo
545 1755 703 1783 Manentis
716 1757 746 1782 et
760 1754 832 1781 aliis
844 1761 952 1781 eorum
965 1751 1068 1781 sociis,

434 1805 559 1833 civibus
570 1808 598 1833 et
614 1803 845 1832 mercatoribus
865 1801 1069 1831 senensibus,

434 1855 586 1882 ecclesiae
609 1854 765 1881 Romanae
791 1851 923 1885 devotis,
946 1850 1069 1876 debitas

436 1905 474 1931 ab
493 1903 731 1938 archiepisc-opo
752 1900 929 1928 Arelatensi
946 1902 976 1925 et
994 1905 1066 1924 non-

435 1952 533 1979 nullis
568 1950 776 1983 suffraganeis
809 1948 910 1982 ipsius
942 1950 972 1973 et
995 1946 1069 1972 aliis

437 1999 663 2028 ecclesiasticis
686 2001 715 2025 et
734 1998 823 2025 laicis
842 1995 983 2032 personis
1001 2002 1069 2029 per-

436 2050 514 2077 solvi
533 2049 641 2076 saciat.

470 2099 581 2127 Simile
597 2097 778 2125 mandatum
804 2095 905 2123 eidem
926 2093 1091 2128 episcopo!
1126 2091 1174 2118 ‘221
1194 2093 1198 2123 1
1233 2090 1285 2117 45⁸

438 2147 655 2181 Magalouensi
671 2147 700 2172 in
712 2145 875 2180 provincia
900 2143 1069 2170 Auxitana.
1245 2140 1285 2171 [iv

475 2196 584 2225 Simile
608 2195 790 2222 mandatum
814 2190 1091 2227 eidmnepiscopol
1127 2189 1199 2221 2211
1233 2189 1285 2215 45⁸

413 2244 654 2283 ,Magalonensi
695 2244 726 2270 in
764 2242 926 2278 provincia
956 2240 1071 2267 Narbo·
1257 2239 1285 2269 [v

438 2301 537 2321 nensu.

475 2343 512 2370 Ut
547 2343 675 2369 Petrum
705 2340 802 2369 Petri.
834 2337 1094 2375 procuratorem!
1128 2335 1200 2367 4361
1233 2335 1287 2361 906

438 2391 577 2426 episcopi
604 2389 822 2423 Legionensis,
854 2390 885 2416 in
912 2387 1072 2422 portiona—

439 2441 521 2468 rium
548 2439 699 2466 ecclesiae
732 2438 936 2471 Legiouensis
965 2435 1075 2463 admit-

438 2492 508 2518 tant
525 2488 669 2523 episcopo
686 2491 717 2514 et
733 2487 872 2522 capitulo
898 2485 1074 2519 Legionen-

438 2539 527 2566 sibus
544 2537 684 2565 mandat.
887 2565 889 2567 ,

473 2587 517 2613 De
537 2586 736 2613 absolutione
748 2587 905 2611 certorum
920 2582 1072 2609 Florenti·
1088 2583 1092 2614 1
1128 2581 1179 2607 205
1196 2582 1200 2613 1
1234 2581 1286 2609 429

437 2643 548 2663 norum
568 2635 598 2662 in
615 2634 718 2662 Gallia
740 2632 1014 2665 conmorantium,
1035 2631 1073 2657 ad

437 2682 588 2710 ecclesiae
610 2682 757 2709 mandata
776 2679 989 2708 redeuntium.

472 2731 625 2765 Magistro
641 2730 805 2765 Aymerico
820 2728 963 2757 Brunelli
979 2735 1072 2755 cano-
1090 2729 1094 2760 1
1128 2727 1180 2754 435
1197 2728 1200 2758 1
1233 2728 1284 2753 901
1314 2759 1315 2765 ¹

434 2782 541 2806 catum
554 2782 585 2805 et
596 2778 804 2814 praebendam
819 2779 850 2805 in
864 2777 995 2804 ecclesia
1007 2776 1074 2803 Pic-

390 2823 394 2827 ”
435 2828 559 2856 tavensi
577 2828 708 2861 confert,
721 2826 969 2855 consideratione
989 2825 1073 2852 Petri

436 2877 514 2904 dicti
535 2877 648 2911 Veteris,
666 2875 775 2902 decani
793 2874 945 2903 ecclesiae
968 2875 998 2902 S.
1020 2873 1072 2900 Hi—

1359 429 1423 456 1263

1338 481 1396 505 oct.
1419 477 1464 505 28.

1375 586 1387 601 ¹)

1377 1124 1390 1139 1)

1377 1272 1390 1285 ))

1376 1613 1390 1628 ὶ)

1378 1858 1391 1871 ))

1381 2198 1393 2211 ))

1381 2490 1394 2503 i)

1383 2784 1395 2797 ἢ

1446 586 1461 602 ))

1445 829 1459 844 i)

1447 1123 1461 1139 ))

1448 1270 1461 1285 ))

1446 1857 1460 1872 >)

1450 2197 1462 2211 u

1452 2489 1465 2503 b)

1451 2783 1464 2798 ))

1499 429 1617 456 Orvielo.

2293 283 2368 308 Fuga.
2399 282 2507 302 Numera.

1658 331 1731 358 larii
1756 331 1963 363 Pictavensis,
1989 330 2146 365 capellani
2171 334 2293 366 aposto-

1659 379 1723 412 lici,
1742 381 1833 414 cujus
1851 387 1945 414 nepos
1960 379 2080 407 existit.

1692 428 1854 456 Briocensi
1875 431 1905 455 et
1922 428 2116 457 Thoarcensi
2133 427 2294 456 archidia-
2310 429 2315 462 1
2348 427 2401 455 435
2417 431 2421 460 l
2455 429 2510 455 9⁴⁰2

1656 478 1744 504 conis
1763 477 1980 504 executionem
1999 477 2181 512 praedictae
2196 476 2294 504 colla-

1659 526 1752 553 tionis
1769 525 1935 553 commitit.

1694 575 1799 601 Fratri
1817 574 1953 602 Antonio
1973 574 2010 601 de
2032 574 2147 602 Celano
2167 573 2317 607 mandat!
2350 574 2424 606 3461
2459 572 2511 600 728

1659 627 1694 650 ut
1720 624 1751 650 in
1773 623 1939 650 Nicolaum
1967 623 2004 650 de
2028 623 2134 655 Fossa,
2165 623 2220 659 qui
2239 631 2296 659 pro

1660 673 1805 707 episcopo
1822 672 1976 700 Theatino
1989 681 2021 700 se
2038 675 2138 707 gerat,
2155 671 2298 707 inquirat

1660 726 1690 749 et
1711 722 1923 755 provisionem
1941 721 1978 748 de
1996 729 2031 748 eo
2050 721 2176 752 factam,
2196 722 2298 748 casset

1658 773 1689 798 et
1717 770 1834 798 irritet.
2316 773 2422 794 nomem

1695 820 1818 846 Decano
1849 823 1879 846 et
1912 818 2053 854 capitulo
2089 817 2240 846 ecclesiae
2269 819 2320 852 ε.1
2356 817 2512 849 19011375

1660 868 1798 895 Thomae
1819 868 2063 902 Argentinensis
2085 866 2230 902 indulget
2251 869 2298 901 ut,

1659 918 1790 945 obtentu
1804 917 1942 953 episcopi
1958 915 2200 951 Argentinensis
2215 916 2298 950 ipsos

1658 966 1882 1001 supplicantis,
1898 964 2091 994 XValterum,
2118 968 2228 991 natum
2254 963 2299 992 Si-

1661 1016 1734 1043 sridi
1751 1015 1788 1042 de
1806 1015 2038 1049 Schaftolshen,
2058 1015 2089 1042 in
2111 1014 2298 1042 canonicum

1660 1065 1825 1100 recipiant.
2319 1069 2380 1088 nome
2393 1067 2423 1088 ιιι

1696 1113 1850 1149 Episcopo
1860 1112 2013 1140 Perusino
2028 1111 2156 1139 mandat
2167 1113 2204 1138 ut
2221 1110 2301 1138 Tho·
2317 1111 2322 1144 1
2357 1109 2408 1137 120
2423 1113 2427 1142 1
2446 1099 2515 1136 1134

1662 1171 1731 1190 mae
1747 1162 1785 1189 de
1804 1162 1924 1190 Assisio
1943 1161 1979 1188 de
2006 1161 2113 1196 aliquo
2139 1160 2302 1188 ecclesias-

1662 1212 1723 1239 tico
1739 1211 1892 1238 beneficio
1907 1210 2083 1245 provideat.
2320 1216 2382 1236 tom
2397 1214 2426 1235 111

1697 1259 1846 1293 Egidium
1860 1258 2162 1290 Martini,cleric-um
2175 1256 2301 1285 Ulixbo-
2315 1258 2320 1290 1
2352 1255 2406 1284 394
2423 1258 2427 1288 1
2444 1255 2514 1284 2304

1661 1316 1801 1340 nensem,
1825 1307 1856 1333 in
1879 1307 2063 1335 canonicum
2085 1306 2224 1340 ejusdem
2253 1313 2300 1332 ec—

1662 1358 1776 1385 clesiae
1808 1355 2028 1391 recipiendum
2054 1363 2120 1382 esse
2145 1355 2299 1387 decernit,

1661 1406 1818 1434 sententia
1841 1413 1899 1440 pro
1927 1413 1962 1432 eo
1993 1413 2010 1431 a
2039 1404 2083 1439 J.,
2112 1405 2300 1432 Sanctorum

1661 1456 1790 1483 Cosmae
1811 1458 1839 1482 et
1863 1454 2008 1481 Damiani
2035 1453 2166 1480 diacono
2195 1452 2301 1481 cardi-

1667 1504 1744 1539 nali,
1775 1504 1869 1534 edita,
1903 1503 2094 1531 auctoritate
2127 1501 2300 1538 apostolica

1667 1552 1859 1580 confirmata.

1699 1602 1850 1636 Episcopo
1888 1600 2062 1628 Parisiensi
2103 1599 2230 1627 mandat
2265 1596 2324 1634 ut}
2355 1597 2430 1631 4291
2462 1597 2515 1626 885

1664 1649 1872 1686 praebendam
1894 1652 1923 1676 et
1949 1649 2169 1676 canonicatum
2193 1655 2301 1684 perso-

1663 1707 1719 1727 nae
1734 1699 1864 1726 idoneae
1880 1698 2022 1726 conferat
2041 1698 2073 1724 in
2093 1697 2228 1726 ecelesia
2242 1697 2300 1724 No-

1663 1749 1829 1783 viomensi,
1847 1747 2060 1782 resignatione
2076 1755 2095 1774 a
2113 1748 2247 1782 Symone
2263 1745 2300 1772 de

1662 1798 1771 1832 Sipera
1789 1797 1877 1832 prius
1895 1799 2032 1831 recepta.

1700 1847 1851 1881 Episcopo
1868 1845 2053 1872 Carnotensi
2075 1843 2203 1871 mandat
2225 1843 2324 1878 qua-l
2357 1842 2432 1873 4291
2463 1841 2516 1870 8813

1662 1899 1755 1923 tenus
1779 1894 1817 1921 ab
1837 1893 1975 1920 Heurico
1998 1893 2035 1920 de
2056 1891 2191 1926 Torum,
2209 1891 2307 1919 eccle-

1663 1945 1727 1971 sine
1753 1943 1784 1970 S.
1808 1942 1923 1969 Auiani
1944 1941 2184 1968 Aurelianensis
2212 1947 2299 1967 cano-

1664 1992 1744 2023 nico,
1785 1991 1990 2018 canonicatus
2028 1992 2059 2016 et
2103 1989 2300 2024 praebendae

1664 2040 1765 2068 libera
1776 2039 1988 2074 resignatione
1999 2040 2138 2074 recepta,
2152 2046 2187 2073 pe
2194 2045 2302 2065 rsonae

1664 2089 1773 2116 idonae
1793 2089 2012 2115 canonicatum
2037 2090 2067 2113 et
2088 2086 2299 2122 praebendam

1662 2138 1708 2164 sic
1730 2140 1878 2165 vacantes
1904 2136 2057 2163 conferat.

1696 2187 1736 2214 Ut
1755 2186 1929 2212 Jofridmu.
1944 2185 2109 2219 clericum,
2122 2184 2224 2212 filium
2249 2183 2322 2218 Ni-1
2355 2183 2430 2216 4381
2462 2183 2515 2210 919

1663 2235 1742 2262 colai
1755 2235 1831 2262 dicti
1843 2234 1877 2261 ‹le
1886 2234 2029 2268 Cremona,
2042 2233 2154 2261 militis
2165 2233 2303 2260 Trecen-

1663 2284 1705 2311 sis
1720 2283 1865 2315 diocesis,
1883 2284 1915 2310 in
1935 2282 2070 2310 ecclesia
2087 2283 2117 2309 S.
2130 2282 2244 2309 macuti
2262 2281 2299 2308 de

1664 2332 2008 2368 Barro-super-Albam
2048 2333 2079 2358 in
2115 2331 2300 2358 canonicum

1664 2383 1762 2416 recipi
1791 2382 1898 2412 faciat,
1927 2379 2055 2408 maniat
2078 2379 2195 2407 decano
2220 2379 2299 2414 ejus-

1662 2431 1732 2457 dom
1760 2430 1923 2465 ecclesiae.

1702 2480 1742 2507 De
1759 2480 1944 2506 canonicatu
1963 2481 1992 2506 et
2007 2478 2185 2514 praebenda
2200 2478 2232 2504 in
2248 2485 2300 2505 ec·
2316 2477 2322 2511 1
2354 2476 2407 2505 484
2424 2477 2429 2510 1
2460 2476 2514 2504 899

1665 2528 1760 2556 clesin
1781 2527 1974 2562 lNivernensi
2008 2527 2159 2562 magistro
2186 2526 2302 2554 Theca-

1667 2577 1729 2604 lino
1748 2577 1784 2603 de
1805 2577 1983 2610 Tliousono,
1995 2575 2199 2603 commensali
2217 2575 2302 2610 epis-

1665 2627 1733 2662 copi
1779 2626 1976 2659 Nix-emensi,
2015 2625 2212 2652 conferendis
2248 2624 2301 2652 dat

1666 2675 1846 2702 mandatum
1870 2675 1969 2710 priori
1989 2674 2026 2701 de
2049 2673 2191 2708 Bonayo,
2212 2673 2302 2700 Auti-

1666 2725 1857 2752 siodorensis
1876 2723 2022 2752 diocesis.
2315 2727 2378 2749 tomo
2393 2727 2424 2748 ui

1701 2772 1934 2800 Archidiacono
1967 2771 2164 2799 'l'ricastrino
2200 2770 2320 2806 capel-l
2357 2768 2407 2797 ¹23
2423 2772 2428 2802 Ι
2447 2769 2514 2797 1144

1665 2822 1735 2849 lano
1763 2821 1946 2856 apostolico,
1980 2820 2108 2847 mandat
2142 2823 2301 2855 quatenus

1665 2871 1854 2905 magistrum
1868 2870 1997 2897 Petrum
2013 2869 2133 2897 dictum
2147 2868 2301 2900 Νατὴαὶεηι,
