2659 3242
82 450 158 480 1264
242 447 370 478 orvieto.

60 500 165 536 iulllot
199 498 235 526 16
275 513 314 518 —-

101 767 113 783 D
184 766 196 781 »
289 770 330 775 ——-

101 1093 116 1111 D
182 1092 196 1108 1
288 1097 328 1102 --

118 2047 131 2063 0
199 2046 211 2062 D
304 2051 344 2056 ’-

134 2605 146 2621 .
218 2604 229 2619 „
322 2609 363 2613 -

832 172 1002 203 TABLES
1024 170 1085 201 DU
1107 168 1327 200 REGISTRE
1347 165 1558 198 D’URBAIN
1579 165 1624 194 IV

994 266 1081 292 Pages.
1095 263 1231 285 Numeros.

422 327 582 355 restituat.

1021 370 1084 389 tome
1107 367 1136 388 ΙΙΙ

466 446 673 481 Strigoniensi
703 445 850 480 episcopo
877 442 1010 470 mandat
1031 440 1110 478 1466
1132 435 1231 478 12772

422 498 456 522 ut
489 496 698 530 Stephanum,
722 493 904 528 Hungariae
924 497 1037 525 regem,

425 545 466 572 ad
511 544 744 571 restituendum
773 542 897 576 reginae
940 539 1036 567 matri

424 594 494 628 jura
523 594 632 628 erepta
646 592 769 631 flectat.v

1026 681 1090 699 tome
1111 677 1142 698 ΙΙΙ

474 752 632 787 Episcopo
660 749 848 778 Carnotensi
881 748 1014 776 mandat
1035 743 1114 785 1312
1136 744 1141 784 1
1162 745 1237 772 1957

433 803 469 828 ut
501 800 725 828 canonicatum
755 800 787 825 et
815 797 1030 833 praebendam

434 850 584 877 ecclesiae
605 856 628 875 5.
652 848 768 875 Aniani
787 845 1030 879 Aurelianensis,

431 900 585 926 vacantes
604 904 660 932 per
681 896 925 931 resignationem
948 896 1032 922 Hen-

432 948 487 974 rici
507 948 545 974 de
564 946 709 978 Tornoel,
730 951 882 980 personae
902 944 1034 971 idoneae

433 996 587 1023 conferat.
1033 1004 1096 1022 ‹ome
1119 1001 1148 1021 ιη

473 1076 889 1114 StrigoniensietColocensi
909 1075 1026 1103 archie-
1047 1074 1126 1114 1465
1148 1072 1249 1113 12769

437 1128 575 1164 piscopis
594 1128 727 1154 mandat
746 1127 896 1153 moneant
916 1125 1039 1152 univer-

435 1185 485 1204 sos
505 1180 665 1204 Cumanos
681 1177 716 1202 ut
738 1175 781 1201 illi
801 1181 841 1201 ex
862 1175 904 1200 eis
924 1174 1041 1209 quibus

439 1226 589 1261 provenit
605 1224 768 1260 perceptio
785 1224 905 1258 gratiae
921 1223 1040 1257 baptis-

439 1275 540 1309 malis,
566 1274 665 1301 fidem
692 1273 881 1300 catholicam
906 1271 1042 1298 firmiter

440 1326 471 1351 et.
504 1325 685 1351 reverenter
717 1323 896 1354 observent,
930 1320 1042 1356 reliqui

438 1381 524 1408 vero,
546 1372 627 1399 infra
656 1371 827 1399 terminum
858 1371 900 1397 eis
929 1369 1042 1404 praefi-

438 1423 585 1457 gendum,
609 1422 843 1448 sacramentum
869 1418 1043 1453 baptisma-

442 1471 493 1503 tis,
516 1470 610 1504 juxta
634 1468 848 1496 conditionem
871 1466 1044 1502 praescrip-

443 1521 521 1552 tam,
550 1518 714 1553 recipiant.
745 1517 775 1544 Si
803 1524 877 1543 vero
905 1515 965 1550 ipsi
992 1522 1045 1542 cor

445 1576 538 1595 suum
568 1567 732 1602 posuerint
764 1566 968 1593 adamantem
999 1564 1045 1591 ita

443 1619 478 1644 ut
507 1624 563 1643 nec
591 1617 662 1650 igne
690 1615 834 1642 caritatis
861 1621 918 1640 nec
946 1612 1046 1640 divini

446 1666 535 1693 verbi
568 1665 680 1692 malleo
715 1664 965 1697 confringantur,
1000 1669 1047 1689 ar-

445 1714 638 1749 chiepiscopi
661 1715 779 1740 extunc
802 1713 912 1739 contra
933 1711 1048 1738 Cuma-

447 1771 514 1796 nos,
545 1764 584 1790 de
612 1769 707 1797 regno
737 1762 806 1796 ipso
836 1760 1048 1795 expellendos,

447 1813 581 1839 verbum
608 1811 708 1838 crucis
733 1811 765 1837 in
790 1809 965 1844 Hungaria,
992 1809 1050 1834 Po-

450 1861 544 1894 lonia,
578 1859 707 1887 Boemia
738 1861 767 1885 et
797 1857 927 1885 Austria
963 1863 1051 1892 prae-

451 1910 568 1937 dicent.

1050 1967 1113 1986 tome
1136 1964 1165 1985 lll

490 2033 589 2060 Priori
601 2032 787 2068 provinciali
801 2031 938 2058 fratrum
948 2031 1040 2057 Prae·
1059 2025 1064 2066 1
1081 2029 1140 2056 465
1160 2023 1166 2064 1
1181 2027 1262 2055 2770

454 2083 633 2110 dicatorum
667 2082 705 2108 de
740 2087 835 2114 regno
871 2079 1054 2113 Hungariae

456 2131 588 2158 mandat
611 2131 740 2157 moneat
764 2129 928 2163 episcopos
951 2129 982 2154 et
1006 2135 1053 2155 ec-

453 2180 619 2207 clesiarum
648 2178 807 2213 praelatos
837 2177 979 2211 ejusdem
1009 2184 1054 2203 re-

452 2228 506 2263 gni
524 2228 580 2263 qui
601 2227 810 2254 dissensiones
831 2233 867 2253 ac
886 2226 989 2260 jurgia
1010 2225 1056 2252 in-

458 2277 575 2303 clinato
624 2282 719 2309 regno
758 2273 982 2301 damnabiliter
1011 2280 1056 2300 se-

456 2325 590 2357 minant,
613 2325 648 2351 ut
669 2331 686 2350 a
707 2323 807 2357 culpis
827 2324 858 2349 et
879 2322 1058 2349 excessibus

455 2376 523 2401 tam
547 2372 684 2407 indignis
707 2372 835 2406 penitus
858 2371 1058 2404 desistentes,

458 2423 554 2450 Belae
575 2422 639 2456 regi
663 2422 813 2447 honorem
836 2420 981 2447 debitum
1003 2419 1060 2446 im-

458 2472 600 2507 pendant
630 2478 667 2497 ac
695 2469 862 2496 fidelitatis
890 2468 1062 2503 plenitudi-

460 2527 533 2547 nem
549 2520 631 2546 circa
647 2519 751 2553 ipsum
768 2518 947 2544 observent.

507 2591 668 2618 Abbatem
704 2588 979 2621 Clarevallensem,
1014 2588 1070 2614 du-
1091 2585 1171 2626 1325
1192 2585 1270 2626 1684

463 2641 555 2667 rante
581 2644 729 2673 processu
757 2636 991 2664 reformationis
1018 2643 1066 2663 or-

465 2688 547 2716 dinis
561 2686 788 2719 Cisterciensis,
807 2693 824 2713 a
841 2685 998 2712 solutione
1014 2691 1066 2711 ex-

465 2744 636 2772 pensarum
662 2736 701 2763 ab
727 2736 844 2762 abbate
866 2734 1068 2761 Cisterciensi

468 2786 519 2813 vel
548 2786 574 2812 ei
603 2783 851 2812 adhaerentibus
877 2783 1068 2816 fiendarum,

469 2834 590 2861 eximit.

219 2939 339 2968 Urbain
362 2942 399 2966 1v
420 2938 520 2967 tables

1310 328 1384 357 1264

1288 378 1393 413 Juillet
1428 377 1474 405 16.
1504 392 1544 397 ——

1410 1198 1444 1225 17

1473 327 1601 357 Oruieto.

2394 158 2456 189 265

2220 254 2306 278 Panes.
2320 251 2455 274 Numer-on.

1652 308 1653 311 Ἴ
1700 326 1807 353 Eidem
1850 325 1991 359 indulget
2037 325 2082 355 ut,
2121 320 2456 360 durante13251685

1651 374 1831 409 praedictae
1855 372 2089 400 reformationis
2112 371 2248 405 negotio,

1655 426 1721 450 tam
1746 423 1812 457 ipse
1836 430 1933 457 quam
1958 420 2111 456 praedicti
2137 420 2250 446 adhae-

1657 474 1760 499 rentes
1781 472 1819 498 ad
1841 471 2018 505 proximum
2040 469 2182 503 generale
2202 475 2252 495 ca-

1656 520 1793 555 pitulum
1816 518 2031 545 (Listerciensis
2057 517 2174 544 ordinis
2199 523 2253 543 seu

1658 570 1735 596 alias
1756 568 1942 594 (listercium
1966 567 2015 593 vel
2040 567 2078 593 ad
2104 566 2163 593 alia
2188 565 2254 592 loca

1658 618 1716 652 ipsi
1737 619 1768 644 et
1788 617 1905 643 eisdem
1926 615 2171 642 adhaerentibus
2190 620 2255 640 sus-

1660 668 1763 701 pecta,
1795 665 1942 692 accedere
1972 663 2100 690 minime
2135 665 2263 689 tenean-

1662 717 1724 742 tur.

1682 811 1888 845 Argumonto,
1904 809 2013 835 abbati
2035 809 2218 834 monasterii
2230 808 2269 834 de
2288 805 2293 845 1
2308 805 2368 834 327
2387 802 2392 842 1
2409 807 2468 835 688

1666 860 1799 893 Hipolis,
1828 857 2027 884 Florentinav
2062 857 2203 889 diocesis,
2230 857 2262 882 vt

1667 908 1864 942 Huguitioni.
1877 907 1973 940 priori
1994 905 2264 932 sanctaetzociliae

1667 957 1880 988 Florentinae,
1892 955 2024 981 mandat
2033 955 2192 988 quatenus
2201 954 2283 980 bona

1668 1006 1796 1037 civium,
1820 1004 1988 1031 civitatum
2023 1004 2055 1029 et
2090 1003 2265 1029 castrorum

1667 1054 1800 1082 'l'usciae
1833 1053 1863 1079 in
1897 1051 2059 1079 ecclesiam
2092 1050 2265 1082 rebellium,

1671 1102 1818 1130 arrestari
1833 1103 1865 1127 et
1880 1100 2013 1127 detineri
2026 1099 2157 1126 faciant.

1712 1196 1728 1221 Ι·
1739 1193 1816 1221 ratri
1851 1192 1990 1220 Florasio
2007 1190 2255 1218 administratio·
2276 1188 2355 1229 1418
2374 1185 2379 1225 1
2417 1189 2473 1217 863

1671 1250 1743 1270 nem
1765 1241 1948 1268 monasterii
1965 1248 1988 1267 s.
2008 1240 2097 1267 Pauli
2115 1241 2153 1266 de
2172 1239 2266 1271 Urbe,

1671 1293 1800 1327 propter
1829 1289 1983 1317 Frederici
2012 1289 2138 1316 abbatis
2165 1294 2269 1315 exces-

1676 1348 1737 1373 sus,
1759 1338 1943 1366 committit.

1715 1420 1751 1445 ln
1765 1418 1965 1445 e.m.decano
1979 1419 2010 1443 et
2024 1415 2195 1443 conventui
2207 1422 2272 1442 mo-

1677 1467 1807 1495 nasterii
1848 1474 1872 1494 s.
1891 1465 1979 1492 Pauli
2022 1465 2059 1491 de
2075 1465 2167 1491 Urbe.

1721 1557 1757 1583 In
1775 1563 1801 1582 e.
1821 1563 1861 1582 m.
1882 1554 2036 1581 universis
2053 1553 2197 1580 vassallis
2210 1559 2274 1579 mo-

1676 1605 1806 1632 nasterii
1841 1611 1863 1630 s.
1899 1603 1989 1630 Pauli
2023 1603 2062 1629 de
2096 1602 2191 1629 Urbe.

1708 1690 1754 1715 De
1777 1686 1949 1714 centesima
1973 1685 2145 1719 colligenda
2170 1686 2202 1711 et
2226 1685 2264 1711 de
2283 1681 2360 1723 1421
2383 1677 2389 1718 1
2425 1682 2484 1710 868

1683 1737 1826 1772 proximo
1842 1735 1951 1762 futuro
1960 1734 2105 1769 passagio
2117 1734 2149 1761 in
2165 1736 2277 1761 Terrae

1686 1787 1819 1813 Sanctae
1834 1791 2026 1812 succursum.

1725 1879 1769 1904 De
1796 1876 1995 1912 reparatione
2020 1875 2116 1902 castri
2146 1876 2286 1909 Joppen-
2307 1871 2383 1912 1421
2408 1871 2488 1912 1869

1684 1928 1724 1953 sis
1741 1925 1974 1960 archiepiscopo
1990 1923 2122 1957 'l'yrensi
2138 1923 2280 1950 mandat.

2275 2015 2340 2034 tome
2361 2011 2392 2033 111

1727 2067 1885 2102 Episcopo
1910 2065 2112 2094 olomucensi
2137 2064 2269 2091 mandat
2289 2062 2369 2102 1315
2391 2061 2396 2102 1
2415 2061 2491 2090 1969

1688 2118 1723 2144 ut
1741 2115 1880 2144 Johanni
1899 2115 1937 2142 de
1954 2115 2065 2146 Ponte,
2085 2113 2195 2140 clerico
2213 2115 2285 2140 Tre—

1687 2164 1827 2192 verensis
1856 2162 1997 2195 diocesis
2027 2162 2082 2197 qui
2111 2162 2142 2188 in
2172 2161 2287 2188 diocesi

1689 2212 1890 2241 olomucensi
1910 2211 2105 2238 mansionem
2125 2209 2228 2243 elegit,
2249 2210 2288 2236 de

1689 2262 1795 2296 aliquo
1821 2259 2031 2287 ecclesiastico
2058 2257 2221 2290 beneficio,
2248 2258 2288 2285 ad

1690 2309 1892 2337 collationem
1908 2307 2089 2335 abbatissae
2104 2308 2136 2333 et
2153 2312 2288 2333 conven-

1691 2360 1743 2385 tus
1763 2356 1947 2383 monasterii
1967 2356 2005 2382 de
2023 2354 2202 2383 'l‘usnewitz
2221 2361 2289 2388 per-

1691 2407 1823 2438 tinente,
1845 2405 2022 2439 provideat.

2277 2471 2340 2490 tome
2362 2468 2393 2490 111

1733 2532 1852 2559 Abbati
1884 2529 2067 2557 monasterii
2089 2536 2113 2556 5.
2144 2529 2277 2555 Auberti
2297 2526 2376 2566 1324
2398 2524 2495 2566 12021

1697 2581 1838 2615 indulget
1866 2581 1911 2612 ut,
1938 2580 2109 2614 postquam
2137 2578 2174 2604 de
2200 2577 2292 2604 bene-

1693 2629 1777 2662 ficio,
1801 2629 1841 2656 ad
1864 2628 1963 2662 ipsius
1985 2626 2186 2654 collationem
2208 2632 2294 2660 spec-

1697 2679 1798 2711 tante,
1831 2677 1884 2703 uni
1915 2677 1953 2702 de
1984 2675 2044 2701 illis
2074 2682 2130 2709 pro
2160 2681 2296 2709 quorum

1694 2725 1873 2761 provisione
1901 2724 2017 2758 scripta
2047 2722 2219 2758 apostolica
2248 2729 2298 2750 ac-

1698 2774 1792 2809 cepit,
1810 2772 1995 2808 providerit,
2014 2771 2105 2799 alteri
2121 2770 2232 2797 clerico
2252 2770 2299 2797 sui

1701 2822 1799 2857 ipsius
1822 2820 2004 2848 monasterii
2026 2821 2065 2847 de
2086 2820 2185 2847 altero
2208 2819 2300 2846 bene-

2298 2924 2331 2947 34
