2519 3262
1027 199 1268 236 TROISIEME
1295 197 1457 235 ANNEE.

785 290 911 324 Ori-icto,
932 291 961 317 13
978 292 1044 317 nont
1063 290 1139 317 1204.

291 292 388 323 2174

234 375 332 401 Eidem
349 376 466 402 mandat
490 378 518 402 ut
536 376 571 401 ad
589 374 751 409 proximum
767 375 932 409 passagium
955 378 1086 409 proroget
1110 375 1211 401 termi-
1236 394 1238 403 ,

198 432 267 450 num
281 433 335 458 quo
347 425 550 459 crucesignati,
563 424 614 451 sub
628 432 710 458 poena
727 424 1045 450 excommunicationis.
1060 424 1087 450 in
1104 424 1210 449 Terrae

198 473 318 499 Sanctae
349 481 518 500 succursum
550 473 691 507 proficisci
725 473 843 499 debent.
875 473 953 507 (Rae
989 473 1033 503 29,
1065 472 1111 498 sol.
1144 474 1208 502 220,

199 527 229 547 n⁰
249 522 340 554 1223.)

238 640 252 659 «
273 629 395 659 Eidem.
415 629 505 660 Olim
533 628 643 658 felicis
668 627 912 658 recordationis
941 628 1016 659 etc..
1046 629 1082 657 ut
1105 635 1209 665 supra

196 691 303 721 usque
324 682 581 721 predecessores
599 681 704 711 nostri
723 680 932 716 absolvendi,
954 680 1047 718 juxta
1065 680 1206 709 formam

195 736 350 771 ecclesie,
374 744 433 774 per
462 736 493 764 te
521 734 573 764 vel
600 742 660 772 per
684 733 800 769 alium,
832 733 1084 771 crucesignatos
1108 733 1206 771 regni
1232 746 1234 755 ε

195 787 337 818 Francie
354 789 385 817 et
402 787 623 816 comitatuum
639 794 675 815 ac
689 787 857 815 terrarum
872 784 986 814 dilecti
1001 785 1063 814 filii
1077 784 1205 815 nobilis

194 840 257 870 viri
273 839 418 875 Alfonsi,
430 839 566 869 comitis
580 838 729 868 Pictavie
740 839 771 868 et
785 837 940 873 Tholose,
959 837 1000 867 ab
1010 846 1205 868 excommu-

194 893 375 923 nicationis
411 892 579 922 sententia
610 899 710 930 quam
744 890 847 920 latam
880 891 1078 921 auctoritate
1111 890 1204 921 sedis

194 946 378 984 apostolice
395 945 599 983 generaliter
615 944 649 973 in
669 943 931 982 crucesignatos,
951 944 1008 982 qui
1027 952 1093 974 non
1109 945 1205 973 tran-

192 998 319 1029 sierant
349 998 384 1027 in
404 998 507 1028 Terre
531 997 650 1027 Sancte
677 996 868 1026 subsidium
886 996 920 1026 in
944 997 1101 1036 passagio
1122 998 1202 1027 tunc

189 1052 346 1091 proximo
367 1051 541 1090 preterito,
560 1051 782 1085 incurrerant,
802 1052 834 1080 et
849 1050 1052 1089 prorogandi
1070 1051 1120 1081 eis
1136 1052 1205 1081 ter-

190 1105 320 1135 minum
337 1113 444 1143 usque
461 1105 501 1135 ad
518 1103 714 1143 passagium
737 1103 848 1142 ipsius
864 1104 998 1134 comitis
1015 1104 1084 1143 qui,
1105 1104 1202 1143 signo

188 1158 322 1189 vivifice
337 1158 455 1189 Crucis
474 1159 659 1196 assumpto,
679 1156 887 1196 proponebat
903 1158 935 1187 et
954 1157 1061 1187 adhuc
1078 1166 1205 1197 propo·

188 1212 249 1246 nit,
268 1213 366 1251 prout
392 1212 568 1248 asseritur,
596 1211 632 1241 in
648 1211 758 1249 ipsius
780 1212 868 1241 terre
890 1210 1082 1241 subsidium
1100 1212 1202 1250 profi-

188 1265 280 1300 cisci,
292 1265 354 1295 tibi
364 1265 573 1296 concessisse
582 1265 740 1295 dicuntur
752 1273 810 1303 per
823 1273 902 1294 suas
914 1264 1046 1294 litteras
1055 1264 1198 1295 liberam

192 1318 428 1356 facultate[m].
444 1319 571 1348 Verum
587 1320 730 1357 exparte
748 1318 858 1356 ipsius
872 1318 1005 1349 comitis
1022 1318 1083 1348 fuit
1099 1318 1198 1349 nobis

189 1372 364 1402 humiliter
383 1371 611 1410 supplicatum
626 1372 673 1407 ut,
688 1380 762 1400 cum
777 1379 836 1410 per
854 1370 1048 1409 hujusmodi
1065 1371 1201 1402 litteras

189 1434 254 1456 non
276 1425 319 1456 sit
349 1426 389 1455 ad
418 1425 555 1464 plenum
578 1433 788 1463 processum,
815 1424 992 1463 providere
1014 1433 1116 1463 super
1137 1425 1198 1455 hoc

190 1481 329 1518 paterna
354 1478 582 1509 sollicitudine
612 1486 819 1508 curaremus.
842 1478 912 1508 Nos
940 1478 1064 1517 itaque,
1086 1478 1198 1517 ipsius

187 1533 322 1563 comitis
341 1531 647 1571 supplicationibus
676 1531 841 1567 inclinati,
869 1531 1078 1568 absolvendi,
1097 1532 1196 1570 juxta

188 1585 331 1616 formam
346 1585 498 1618 ecclesie,
515 1593 575 1623 per
592 1586 623 1614 te
638 1584 690 1614 vel
703 1593 762 1623 per
779 1584 883 1614 alium
897 1585 953 1614 aut
970 1585 1067 1619 alios,
1087 1593 1198 1615 cruce·
1226 1614 1227 1619 ,

189 1639 339 1678 signatos
371 1638 506 1669 eosdem
537 1637 577 1668 ab
611 1637 804 1677 hujusmodi
834 1638 1197 1668 excommunicationis

187 1692 356 1723 sententia
394 1694 425 1721 et
458 1691 662 1730 prorogandi
695 1691 744 1721 eis
779 1691 963 1721 terminum
997 1692 1198 1722 transeundi

186 1754 294 1784 usque
310 1745 351 1775 ad
365 1744 561 1784 passagium
579 1744 659 1774 dicti
677 1744 824 1780 comitis,
845 1744 885 1774 ad
900 1745 988 1783 quod
1005 1745 1090 1783 ipse,
1111 1745 1199 1775 sicut

186 1799 305 1834 fertur,
323 1807 358 1829 se
374 1800 529 1837 potenter
543 1799 575 1828 et
593 1798 762 1828 ferventer
782 1798 936 1836 accingit,
953 1798 1051 1836 juxta
1068 1799 1198 1836 predic-

184 1854 296 1882 tarum
323 1852 513 1882 litterarum
535 1853 699 1887 tenorem,
723 1850 867 1881 liberam
889 1851 951 1881 tibi
979 1851 1194 1882 concedimus

184 1899 382 1936 auctoritate
401 1905 610 1943 presentium
625 1904 830 1935 facultatem.
844 1905 969 1935 Datum
987 1907 1023 1935 ut
1037 1913 1151 1943 supra.
1177 1916 1191 1934 υ

273 2088 370 2119 2175
769 2086 894 2119 Orvieto‚
916 2087 946 2114 18
960 2088 1027 2113 aont
1044 2086 1121 2113 1264.

217 2171 346 2203 ΑΙϊοηεο,
375 2171 513 2198 Tholosae
536 2179 569 2198 ac
592 2170 736 2198 Pictaviae
756 2171 867 2201 comiti,
892 2171 1022 2206 indulget
1046 2174 1075 2198 ut
1102 2171 1193 2205 ipsius

181 2223 275 2248 terrae
300 2221 520 2256 Burdegalensis
547 2221 712 2255 provinciae
740 2221 936 2248 ecclesiastico
958 2221 1079 2255 supponi
1105 2222 1195 2248 inter-

180 2270 256 2297 dicto
270 2270 392 2297 minime
408 2271 521 2298 valeant
537 2270 647 2297 ratione
667 2269 767 2297 statuti
781 2278 836 2304 quo
855 2272 960 2300 terrae,
978 2271 1007 2297 in
1027 2270 1131 2306 quibus
1148 2279 1192 2298 res

182 2319 395 2347 ecclesiasticae
418 2322 516 2354 raptae
542 2322 618 2351 sunt,
642 2319 795 2346 interdicto
818 2322 1026 2354 supponuntur.
1048 2321 1126 2354 (Rae.
1143 2321 1191 2351 29,

182 2368 231 2395 fol.
246 2370 308 2400 220,
325 2373 355 2394 n⁰
372 2368 466 2403 1224.)

218 2486 235 2507 «
255 2475 398 2515 Alfonso‚
432 2474 558 2504 Tkolose
589 2485 624 2504 ac
649 2475 790 2504 pictavie
821 2475 933 2504 comiti.
966 2476 1190 2507 Attendentes

177 2529 269 2569 quod
290 2529 339 2559 tui
368 2529 600 2568 progenitores
623 2528 744 2565 incliti,
776 2528 937 2559 ecclesias
964 2530 996 2559 et
1026 2537 1189 2568 personas

178 2582 427 2613 ecclesiasticas
468 2580 701 2612 favorabiliter
736 2582 996 2620 prosequentes,
1037 2582 1190 2621 ipsarum

178 2643 312 2675 semper
334 2635 537 2666 studuerunt
560 2634 753 2665 libertatem
773 2634 953 2665 defendere
977 2643 1014 2666 ac
1036 2635 1130 2674 ipsas
1152 2636 1193 2667 li-

178 2687 368 2719 bertatibus
385 2688 490 2718 variis
508 2687 684 2726 ampliare,
709 2688 813 2726 tuque
832 2687 946 2726 proles
963 2688 1056 2728 regia
1071 2697 1190 2720 eorum

177 2741 363 2772 laudabilia
374 2741 538 2771 imitando
555 2740 711 2780 vestigia,
730 2740 848 2771 Crucis
865 2742 1034 2772 caractere
1046 2741 1190 2782 insigni-

175 2795 243 2829 tus,
267 2794 421 2825 crucifixi
437 2795 470 2824 te
496 2792 659 2833 obsequio
678 2793 847 2824 devovisti
869 2796 900 2824 et.
923 2793 1097 2831 ecclesias,
1115 2804 1190 2834 per-

178 2856 279 2879 sonas
304 2847 551 2878 ecclesiasticas
579 2855 616 2877 ac
642 2846 834 2877 libertatem
861 2847 999 2878 easdem
1029 2848 1064 2878 in
1086 2849 1188 2880 terris

177 2901 334 2941 precipue
360 2902 416 2931 tue
447 2900 672 2931 dominationi
691 2899 864 2939 subjectis,
892 2900 1030 2931 virtutis
1055 2903 1111 2932 tue
1127 2911 1188 2941 po-

1229 1090 1231 1103 t

2221 208 2273 237 351

1237 294 1239 306 ¹
1269 289 1374 319 tentia
1389 297 1448 327 pro
1471 287 1602 317 viribus
1622 286 1779 317 defensas
1796 287 1827 317 et
1843 287 2002 326 protegis,
2018 289 2048 317 et
2063 296 2222 318 excessus
2241 290 2273 319 in

1268 342 1369 372 terris
1395 341 1480 379 ipsis
1508 340 1710 370 commissos
1734 342 1849 369 contra
1874 340 2041 378 predictas
2058 341 2218 371 ecclesias
2241 345 2271 372 et

1268 402 1430 432 personas
1462 393 1669 431 negligenter
1699 393 1903 422 incorrectos
1938 401 2002 422 non
2040 394 2177 431 pateris,
2213 395 2271 424 sed

1268 447 1447 486 diligenter
1465 448 1495 476 et
1511 446 1601 485 juste
1623 445 1839 484 prosequeris
1859 446 2077 484 castigatione
2097 447 2270 486 condigna,

1235 538 1236 542 Ἰ
1266 502 1298 530 te
1317 509 1353 530 ac
1370 502 1445 530 tuas
1462 501 1570 529 terras
1590 499 1758 537 predictas
1786 499 1933 529 emensis
1954 499 2170 538 privilegiare
2188 500 2277 531 favo-

1235 569 1236 581 l
1266 552 1361 583 ribus
1378 555 1409 583 et
1428 551 1660 582 favorabiliter
1676 552 1807 582 munire
1825 552 2013 591 privilegiis
2036 553 2104 582 tuis
2127 553 2277 584 debitum

1267 606 1399 636 meritis
1429 607 1637 644 reputamus.
1663 605 1748 635 Sane
1776 606 1893 644 petitio
1919 608 1976 635 tua
2003 605 2101 636 nobis
2123 606 2273 637 exhibita

1265 658 1457 689 continebat
1479 659 1568 698 quod
1592 659 1625 688 in
1645 658 1844 697 provinciali
1863 658 2104 697 Burdegalensi
2130 660 2272 690 concilio

1265 714 1315 742 est
1335 714 1498 742 statutum
1518 713 1552 741 ut
1570 712 1652 745 loca,
1677 711 1770 744 ville,
1788 713 1909 747 castra,
1935 712 2089 742 civitates
2109 713 2180 743 sive
2201 722 2275 752 par-

1264 765 1388 801 rochie,
1418 765 1451 795 in
1477 765 1601 804 quibus
1630 773 1683 795 res
1715 765 1943 795 ecclesiastice
1967 765 2019 795 vel
2052 775 2272 804 personarum

1264 818 1571 848 ecclesiasticarum
1587 818 1729 856 seuipse
1747 826 1888 856 persone
1906 820 2011 857 rapte,
2027 822 2133 858 capte,
2153 820 2269 851 invase

1265 872 1316 902 vel
1344 874 1503 910 occupate
1537 871 1788 906 detinebuntur,
1820 871 1894 910 ipso
1926 871 2011 902 facto
2038 873 2266 904 ecclesiastico

1230 930 1232 937 ·
1263 925 1458 963 subjaceant
1478 925 1656 955 interdicto
1683 927 1726 960 et,
1751 925 1779 954 si
1798 925 1839 954 ad
1866 925 1971 955 alium
1997 925 2108 955 locum
2131 926 2184 956 vel
2203 927 2270 957 alia

1262 978 1334 1009 loca
1351 987 1404 1009 res
1426 978 1519 1017 ipsas
1537 978 1716 1008 transferri
1737 978 1924 1017 contigerit,
1940 978 2024 1009 locis
2042 979 2128 1017 ipsis
2144 979 2185 1009 ad
2203 989 2266 1019 que

1260 1031 1455 1071 hujusmodi
1467 1031 1645 1062 translatio
1663 1031 1750 1062 facta
1767 1031 1878 1066 fuerit,
1897 1032 2003 1062 simili
2016 1033 2268 1071 subjacentibus

1262 1085 1453 1121 interdicto,
1479 1085 1627 1124 primum
1656 1085 1874 1115 interdictum
1893 1085 1927 1115 in
1945 1094 2006 1115 suo
2025 1085 2143 1116 robore
2160 1095 2272 1125 perse-

1261 1140 1364 1169 veret.
1378 1139 1488 1175 Quare
1505 1138 1602 1169 nobis
1619 1138 1794 1168 humiliter
1810 1138 2068 1177 supplicastiut,
2082 1148 2157 1169 cum
2169 1139 2268 1178 hujus

1261 1193 1379 1223 statuti
1392 1194 1550 1232 pretextu
1570 1201 1648 1231 sepe
1665 1192 1835 1231 contingat
1853 1192 2058 1228 innocentes,
2080 1193 2152 1223 sine
2170 1194 2268 1232 culpa

1261 1255 1323 1276 sua
1337 1248 1369 1276 et
1387 1246 1490 1276 etiam
1505 1246 1577 1276 sine
1594 1245 1789 1276 rationabili
1804 1254 1917 1281 causa,
1940 1246 2066 1285 puniri,
2089 1247 2267 1285 providere

1261 1299 1431 1338 superhoc
1446 1301 1585 1338 paterna
1595 1299 1824 1330 sollicitudine
1840 1308 2049 1330 curaremus.
2060 1299 2131 1330 Nos
2143 1300 2267 1339 itaque,

1258 1354 1328 1383 tuis
1343 1353 1651 1392 supplicationibus
1664 1354 1831 1389 inclinati,
1850 1353 2050 1384 auctoritate
2061 1353 2123 1384 tibi
2135 1362 2272 1392 presen-

1258 1407 1344 1437 tium
1361 1406 1578 1446 indulgemus
1596 1410 1631 1438 ut
1653 1409 1775 1442 castra,
1799 1407 1965 1443 civitates,
1986 1407 2071 1442 loca,
2093 1407 2173 1438 ville
2195 1416 2269 1446 pre-

1259 1460 1346 1490 dicte
1362 1460 1546 1499 provincie,
1565 1469 1628 1499 que
1641 1461 1681 1491 de
1696 1461 1852 1490 demanio
1862 1462 1918 1491 tuo
1931 1461 2093 1495 existunt,
2108 1463 2264 1499 pretextu

1258 1514 1338 1544 dicti
1355 1514 1483 1550 statuti,
1503 1515 1648 1553 supponi
1665 1523 1731 1544 non
1754 1515 1887 1553 possint
1915 1514 2145 1544 ecclesiastico
2169 1514 2269 1545 inter-

1258 1566 1346 1597 dicto
1364 1567 1416 1597 vel
1434 1567 1503 1597 fore
1521 1568 1699 1606 supposita
1714 1568 1876 1603 nuntiari,
1899 1567 1965 1597 nisi
1987 1568 2093 1606 prius,
2112 1568 2141 1597 si
2160 1567 2266 1598 fueris

1258 1620 1291 1650 in
1308 1629 1409 1659 regno
1431 1621 1584 1657 Francie‚
1614 1621 1762 1652 monitus
1788 1621 1893 1651 fueris
1920 1621 1973 1651 vel
2000 1630 2058 1659 per
2085 1623 2116 1651 te
2134 1621 2265 1651 steterit

1225 1690 1226 1698 κ
1258 1674 1440 1712 quominus
1473 1675 1601 1704 moneri
1632 1675 1746 1705 valeas
1776 1675 1865 1713 quod
1898 1683 2076 1705 excessum
2106 1675 2262 1704 commis-

1257 1735 1331 1757 sum
1351 1727 1435 1757 inibi
1465 1728 1569 1757 facias
1594 1728 1778 1772 emendari,
1802 1730 1858 1758 aut
1881 1737 2042 1759 excessus
2070 1728 2143 1766 ipse
2161 1728 2263 1758 fuerit

1256 1781 1339 1811 adeo
1355 1781 1469 1820 gravis
1489 1783 1520 1811 et
1539 1782 1690 1812 enormis
1706 1791 1766 1812 seu
1788 1782 1942 1812 notorius
1963 1781 2052 1820 quod
2071 1781 2264 1820 hujusmodi

1256 1833 1398 1864 monitio
1413 1833 1448 1863 in
1468 1843 1506 1864 eo
1523 1834 1567 1864 sit
1585 1835 1725 1865 minime
1740 1835 1955 1874 requirenda.
1974 1834 2069 1864 Nulli
2093 1842 2172 1873 ergo
2192 1843 2265 1864 nos-

1255 1888 1305 1917 tre
1340 1887 1569 1917 concessionis
1606 1891 1668 1918 etc.
1695 1905 1733 1909 —
1763 1888 1887 1918 Datum
1921 1888 2008 1926 apud
2046 1887 2262 1918 Urbemvete-

1255 1949 1338 1974 rem,
1353 1949 1397 1970 xv
1412 1940 1575 1971 kalendas
1593 1941 1810 1980 septembris,
1832 1950 1918 1971 anno
1936 1942 2047 1972 tertio,
2067 1951 2082 1970 n

1344 2105 1443 2136 2176
1844 2105 1968 2135 Orvieto‚
1989 2105 2020 2132 18
2035 2106 2099 2131 aont
2118 2104 2194 2131 1264.

1287 2189 1385 2216 Eidem
1409 2189 1537 2223 indulget
1556 2192 1584 2216 ut
1604 2190 1765 2224 gratiarum
1788 2189 1841 2224 ipsi
1858 2199 1873 2216 a
1888 2190 1953 2216 sede
1970 2189 2129 2224 apostolica
2147 2197 2262 2217 conces-

1251 2246 1348 2265 sarum
1371 2241 1536 2265 executores
1557 2241 1583 2264 et
1600 2241 1817 2265 conservatores
1839 2238 1913 2265 ultra
1929 2239 2046 2265 tertiam
2065 2238 2108 2265 vel
2124 2241 2257 2273 quartam

1250 2288 1358 2314 dietam
1375 2287 1550 2322 injudicium
1570 2287 1644 2314 trabi
1659 2290 1812 2322 nequeant.
1831 2288 1907 2320 (Bisa.
1921 2288 1964 2314 29,
1984 2287 2033 2314 fol.
2053 2289 2118 2321 226,
2129 2292 2159 2314 n⁰
2172 2288 2265 2321 1225.)

1289 2406 1306 2427 ((
1322 2395 1445 2426 Eidem.
1462 2395 1515 2426 Ad
1532 2395 1795 2434 impendendum
1809 2395 1870 2424 tibi
1890 2413 1938 2423 —.
1954 2395 2079 2425 Datum
2096 2395 2185 2433 apud
2200 2395 2259 2426 Ur-

1249 2449 1487 2484 bemveterem‚
1510 2458 1554 2479 xv
1577 2448 1739 2478 kalendas
1761 2447 1975 2487 septembris,
2001 2456 2088 2478 anno
2111 2448 2223 2478 tertio.
2247 2459 2261 2476 »

1337 2611 1435 2642 2177
1833 2606 1958 2638 Orvieto,
1973 2607 2007 2634 27
2023 2608 2090 2633 aont
2108 2606 2186 2634 1264.

1282 2695 1320 2721 De
1343 2694 1429 2722 certis
1450 2693 1635 2728 pecuniarum
1656 2692 1780 2719 summis
1797 2692 1925 2722 Alfonso,
1940 2692 2082 2719 pictaviae
2098 2700 2131 2719 ac
2153 2692 2258 2719 Tholo-

1246 2750 1294 2770 sae
1309 2742 1420 2773 comiti,
1430 2741 1629 2777 crucesignato
1646 2740 1821 2768 exhibendis.
1833 2741 1911 2775 (Rae.
1926 2741 1970 2773 29,
1985 2739 2034 2768 fol.
2047 2741 2110 2773 226,
2121 2745 2150 2766 n'
2164 2740 2256 2774 1226.)

1287 2861 1302 2880 «
1324 2851 1374 2885 A„
1397 2849 1522 2879 leolosc
1541 2858 1574 2878 ac
1590 2848 1728 2878 pictavie
1743 2848 1847 2878 comiti
1866 2849 2084 2888 crucesiqnato.
2111 2848 2148 2878 In
2167 2848 2256 2878 desi-

1245 2904 1351 2935 deriis
1368 2903 1494 2934 nostris
1513 2920 1562 2934 —.
1581 2902 1666 2932 Sane
1685 2901 1803 2941 petitio
1827 2903 1884 2932 tua
1901 2901 1998 2932 nobis
2013 2900 2162 2932 exhibita
2177 2910 2255 2932 con-
