2519 3262
1074 198 1314 236 'l‘ssOlSIEME
1345 197 1508 233 ANNEE.

246 294 447 325 mandamus
473 293 633 331 quatinus
660 290 876 330 plebanatum
902 290 988 320 dicte
1012 289 1122 328 plebis
1152 288 1258 318 sancti
1288 300 1289 304 ¹

245 347 440 386 Augustini,
460 346 608 385 predicte
638 344 880 375 reservationis
905 343 1014 373 eidem
1036 342 1142 380 priori
1175 341 1259 370 facte

246 410 333 431 anno
355 400 461 435 finito,
481 400 666 429 memorato
689 398 820 427 Andree
838 396 1036 426 auctoritate
1054 396 1171 424 nostra
1187 402 1262 424 con-

247 453 336 483 seras
346 455 378 483 et
396 452 561 492 assignes⁷
583 451 746 481 inducens
762 458 838 479 eum
853 449 887 478 in
901 448 996 478 illius
1007 447 1261 486 possessionem

247 516 307 546 per
335 509 367 537 te
399 506 451 536 vel
479 514 538 544 per
566 505 672 535 alium
699 505 731 533 et
763 502 947 532 defendens
974 501 1165 534 inductum,
1195 508 1261 529 non

247 561 462 591 obstantibus
487 558 728 592 reservatione,
755 555 958 585 inhibitione
982 564 1019 584 ae
1042 555 1175 584 decreto
1191 562 1264 592 pre-

251 614 351 644 dictis
368 622 428 643 seu
446 612 534 651 quod
552 611 641 640 idem
657 610 810 639 Andreas
826 609 910 638 alias
928 608 1149 638 beneficiatus
1174 607 1263 637 exis-

246 668 298 698 tit.
328 665 613 699 ContradictoreS,
644 664 720 696 eto,
738 671 845 700 usque
862 661 1118 700 compescendo.
1137 661 1262 690 Datum

248 720 336 759 apud
346 719 636 752 Urbemveterem,
647 726 683 745 ιιι
695 724 801 745 nonas
812 714 1018 749 novembris,
1028 722 1115 743 anno
1125 713 1236 744 tertio.
1247 722 1263 742 ι)

343 896 433 927 1151
748 891 872 922 Orvieto,
894 892 925 918 12
939 891 1095 918 novembre
1115 891 1191 918 12o3.
1294 913 1295 943 ¹

286 980 427 1006 Abbatem
450 980 485 1005 de
510 978 617 1005 Roseno
638 979 667 1004 et
693 977 849 1011 plebanum
874 977 908 1003 de
937 977 1054 1009 Bezone,
1084 975 1219 1002 Aretinae
1237 978 1263 1002 et

248 1029 382 1056 Senensis
400 1028 569 1058 diocesium,
589 1026 729 1061 praedicti
749 1025 894 1060 privilegii
915 1028 1081 1052 executores
1101 1024 1262 1051 constituit.

246 1078 326 1112 (Res.
341 1079 386 1108 29,
402 1077 451 1104 fol.
474 1078 506 1103 79
521 1082 556 1107 το,
573 1082 604 1102 n⁰
619 1076 696 1108 200.)
1295 1069 1296 1084 ¹

288 1193 305 1213 «
322 1206 346 1213 ..
362 1182 467 1211 abbati
483 1182 520 1212 de
530 1180 662 1220 Rofeno,
680 1186 731 1211 et..
749 1180 877 1220 plebano
898 1179 934 1209 de
952 1179 1079 1214 Bezone,
1093 1179 1221 1208 Aretine
1239 1183 1265 1208 ec
1296 1183 1297 1217 ᾗ

248 1236 393 1266 Senensis
418 1235 592 1265 dioecesium.
611 1234 709 1265 Clara
730 1233 911 1272 probitatis
935 1233 1050 1263 dilecti
1070 1251 1118 1262 —.
1140 1232 1265 1262 Datum
1296 1237 1297 1270 g

250 1289 340 1327 apud
354 1288 644 1323 Urbeinveterem,
660 1297 682 1316 ιι
701 1287 777 1316 idus
794 1285 1001 1322 novembris,
1014 1294 1101 1316 anno
1119 1285 1231 1316 tertio.
1249 1293 1266 1313 »
1296 1278 1297 1310 ἶ

344 1467 440 1497 1152
743 1463 868 1493 orvieto,
887 1463 918 1489 12
934 1463 1088 1489 novembre
1108 1463 1185 1490 1203.

285 1550 424 1584 Episcopo
436 1548 636 1575 Aurelianensi
653 1548 770 1574 mandat
787 1550 939 1582 quatenus,
952 1547 1067 1574 obtentu
1086 1547 1175 1581 ipsius
1189 1546 1266 1581 epis·
1296 1546 1297 1577 t

251 1599 314 1633 copi
328 1602 354 1625 et
374 1599 412 1632 J.,
431 1607 470 1624 ss.
490 1599 610 1624 Cosmae
632 1599 658 1623 et
680 1596 810 1623 Damiani
835 1595 948 1623 diaconi
976 1596 1142 1626 cardinalis,
1163 1595 1264 1630 Egidio
1296 1580 1297 1636 ι

251 1648 432 1683 presbytero,
457 1646 606 1681 capellano
628 1647 757 1681 ejusdem
787 1645 952 1676 cardinalis,
971 1645 1075 1671 rectori
1100 1654 1122 1671 s.
1140 1645 1217 1671 Petri
1237 1644 1267 1671 in
1296 1637 1297 1641 ¹

251 1695 430 1723 Semita-lata
446 1695 646 1722 Aurelianensi
665 1695 698 1721 de
714 1694 883 1721 canonicatu
902 1697 927 1720 el
950 1694 1110 1728 praebenda
1130 1693 1158 1720 in
1177 1693 1266 1720 eccle·
1297 1720 1298 1727 ἵ

251 1746 301 1772 siis
327 1754 350 1771 s.
368 1744 445 1771 Petri
466 1744 593 1770 virorum
611 1743 654 1770 vel
679 1752 703 1770 s.
731 1743 805 1770 Aviti
828 1742 1080 1769 Aurelianensibus
1105 1742 1264 1777 provideat.
1297 1742 1298 1776 ι

252 1794 333 1827 (Bm.
347 1795 391 1825 29,
411 1793 448 1820 fol
467 1795 499 1821 79
514 1799 550 1824 v⁰,
572 1798 601 1819 ι]ο
612 1793 687 1826 201.)
1297 1786 1298 1814 t

1297 1834 1298 1844 ι

1297 1846 1298 1865 ι

292 1913 308 1933 ((
327 1927 332 1931 .
348 1926 354 1931 .
373 1902 514 1942 episcopo
534 1899 759 1930 Aiwele'anensz'.
778 1900 842 1930 Per
859 1901 935 1930 tuas
954 1898 1052 1929 nobis
1073 1916 1122 1927 ——.
1141 1899 1267 1928 Datum
1298 1907 1299 1930 ἶ

251 1956 340 1995 apud
352 1955 642 1991 Urbemveterem,
659 1963 681 1982 11
698 1953 775 1983 idus
793 1952 1000 1988 novembris,
1021 1960 1107 1982 anno
1125 1951 1236 1982 tertio.
1251 1963 1266 1978 »
1298 1955 1299 1981 t

2279 208 2333 235 125

1321 287 1395 325 ipsa
1411 289 1503 317 vacat
1517 287 1556 316 ad
1571 295 1711 325 presens
1726 286 1777 315 vel
1791 295 1889 325 quain
1906 287 2051 324 primum
2069 287 2108 316 ad
2130 288 2159 316 id
2173 287 2331 318 obtulerit

1322 348 1357 370 se
1371 340 1525 375 facultas,
1538 340 1716 377 provideas
1727 340 1779 369 vel
1795 339 1897 368 iacias
1912 340 2090 377 provideri,
2104 349 2166 369 non
2181 340 2334 370 obstante

1323 394 1448 423 statuto
1463 409 1511 428 —,
1525 395 1580 422 aut
1595 393 1623 422 si
1638 393 1770 422 dilectis
1782 393 1814 421 in
1825 393 1958 422 Christo
1970 392 2105 422 filiabus
2119 416 2136 421 ..
2150 393 2332 425 abbatis-w,

1323 448 1353 476 et
1372 446 1551 476 conventui
1574 446 1680 475 sancti
1699 446 1807 475 Mauri
1826 446 2063 480 Yirdunensis,
2080 446 2209 475 ordinis
2228 447 2333 476 sancti

1322 499 1510 536 Benedicti,
1531 499 1570 528 ad
1596 508 1680 537 quas
1700 499 1938 528 canonicorum
1962 499 2130 529 institutio
2150 502 2179 528 et
2197 499 2335 537 prelwn-

1323 552 1441 582 darum
1471 551 1605 581 collatio
1635 551 1667 580 in
1693 552 1810 581 eadem
1845 551 1986 581 ecclesia
2017 552 2196 590 pertinent,
2219 562 2237 581 a
2258 552 2335 581 sede

1324 605 1510 643 apostolica
1527 605 1569 634 sit
1593 605 1761 634 indultum
1780 604 1869 643 quod
1887 605 1927 634 ad
1944 605 2169 643 receptionem
2194 605 2244 634 vel
2264 613 2337 642 pru-

1323 658 1491 688 visionem
1520 658 1664 696 alicujus
1688 658 1828 687 minime
1854 659 2044 694 teneantur,
2065 658 2222 696 quodque
2249 658 2288 687 ad
2305 658 2337 686 id

1324 711 1494 749 compelli,
1514 711 1814 745 excommunicari,
1836 711 1998 748 suspendi
2021 711 2073 740 vel
2105 711 2259 740 interdici
2280 719 2338 748 per

1325 765 1457 794 litteras
1484 764 1575 793 sedis
1593 763 1745 802 ejusdem
1763 772 1828 793 non
1842 764 1973 802 possint
1992 772 2056 802 que
2076 764 2115 794 de
2135 764 2264 794 indulto
2284 764 2339 793 hu-

1322 817 1471 856 jusmodi
1489 817 1623 855 plenam
1637 818 1668 846 et
1685 825 1883 854 expressam
1894 825 1959 846 non
1977 817 2115 846 fecerint
2133 817 2337 846 mentionem

1325 871 1379 900 vel
1401 870 1552 909 qualibet
1572 870 1682 908 ipsius
1700 869 1791 899 sedis
1808 869 2018 908 indulgentia
2035 878 2094 908 per
2111 879 2210 908 quam
2224 870 2338 908 hujus-

1326 924 1417 954 modi
1433 925 1546 953 nostre
1563 923 1771 961 provisionis
1787 923 1896 961 gratia
1908 923 2066 961 impediri
2083 923 2193 953 valeat
2211 923 2261 953 vel
2279 923 2340 952 dis-

1327 978 1401 1007 seri.
1429 977 1702 1007 Contradictores
1727 976 1911 1006 —.Datum
1941 976 2028 1014 apud
2048 976 2338 1012 Urbemveterem,

1295 1030 1296 1047 ³
1326 1031 1403 1060 idus
1420 1029 1626 1064 novembris,
1644 1038 1730 1059 anno
1749 1029 1860 1059 tertio.
1886 1038 1902 1057 »

1420 1228 1515 1259 1154

1817 1226 1941 1257 Orvieto,
1964 1226 1994 1252 12
2013 1226 2169 1252 novembre
2194 1227 2268 1253 1203.

1363 1313 1521 1340 Seolastico
1545 1312 1683 1338 ecclesiae
1708 1310 1920 1342 I‘alatiolensis,
1949 1311 2133 1337 Treverensis
2156 1311 2290 1343 ‹lioccsis‚
2315 1314 2341 1338 ct

1327 1361 1435 1389 Cononi
1453 1363 1486 1387 de
1507 1361 1585 1388 Arlo.
1609 1360 1747 1388 canonico
1763 1359 1942 1390 Trevercnsi,
1962 1360 2079 1386 mandat
2095 1363 2123 1386 ut
2143 1363 2250 1386 certam
2266 1361 2342 1387 ordi-

1326 1411 1474 1438 nationem
1492 1411 1525 1437 de
1540 1410 1709 1444 praebendis
1727 1418 1742 1436 a
1763 1408 1908 1435 canonicis
1927 1417 1949 1435 s.
1967 1408 2090 1435 Floriani
2109 1409 2135 1434 in
2154 1409 2341 1440 Continentia,

1327 1460 1510 1487 Treverensis
1533 1459 1666 1486 diocesis,
1683 1459 1822 1488 edictam,
1840 1457 1954 1484 irritam
1972 1458 2115 1484 nuntient.
2134 1458 2212 1492 (Rau.
2229 1459 2273 1489 29,
2292 1458 2340 1484 sol.

1327 1510 1360 1536 79
1379 1512 1419 1542 w,
1438 1514 1469 1534 ιιο
1485 1509 1560 1541 203.)

1367 1626 1384 1646 ‹(
1403 1641 1426 1645 ..
1447 1613 1605 1644 scolastico
1622 1612 1740 1642 ecclesie
1755 1611 1983 1646 palatiolensis,
1999 1612 2185 1641 Treverensis
2203 1612 2341 1649 diocesis,

1328 1675 1353 1699 et
1375 1668 1489 1699 Conone·
1513 1667 1548 1697 [le
1568 1667 1655 1703 Arta,
1672 1667 1818 1695 canonico
1840 1666 2023 1695 Treuerensi.
2054 1667 2105 1696 Ad
2136 1666 2343 1696 audientiam

1328 1724 1479 1753 nostram
1500 1729 1565 1751 non
1582 1721 1654 1750 sine
1677 1720 1898 1750 admiratione
1916 1719 2068 1757 pervenit
2087 1720 2204 1758 quod..
2226 1728 2343 1758 prepo-

1329 1776 1463 1809 situs,..
1483 1775 1641 1809 decanus,
1654 1774 1686 1803 et
1704 1773 1890 1811 capitulum
1907 1772 2048 1802 ecclesie
2067 1773 2173 1802 sancti
2193 1772 2344 1802 Floriani

1329 1830 1362 1859 in
1378 1827 1599 1863 Confluentffl,
1619 1826 1840 1856 Treverensis
1859 1825 2016 1861 diocesis
2041 1828 2156 1855 contra
2180 1827 2344 1855 statutum

1297 1883 1298 1894 ¹
1329 1882 1369 1912 de
1388 1884 1478 1911 certo
1509 1880 1748 1910 canonicorum
1778 1888 1917 1909 numero
1950 1879 2060 1917 ipsius
2092 1879 2234 1909 ecclesie
2254 1879 2345 1917 jura-

1298 1942 1299 1947 *
1329 1937 1443 1966 mento
1464 1934 1646 1969 firmatum,
1664 1934 1790 1962 temere
1811 1932 1997 1966 venientes,
2014 1932 2048 1961 in
2068 1932 2182 1962 odium
2199 1941 2345 1970 quorun-

1329 1989 1407 2019 dam
1432 1995 1619 2026 pauperum
1644 1988 1676 2016 et
1701 1986 1803 2016 etiam
1827 1985 2019 2024 aliquorum
2043 1985 2242 2015 clericorum
2268 1986 2347 2024 ydo-

1329 2050 1471 2072 neorum
1495 2040 1709 2080 provisiones
1737 2047 1817 2069 suas
1836 2039 1869 2068 in
1889 2039 2005 2069 eadem
2024 2038 2166 2069 ecclesia
2183 2048 2241 2077 per
2260 2039 2345 2069 litte-

1298 2110 1299 2118 ι
1329 2104 1385 2126 ras
1426 2093 1610 2132 apostolice
1643 2093 1734 2123 sedis
1767 2092 2059 2131 prosequentium,
2084 2093 2177 2122 motu
2209 2092 2346 2130 proprio

348 2133 443 2165 1153
759 2129 882 2159 Orvieto,
901 2129 932 2156 13
945 2128 1100 2155 novembre
1118 2129 1194 2156 1203.

1299 2136 1300 2166 i

288 2217 399 2243 Decano
412 2214 583 2242 Virdunensi
600 2215 717 2240 mandat
735 2215 763 2240 ut
780 2213 945 2239 Durandum
958 2212 1180 2243 virdunensem,
1199 2220 1269 2246 pau-

250 2273 349 2301 perem
365 2264 514 2294 clericum,
530 2263 558 2290 in
571 2262 692 2289 ecclesia
707 2271 730 2289 s.
746 2262 844 2289 Crucis
858 2262 1044 2288 Yirdunensis
1057 2261 1085 2288 in
1098 2261 1268 2288 canonicum
1300 2254 1301 2311 ¹

252 2313 339 2348 recipi
354 2313 544 2347 faciaefflm.
565 2312 610 2346 29,
632 2311 682 2339 fol.
705 2313 738 2339 ΤΞ)
756 2317 794 2343 v⁰,
814 2317 845 2337 n0
861 2312 935 2344 202.)

292 2428 308 2447 «
327 2441 350 2448 ..
368 2417 480 2447 decano
500 2416 690 2446 Virclunensi.
711 2416 796 2446 Cum
813 2416 962 2446 favorem
975 2416 1109 2446 devotio
1123 2432 1172 2446 —.
1185 2416 1270 2446 Cum
1300 2391 1301 2428 ἶ

254 2471 370 2510 itaque
386 2470 530 2500 dilectus
548 2470 640 2499 tilius
662 2469 858 2504 Durandus,
882 2469 1111 2500 Virdunensis
1140 2477 1270 2508 pauper
1301 2488 1302 2495 ι

255 2524 411 2557 clericus,
430 2522 527 2552 nobis
550 2522 742 2552 exhibuerit
766 2531 801 2552 se
824 2523 983 2552 devotum
1001 2525 1044 2558 et,
1065 2530 1141 2552 cum
1159 2530 1271 2561 prees-
1301 2504 1302 2537 ι

256 2585 372 2607 semus
390 2576 531 2606 ecclesie
549 2575 770 2610 Yirdunensi,
791 2578 923 2614 gratum
946 2575 1043 2605 nobis
1067 2575 1271 2613 impenderit

257 2630 470 2661 famulatum,
490 2637 562 2664 nos,
584 2629 696 2667 ipsum
711 2628 863 2658 volentes
881 2630 987 2667 gratia
1000 2629 1159 2667 prosequi
1176 2631 1207 2659 et
1226 2628 1272 2658 fa-

255 2692 346 2719 vore,
369 2682 567 2713 discretioni
583 2683 639 2711 tue
656 2681 857 2711 mandamus
880 2682 1040 2720 quatinus
1062 2681 1206 2711 eundem
1228 2682 1269 2712 D.

256 2736 400 2769 nullum,
419 2737 455 2765 ut
476 2734 610 2769 asserit,
632 2734 901 2764 ecclesiasticum
918 2734 1120 2764 beneficium
1137 2743 1269 2765 assecu-

255 2791 340 2826 tum,
359 2789 393 2818 in
410 2788 553 2818 ecclesia
573 2789 687 2817 sancte
705 2787 823 2817 Crucis
841 2787 1069 2817 Virdunensis
1088 2796 1148 2826 per
1169 2789 1202 2818 te
1218 2787 1270 2818 vel

255 2834 314 2881 per
338 2842 442 2872 alium
467 2841 666 2872 auctoritate
696 2841 811 2870 nostra
834 2840 938 2878 recipi
961 2840 1066 2870 facias
1085 2841 1119 2870 in
1137 2841 1271 2871 canoni-

256 2904 331 2925 cum
352 2897 383 2925 et
401 2895 436 2925 in
450 2894 589 2924 fratrem
603 2895 634 2924 et
649 2892 679 2923 ei
699 2893 738 2923 de
756 2892 937 2931 prebenda,
950 2893 1058 2932 siqua
1076 2893 1110 2923 in
1129 2893 1271 2924 ecclesia
1302 2900 1305 2905 ·

1299 2169 1300 2195 ι
1332 2149 1523 2179 statuerunt
1542 2147 1631 2185 quod
1647 2147 1712 2176 duo
1732 2148 1763 2176 et
1780 2146 1844 2175 duo
1863 2145 2099 2175 canonicorum
2117 2145 2226 2183 ipsius
2242 2146 2347 2175 eccle·

1331 2203 1381 2232 sie
1398 2210 1514 2231 vocem
1546 2200 1580 2230 in
1597 2199 1745 2238 capitulo
1765 2199 1838 2237 ejus
1862 2198 2057 2228 habentium
2075 2206 2179 2228 unum
2204 2207 2264 2236 pro
2285 2207 2346 2228 sua

1331 2255 1504 2285 voluntate
1528 2253 1702 2283 nominare
1722 2252 1884 2284 valerent,
1906 2260 1943 2281 ac
1969 2251 2049 2281 dicti
2068 2251 2271 2289 prepositus,
2290 2251 2344 2281 de-

1332 2317 1436 2338 canus
1455 2309 1486 2338 et
1505 2306 1690 2345 capitulum
1708 2305 1749 2335 ad
1769 2313 1853 2343 quos
1870 2304 2107 2334 canonicorum
2129 2304 2298 2334 institutio
2314 2305 2347 2334 et

1332 2361 1466 2392 collatio
1484 2359 1730 2399 preloendarum
1751 2358 1875 2387 ibidem
1900 2357 2057 2396 pertinet,
2080 2358 2270 2387 nominatos
2290 2357 2346 2387 hu-

1329 2414 1479 2453 jusmodi
1496 2414 1691 2443 tenerentur
1708 2411 1857 2450 recipere
1871 2411 1903 2440 in
1919 2411 2098 2440 canonicos
2114 2412 2145 2440 et
2161 2411 2193 2440 ιιι
2210 2410 2343 2445 fratres,

1333 2468 1372 2498 de
1389 2467 1456 2497 hiis
1485 2465 1705 2496 observandis
1723 2464 1866 2503 prestito
1884 2464 2125 2494 nichilominus
2139 2464 2342 2502 juramento.

1332 2522 1438 2552 Porro
1450 2519 1604 2558 jamdicti
1630 2518 1834 2557 prepositus,
1855 2517 2002 2547 decanus
2020 2519 2051 2547 et
2069 2517 2267 2555 capitulum,
2287 2517 2345 2546 hu-

1329 2574 1479 2614 J'usmodi
1493 2572 1665 2603 temerarii
1679 2571 1797 2601 statuti
1810 2572 1978 2609 pretextu,
1995 2570 2214 2609 quamplures
2228 2578 2345 2600 eorum

1333 2626 1602 2666 consanguineos
1620 2627 1651 2655 et
1670 2625 1801 2658 affines,
1823 2624 1928 2654 nullis
1948 2623 2130 2663 prebendis
2146 2624 2344 2654 vacantibus

1334 2681 1368 2711 in
1386 2680 1537 2719 predicta
1554 2678 1708 2711 ecclesia,
1725 2678 1758 2707 in
1777 2678 1957 2708 canonicos
1973 2679 2182 2715 receperunt,
2200 2685 2344 2715 (piorum

1333 2734 1471 2772 quidam
1498 2731 1640 2762 minoris
1668 2731 1779 2766 etatis,
1808 2730 1913 2769 aliqui
1932 2739 2012 2760 vero
2040 2730 2166 2769 ylliote,
2191 2729 2345 2759 nonnulli

1301 2772 1303 2787 ι’
1333 2787 1435 2818 etiam
1462 2786 1574 2816 minus
1596 2784 1718 2824 ydonei
1738 2793 1878 2822 prorsus
1895 2783 2058 2814 existunt.
2078 2783 2185 2812 Iidem
2213 2790 2345 2821 quoque

1332 2840 1539 2880 prepositus,
1556 2839 1703 2868 decanus
1732 2839 1764 2867 et
1783 2837 1968 2875 capitulum
1991 2836 2154 2875 quosdam
2172 2836 2294 2865 divites
2313 2836 2345 2865 et

1334 2894 1489 2932 potentes
1508 2900 1549 2922 ex
1574 2891 1623 2921 eis
1642 2899 1726 2929 quos
1752 2890 1866 2920 taliter
1884 2890 2094 2928 receperunt,
2111 2888 2145 2918 in
2165 2887 2346 2926 prebendis
