2519 3262
1027 144 1268 182 TROISIEME
1297 145 1459 182 ANNEE.

202 242 277 265 rum
308 234 340 264 et
372 233 471 263 domo
500 233 602 264 etiam
632 235 793 264 consueta
821 233 1012 264 minoribus
1042 234 1213 264 canonicis

202 286 354 326 eJusdem
382 286 523 317 ecclesie
541 287 721 326 assignari,
741 287 769 316 si
793 289 911 317 vacant
934 287 1059 318 ibidem
1078 287 1118 317 ad
1139 296 1209 325 pre-

202 348 280 370 sens
318 339 370 370 vel
395 340 648 378 quamprimum
679 340 720 370 ad
746 340 780 370 id
805 349 840 370 se
870 340 1013 370 facult-as
1039 339 1212 375 obtulerit,

201 401 261 432 per
285 401 344 422 vos
361 392 413 422 vel
432 401 491 431 per
514 393 620 422 alium
638 402 698 423 seu
715 393 800 423 alios
817 393 994 431 providere
1012 393 1149 424 curetis,
1169 391 1214 421 fa-

202 446 328 476 cientes
354 445 467 484 ipsum
493 446 534 475 ad
559 445 763 484 prebendam
793 446 945 481 eandem,
970 448 1149 484 postquam
1174 445 1213 474 de

202 499 262 529 illa
290 501 428 529 vacante
455 499 521 529 sibi
547 499 723 538 provisum
744 499 898 529 fueritin
914 499 1030 529 eadem
1059 499 1212 534 ecclesia,

198 552 295 591 juxta
321 552 431 590 ipsius
455 552 746 588 consuetudinem,
774 551 879 590 recipi
907 552 941 581 in
966 551 1163 581 canonIcum
1182 552 1213 581 et

201 605 236 635 in
266 605 416 636 fratrem.
444 606 521 636 Non
547 605 773 635 obstantibus.
803 622 839 626 -—
857 604 1131 635 Contradictores
1149 606 1212 634 etc.

202 667 309 697 usque
335 658 591 697 compescendo.
617 658 759 688 Proviso
786 657 875 696 quod
902 657 991 687 idem
1022 656 1213 696 presbyter,

201 713 300 750 prout
326 711 476 750 requiret
500 720 585 741 onus
610 710 779 750 prebende
805 711 845 740 de
873 719 939 749 qua
960 709 1026 740 sibi
1045 710 1214 740 duxeritis

202 765 459 804 providendum,
484 764 710 803 personaliter
733 764 879 794 resideat
904 764 938 793 in
965 763 1093 794 eadem.
1120 763 1214 794 Alio-

202 818 284 857 quin
299 817 494 857 hujusmodi
517 817 626 857 gratia
650 817 778 848 nullius
801 817 937 856 penitus
965 817 1009 847 sit
1036 817 1212 847 momenti.

201 871 326 902 Datum
343 871 431 910 apud
448 870 737 907 Urbemveterem,
755 880 787 900 vi
808 870 883 900 idus
898 869 1107 906 novembris,
1127 879 1214 900 anno

201 925 314 955 tertio.
335 933 351 953 »

293 1096 390 1127 2338
700 1093 826 1125 Orvieto,
845 1094 876 1121 18
891 1093 1042 1120 decembre
1064 1094 1142 1121 1263.

238 1180 374 1215 Magistro
400 1179 488 1207 Odoni
516 1179 648 1213 Capocio,
667 1178 869 1206 archidiacono
894 1179 1106 1210 Cameracensi,
1123 1179 1217 1213 capel·
1242 1178 1243 1184 ¹

202 1229 266 1256 lano
280 1228 448 1264 apostolico,
468 1228 631 1263 praeposito
647 1229 680 1255 de
699 1228 860 1255 Restiniaco
878 1229 906 1255 in
923 1228 1045 1255 ecclesia
1062 1237 1083 1256 s.
1102 1228 1217 1255 Martini

202 1277 386 1311 Turonensis,
411 1277 539 1313 indulget
564 1280 593 1304 ut
610 1277 638 1304 in
651 1279 752 1304 eadem
775 1277 897 1305 ecclesia
916 1277 1102 1304 residentiam
1123 1278 1216 1305 facere

203 1327 385 1362 personalem
403 1327 525 1354 minime
539 1329 682 1354 teneatur.
703 1327 782 1361 (nm.
799 1328 844 1359 29,
860 1327 908 1354 l'ol.
925 1328 987 1358 201,
1009 1333 1040 1353 11⁹
1055 1327 1145 1358 1387.)

244 1438 425 1477 «sz'saero
445 1437 542 1468 Odom'
572 1437 715 1477 Cnpocw,
743 1437 962 1468 archidiacono
992 1437 1216 1475 cameracensi,
1243 1451 1244 1457 ¹

203 1491 364 1531 capellano
377 1496 490 1528 nostro,
505 1492 661 1531 preposito
676 1491 711 1521 de
722 1492 896 1521 Restiniaco
912 1492 942 1521 in
956 1491 1078 1521 ecclesia
1095 1502 1118 1522 s,
1132 1492 1218 1521 Mar-

205 1545 264 1574 tini
289 1545 482 1575 Turonensis.
510 1545 697 1575 Personam
720 1547 814 1575 tuam
842 1545 1003 1584 precipua
1029 1563 1077 1574 —.
1093 1545 1217 1575 Datum

205 1598 293 1637 apud
316 1597 606 1634 Urhemveterem,
627 1607 672 1628 xv
691 1598 854 1628 kalendas
868 1598 1029 1637 januarii,
1048 1607 1134 1629 anno
1154 1601 1219 1629 ter-

204 1651 263 1682 tio.
282 1660 299 1680 ))

296 1828 393 1859 2339
704 1826 829 1857 Orvieto,
850 1827 880 1854 18
896 1827 1048 1853 decembre
1068 1828 1146 1854 1263.

240 1910 441 1942 l’ercivallum,
467 1909 648 1945 capellanum
674 1910 878 1944 apostolicum,
903 1910 1103 1944 Eboracensis,
1121 1910 1219 1937 0111111-

204 1959 321 1986 thaeum
348 1960 383 1986 de
406 1959 498 1992 Fimo,
520 1968 543 1986 s.
571 1959 687 1987 Martini
703 1960 738 1986 de
761 1959 877 1994 Capella
903 1959 933 1986 in
953 1959 1027 1991 Bria,
1046 1960 1218 1987 parisiensis
1243 1964 1244 1994 ζ

204 2008 338 2043 diocesis,
356 2008 545 2036 ecclesiarum
563 2009 716 2036 canonicos
740 2009 905 2043 praedictae
922 2009 1118 2044 indulgentiae
1134 2010 1219 2044 depu-

204 2059 247 2084 tat
263 2060 493 2085 conservatores.
511 2058 649 2093 (1100.29,
669 2057 718 2085 fol.
733 2058 796 2089 261,
812 2063 842 2084 110
860 2058 951 2093 1388.)

244 2178 259 2196 ((
279 2166 465 2202 Ρενεὶυαῖίο,
493 2167 655 2207 capellano
680 2173 794 2204 nostro,
813 2166 1028 2204 Eboracensis,
1056 2173 1082 2196 ec
1100 2167 1221 2197 Matheo
1245 2180 1247 2191 r

205 2220 240 2249 de
255 2220 388 2255 Fimo,s.
402 2221 530 2250 Martini
541 2220 576 2250 de
592 2219 721 2260 Capella
735 2221 764 2250 in
782 2220 870 2255 Bria,
882 2220 1066 2250 parisiensis
1083 2220 1219 2255 diocesis,

205 2273 398 2303 ecclesiarum
417 2274 579 2304 canonicis.
606 2275 791 2305 Personam
808 2274 924 2304 dilecti
945 2274 1007 2304 filii
1029 2293 1077 2304 -.
1096 2274 1222 2304 Datum
1246 2280 1247 2302 1

206 2326 296 2365 apud
322 2326 611 2365 Urhemveterem,
631 2337 677 2358 xv
693 2327 858 2358 kalendas
871 2327 1032 2367 januarii,
1054 2336 1140 2358 anno
1158 2330 1223 2358 ter·
1246 2333 1247 2367 j

206 2379 265 2410 tio.
284 2389 298 2409 n

300 2553 398 2584 2340
713 2552 837 2586 Orvieto,
854 2553 888 2580 20
901 2552 1054 2579 decembre
1071 2552 1149 2580 1263.

241 2637 438 2671 Infrascriptis
466 2637 583 2664 mandat
609 2639 638 2664 ut
665 2638 841 2664 monasterio
869 2646 891 2664 s.
919 2638 1023 2665 Mariae
1052 2637 1223 2666 tlalinensis,
1249 2669 1250 2675 ἵ

207 2686 316 2712 ordinis
339 2694 361 2712 s.
387 2685 540 2718 Benedicti,
561 2685 700 2712 Α1101111011]
723 2687 757 2713 (10
781 2686 959 2713 Colomentis
986 2686 1144 2713 monialem
1166 2695 1225 2713 mo-
1249 2678 1250 2691 ³

209 2734 325 2761 nasterii
340 2743 362 2762 s.
379 2734 484 2761 Mariae
499 2734 528 2760 in
544 2734 652 2768 Capua,
670 2734 778 2762 ordinis
796 2734 938 2770 ejusdem,
955 2735 983 2762 in
999 2736 1222 2770 procuratricem

209 2783 387 2818 praeficiant.
403 2783 480 2816 (Rnc.
497 2784 542 2815 29,
557 2782 606 2810 sol.
625 2784 689 2817 201,
707 2789 736 2809 n⁰
753 2783 833 2817 1389,
854 2784 1001 2811 1¹0rrnAsr
1017 2784 1125 2819 18:43.)

2224 158 2283 187 387

1313 244 1327 261 α
1347 258 1353 263 .
1375 258 1380 262 .
1399 234 1539 273 episcopo
1560 233 1743 271 Caiaciensi,
1765 241 1791 264 el
1808 235 1916 265 dilecto
1929 236 1995 276 silio
2009 260 2036 265 ..
2056 238 2157 276 priori
2176 238 2280 269 Pressi-

1272 291 1407 315 catorum
1431 286 1562 326 Neapoli
1577 293 1602 316 ec
1619 310 1625 316 .
1649 311 1654 316 .
1671 288 1844 327 ῃιιανάὶαηο
1860 289 1994 327 fratrum
2010 290 2162 320 Minorum
2178 292 2207 320 in
2225 292 2285 322 Ca-

1271 348 1346 378 pua.
1369 339 1434 374 Qui
1461 340 1613 370 omnium
1641 341 1861 372 ecclesiarum
1889 361 1937 371 —.
1965 343 2090 373 Datum
2107 345 2195 382 apud
2225 346 2286 376 Ur·

1272 391 1514 428 bemveterem,
1532 402 1592 422 xm
1614 393 1778 424 kalendas
1792 395 1952 433 januarii,
1974 404 2060 426 anno
2076 398 2188 427 tertio.
2209 408 2223 426 »

1363 563 1457 594 2341
1777 563 1900 590 Orvietov
1922 564 1952 591 13
1965 564 2116 591 decembre
2136 564 2214 592 1263.

1308 646 1351 676 O.‚
1368 655 1391 673 s.
1408 646 1513 673 Mariae
1531 647 1558 673 in
1581 647 1633 674 Via
1658 648 1727 674 Lata
1750 648 1871 675 diacono
1886 649 2035 679 cardinali,
2057 649 2183 683 indulget
2199 653 2227 676 ut
2244 657 2288 676 ca·

1273 693 1440 721 nonicatum
1457 698 1482 722 et
1500 697 1706 730 praebendam,
1721 705 1791 731 quos
1803 697 1831 723 in
1842 697 1963 724 ecclesia
1975 697 2152 724 Ferrariensi
2167 698 2288 731 obtinet,

1272 751 1411 778 personae
1423 744 1540 771 idoneae
1552 745 1681 771 conferre
1696 745 1800 773 valeat.
1813 746 1894 781 (Rau.
1914 746 1960 773 sol.
1973 748 2019 780 29,
2033 747 2085 774 261
2101 753 2139 779 v⁰‚
2152 753 2181 774 n⁰
2198 748 2289 780 1390.)

1314 861 1328 880 «
1351 851 1398 887 0„
1415 861 1438 881 s,
1454 850 1552 880 Morie
1569 852 1598 880 in
1622 851 1675 881 Via
1696 852 1773 881 Lata
1789 851 1919 881 diacono
1939 852 2103 882 cardinali.
2123 853 2219 889 Cum,
2246 853 2288 883 si-

1274 905 1329 934 cut
1346 913 1387 934 ex
1412 922 1461 935 —.
1480 905 1605 935 Datum
1625 906 1713 944 apud
1740 905 2031 943 Urbemveterem,
2054 906 2131 936 idus
2160 907 2291 937 decem-

1241 989 1242 995 *
1275 957 1358 994 bris,
1375 967 1462 987 anno
1480 959 1592 989 tertio.
1613 970 1627 985 υ

1367 1123 1464 1154 (2342
1793 1121 1917 1152 (111-1010,
1935 1123 1951 1148 5
1967 1121 2118 1148 decembre
2137 1122 2213 1149 1263.

1312 1205 1451 1240 Episcopo
1477 1205 1615 1232 Meldensi
1645 1207 1673 1232 et
1699 1206 1807 1232 decano
1841 1206 2083 1233 Autissiodorensi
2111 1207 2230 1233 mandat
2259 1209 2290 1234 ut

1242 1279 1243 1283 ,
1276 1254 1447 1281 electionem
1472 1254 1574 1288 prioris
1600 1255 1634 1280 de
1657 1254 1787 1281 Sordolio
1804 1254 1832 1281 in
1847 1255 1981 1281 abbatem
2002 1255 2139 1282 ecclesiae
2154 1263 2178 1281 s.
2194 1255 2291 1282 Jacobi

1278 1303 1474 1336 Pruvinensis,
1492 1303 1599 1329 ordInis
1623 1311 1644 1329 s.
1664 1303 1830 1337 Augustini,
1849 1303 2022 1330 Senonensis
2046 1303 2182 1337 diocesis,
2203 1303 2227 1330 si
2246 1311 2292 1330 011-

1277 1352 1374 1386 pedire
1390 1352 1526 1385 viderint,
1543 1352 1726 1378 confirment.
1744 1352 1826 1385 (Rae.
1848 1353 1892 1383 29,
1910 1351 1959 1378 fol.
1975 1353 2025 1379 261
2044 1358 2082 1386 νο,
2097 1358 2126 1378 n⁰
2145 1352 2236 1387 1391.)

1317 1468 1331 1486 (1
1347 1457 1505 1497 Episcopo
1524 1457 1669 1487 ,11οΙάοηεί
1692 1463 1721 1487 et
1743 1456 1853 1487 dilecto
1874 1457 1940 1497 filio
1959 1481 1965 1486 .
1981 1480 1988 1487 .
2004 1458 2119 1488 det-ano
2141 1459 2293 1489 Autissio-

1277 1510 1410 1541 dorensi.
1429 1511 1518 1541 Olim
1547 1511 1691 1541 ecclesia
1716 1512 1822 1542 sancti
1840 1511 1957 1542 Jacobi
1986 1511 2220 1547 Pruvinensis‚
2242 1522 2294 1543 or-

1277 1564 1367 1594 dinis
1380 1564 1487 1594 saneti
1501 1564 1695 1602 Augustini,
1709 1564 1915 1594 Senonensis
1925 1564 2082 1600 diocesis,
2100 1565 2231 1595 abbatis
2244 1574 2290 1596 re-

1277 1617 1403 1656 gimine
1419 1617 1593 1652 destituta,
1608 1617 1747 1656 contigit
1761 1617 1794 1647 in
1813 1626 1850 1647 ea
1864 1617 2063 1647 electionem
2080 1618 2119 1647 de
2136 1641 2141 1646 .
2159 1643 2163 1647 .
2179 1618 2291 1656 priore

1243 1679 1244 1700 1
1277 1671 1317 1700 de
1334 1670 1502 1706 Sordolio,
1522 1670 1672 1708 eJusdem
1692 1670 1832 1700 ecclesie
1850 1671 2022 1706 canonico,
2042 1672 2073 1701 et
2091 1671 2289 1709 postulatio-

1277 1732 1354 1754 nem
1366 1723 1406 1753 de
1420 1723 1475 1759 H.,
1495 1722 1615 1753 abbate
1632 1723 1671 1753 (10
1689 1723 1942 1764 Cantumerula,
1961 1723 2041 1754 dicti
2056 1724 2197 1761 ordinis,
2215 1725 2293 1755 Tre-

1243 1781 1245 1819 ’ἱ
1277 1777 1389 1807 censis
1401 1776 1559 1812 diocesis,
1571 1776 1605 1805 111
1617 1776 1788 1806 discordia
1800 1776 1975 1807 celebrari.
1986 1777 2067 1807 Orta
2077 1778 2178 1816 igitur
2191 1786 2293 1817 super

1243 1843 1244 1858 1
1276 1830 1338 1860 1100
1357 1830 1444 1860 inter
1460 1829 1603 1859 eundem
1619 1829 1775 1865 electum,
1794 1838 1835 1860 ex
1854 1832 1949 1868 parte
1965 1839 2043 1866 una,
2060 1832 2092 1860 et
2111 1839 2168 1861 eos
2185 1831 2241 1870 qui
2259 1831 2294 1861 in

1243 1884 1245 1898 ³
1277 1883 1404 1912 dictum
1416 1881 1571 1912 abbatem
1584 1883 1838 1918 consenserant,
1850 1891 1890 1912 ex
1909 1883 2025 1919 altera,
2042 1883 2184 1913 materia
2194 1892 2292 1922 ques·

1276 1936 1382 1966 tionis
1399 1944 1436 1965 ac
1451 1936 1585 1974 negotio
1601 1935 1796 1973 hujusmodi
1816 1936 1857 1966 ad
1875 1936 1990 1966 sedem
2009 1937 2230 1974 apostolicam
2250 1937 2292 1968 le·

1278 1989 1394 2029 gitime
1409 1989 1578 2025 devoluto,
1593 1989 1703 2028 primo
1718 1998 1831 2020 coram
1846 1989 1931 2020 bone
1948 1991 2110 2020 memorie
2127 1991 2182 2027 H.,
2200 1991 2293 2021 tituli

1279 2045 1393 2073 sancte
1421 2042 1544 2073 Sabine
1576 2042 1776 2081 presbytero
1803 2043 1985 2079 cardinale,
2006 2045 2038 2073 et
2065 2044 2293 2082 postmodum,

1279 2105 1317 2127 eo
1345 2097 1435 2126 viam
1452 2096 1611 2126 universe
1638 2096 1750 2126 earnis
1774 2096 1940 2136 ingresso,
1969 2106 2080 2127 coram
2106 2097 2293 2127 venerabili

1279 2150 1382 2180 fratre
1397 2151 1512 2180 nostro
1529 2174 1533 2179 .
1553 2172 1558 2177 .
1577 2149 1729 2180 Ostiensi
1747 2150 1918 2188 episcopo,
1933 2159 2018 2189 quos
2037 2159 2138 2189 super
2157 2151 2218 2181 hoc
2240 2151 2295 2181 de·

1279 2203 1392 2234 dimus
1408 2202 1564 2241 partibus
1579 2203 1764 2238 auditores,
1780 2203 1910 2233 diutius
1930 2203 2100 2242 litigatum
2117 2204 2242 2240 extitit,
2265 2206 2297 2234 et

1279 2257 1413 2287 tandem
1443 2264 1555 2286 coram
1582 2255 1700 2285 eodem
1729 2255 1887 2294 episcopo
1912 2256 1945 2285 in
1970 2256 2168 2295 hujusmodi
2195 2265 2297 2286 causa

1246 2315 1247 2326 ¹
1279 2310 1489 2340 conclusum.
1516 2309 1656 2345 Verum,
1678 2309 1757 2347 quia
1787 2309 1827 2339 de
1853 2309 1961 2339 forma
1981 2309 2089 2348 ipsius
2121 2309 2297 2340 electionis

1246 2372 1247 2382 1
1280 2372 1339 2402 per
1357 2371 1394 2393 ea
1412 2371 1476 2401 que
1494 2363 1566 2392 acta
1583 2361 1718 2392 fuerunt
1735 2362 1768 2391 in
1781 2362 1909 2400 judicio
1928 2371 2040 2392 coram
2060 2362 2189 2392 eisdem
2204 2362 2296 2392 audi·

1246 2451 1248 2459 y
1280 2415 1423 2452 toribus,
1438 2415 1536 2454 plene
1553 2415 1682 2454 liquere
1702 2424 1767 2445 non
1784 2416 1907 2453 potest,
1927 2424 2000 2451 nos,
2016 2415 2056 2445 de
2074 2415 2296 2454 circumspec-

1247 2468 1248 2480 ³
1280 2469 1371 2500 tione
1392 2471 1505 2499 vestra
1524 2468 1658 2507 plenam
1680 2468 1714 2498 in
1738 2468 1883 2498 Domino
1910 2468 2067 2498 fiduciam
2092 2468 2297 2503 obtinentes,

1281 2521 1479 2552 discretioni
1497 2523 1607 2551 vestre
1626 2521 1826 2551 mandamus
1845 2522 2012 2560 quatenus
2029 2523 2098 2551 tam
2115 2530 2217 2560 super
2237 2521 2299 2552 hoc

1283 2583 1383 2613 quam
1400 2583 1501 2613 super
1520 2583 1557 2604 eo
1575 2574 1664 2613 qnod
1679 2574 1789 2604 dictus
1806 2574 1933 2604 electus
1954 2574 2205 2605 intolerabilem
2229 2575 2299 2614 pati

1283 2627 1407 2657 dicitur
1431 2628 1466 2658 111
1493 2628 1569 2657 visu
1599 2629 1630 2657 et
1658 2627 1850 2657 litteratura
1876 2627 2055 2662 defectum,
2082 2637 2141 2667 per
2164 2637 2224 2658 vos
2246 2628 2300 2658 vel

1284 2690 1343 2720 per
1369 2681 1456 2711 alios
1479 2681 1677 2720 diligentius
1696 2681 1918 2720 inquirentes,
1945 2681 1974 2711 si
1997 2681 2140 2712 somnam
2159 2682 2299 2712 eandem

1286 2735 1486 2765 inveneritis
1504 2735 1610 2764 fuisse
1626 2734 1822 2764 canonicam
1840 2743 1876 2765 ac
1894 2735 2021 2764 dictum
2034 2734 2178 2765 electum
2193 2735 2298 2766 scien-

1251 2778 1252 2809 Ῐ
1285 2788 1331 2819 tie
1361 2788 1575 2824 sufficientis,
1594 2796 1653 2817 nec
1676 2787 1844 2818 defectum
1870 2788 1966 2818 visus
1991 2787 2125 2823 habere,
2150 2788 2301 2827 predicta

1250 2846 1253 2871 l
1287 2841 1516 2880 postulatione
1541 2850 1641 2880 quam
1660 2850 1725 2872 non
1753 2841 1978 2878 admittimus,
2008 2850 2220 2881 nequaquam
2245 2841 2301 2872 ob·
