2659 3242
133 191 192 222 150

148 589 222 618 1264

127 640 212 674 janv.
228 640 272 667 13.

160 995 170 1010 D
239 995 250 1009 1

158 1531 169 1545 ι
237 1531 248 1545 ι

157 2464 167 2479 Ι
236 2464 246 2478 li

157 2715 168 2729 ι»
237 2715 242 2728 ›

159 2859 170 2875 1
239 2861 250 2874 il

306 590 432 617 orriolo.

921 188 1091 219 TABLES
1118 188 1179 219 DU
1205 187 1426 219 REGISTRE
1452 189 1662 219 D'URBAIN
1691 191 1735 219 lv

1056 283 1140 308 rages*
1158 282 1275 303 Numeros

491 342 581 367 tenlu
603 341 651 373 A„
677 340 763 367 tituli
785 347 808 367 s.
833 341 984 367 praxedis
1005 348 1087 375 pres-

488 389 592 423 byteri
624 389 798 421 cardinalis,
834 389 864 415 in
897 389 1029 416 ecclesia
1063 396 1087 416 s.

491 438 665 465 Salvatoris
679 439 716 464 de
733 438 976 470 Sancto-Paulo,
997 438 1087 464 Mori-

490 487 592 513 nensis
618 487 757 516 diocesis,
787 486 885 520 recipi
910 486 1031 514 faciant
1058 486 1088 513 in

487 535 673 562 canonicum
694 537 725 561 et
748 535 778 562 in
798 535 940 562 fratrem.
1083 534 1146 554 ²0¹¹¹⁸
1163 532 1193 553 ¹¹¹

528 588 624 615 l’riori
651 590 681 615 b.
710 588 825 615 Mariae
853 595 875 615 s.
905 589 1076 617 Salvatoris
1094 587 1099 628 1
1118 590 1173 616 413
1195 587 1296 628 12453

490 638 521 665 in
549 639 652 672 Burgo
679 638 919 665 Carcassonensi
958 640 1091 666 mandat

488 688 524 714 ut
545 687 659 713 Poncio
679 687 827 715 'rhomae
850 686 960 714 clerico
993 687 1090 714 archi-

489 736 611 763 diaconi
632 735 827 769 Agathensis.
852 736 889 762 de
909 735 1014 770 aliquo
1045 743 1091 762 ec-

487 784 658 811 clesiastico
690 784 841 811 beneficio
874 785 912 811 ad
954 785 1092 812 collatio-

487 840 558 860 nem
583 833 707 860 abbatis
731 835 762 859 et
786 834 961 860 conventus
975 840 1096 861 monas-

489 882 558 909 terii
598 882 780 911 (Irassensis,
836 882 1093 909 carcassonensis

488 932 628 965 diocesis,
654 932 827 965 spectante,
857 930 1033 965 provideat.
1086 929 1150 949 ¹⁰m‘
1168 927 1197 948 ¹¹¹

528 986 652 1011 Decano
669 983 814 1010 ecclesiae
824 984 974 1011 Metensis
989 991 1075 1011 man·
1094 980 1099 1020 Ι
1118 985 1176 1012 417
1195 980 1201 1021 Ι
1217 983 1296 1012 2474

487 1034 541 1060 dat
567 1034 603 1060 ut
626 1033 720 1059 Petro
745 1033 782 1059 de
807 1032 943 1065 Nouton,
970 1040 1055 1068 paup
1066 1034 1109 1061 erl

485 1081 594 1108 clerico
622 1081 773 1107 Metensis
801 1081 939 1113 diocesis,
971 1082 1099 1117 aliquod

485 1129 729 1157 ecclesiasticum
741 1130 928 1156 beneficium
942 1130 1097 1167 conferat,

487 1188 498 1202 «
516 1185 587 1205 cum
606 1186 679 1205 cura
698 1178 748 1205 vel
768 1178 833 1205 sine
851 1186 934 1211 cura,
957 1179 996 1206 ad
1029 1179 1089 1206 col-

485 1227 633 1254 lationem
658 1227 708 1253 vel
731 1227 1000 1262 presentationem
1036 1230 1089 1265 ab·

484 1276 568 1303 batis
592 1278 623 1303 et
646 1277 822 1303 conventus
857 1276 1041 1304 monasterii
1063 1283 1088 1304 s.

484 1325 641 1352 Vincentii
663 1325 820 1357 Metensis,
847 1325 963 1352 ordinis
985 1332 1009 1352 S.
1032 1326 1089 1352 Be-

484 1374 611 1407 nedicti,
643 1374 853 1401 communiter
881 1374 933 1400 vel
962 1374 1089 1401 divisim

484 1424 640 1458 spectans,
666 1433 677 1446 ι
699 1423 870 1450 dummodo
894 1423 934 1450 ad
956 1422 988 1449 id
1011 1422 1089 1450 dicti

487 1471 612 1498 abbatis
640 1472 769 1498 accedat
798 1478 951 1499 assensus.
982 1481 993 1496 »

524 1520 694 1547 Percivallo
712 1520 750 1547 de
766 1520 907 1547 Lavania
934 1520 1085 1548 Baiocen-
1109 1516 1115 1557 Ι
1133 1519 1194 1549 255
1213 1519 1220 1560 Ι
1237 1521 1296 1549 518

484 1569 509 1595 si
532 1570 563 1595 et
586 1569 743 1603 Raynerio
767 1569 805 1595 de
828 1568 986 1596 Florentia
1011 1569 1091 1597 Imo-

484 1617 560 1644 lensi
601 1617 765 1647 canonicis,
798 1617 967 1651 capellanis
998 1625 1087 1653 apos-

485 1666 593 1699 tolicis,
631 1666 766 1694 Parisius
798 1666 1084 1700 commorantibus,

483 1717 615 1742 mandat
628 1717 663 1742 ut
673 1715 803 1742 Castrae
816 1715 985 1749 Gualfredi,
1013 1715 1086 1744 Dul-

483 1764 519 1797 ci‚
534 1764 655 1797 Noctio,
670 1764 820 1791 Gualtero
832 1766 864 1791 et
875 1764 1026 1792 Buldroni
1050 1766 1089 1792 de

481 1814 593 1848 Burgo,
629 1814 772 1848 Hugetto
805 1815 837 1840 et
869 1813 1006 1848 Spinello
1039 1814 1093 1848 Sy-

484 1862 629 1895 monetti,
662 1862 828 1889 Donatello
858 1863 890 1888 et
921 1861 1012 1889 Dulci
1041 1864 1099 1890 Oc-

485 1911 613 1943 taviani,
638 1910 763 1945 Hugoni
783 1910 931 1943 Monaldi,
967 1911 1085 1938 ,lohan-

486 1959 517 1986 ni
531 1959 687 1991 Bonaiuti,
706 1959 828 1986 Rusoso
844 1959 1006 1991 Bacarelli,
1029 1961 1083 1987 Jo-

485 2008 580 2035 hanni
612 2007 808 2034 Buiamontis
841 2009 873 2034 et
906 2007 1088 2035 Ranuccino

484 2056 622 2090 Ardingi‚
652 2056 773 2083 civibus
800 2058 833 2083 et
861 2057 1087 2084 mercatoribus

485 2105 681 2137 Florentinis,
697 2105 842 2132 ecclesiae
854 2105 1017 2133 Romanae
1031 2106 1082 2132 de-

483 2154 575 2187 votis,
602 2156 704 2181 certas
728 2154 931 2188 pecuniarum
956 2161 1096 2182 summas

485 2203 602 2230 exsolvi
626 2203 753 2235 faciant,
792 2202 906 2229 eisdem
932 2205 1084 2230 mercato-

483 2252 569 2278 ribus
597 2254 634 2279 ab
665 2251 896 2286 archiepiscopo
925 2252 1080 2279 Senonen-

484 2301 509 2328 si
531 2302 562 2328 et
585 2301 740 2328 nonnullis
763 2300 968 2334 suffraganeis
990 2301 1087 2335 ipsius

485 2357 605 2377 necnon
631 2350 696 2376 aliis
707 2349 854 2383 religiosis
879 2349 1082 2377 secularibus⁵

484 2406 523 2425 ve
556 2399 693 2433 personis
726 2398 857 2425 debitaS.

523 2452 818 2480 Similemandatum
832 2451 941 2478 abbati
957 2452 1046 2478 s.Gc-
1067 2448 1072 2488 Ι
1091 2450 1150 2479 255
1169 2450 1175 2491 Ι
1194 2450 1293 2489 518¹{1}

484 2504 616 2530 noves-ac
636 2500 814 2529 Parisiensis
833 2501 865 2526 et
894 2499 994 2527 eidem
1013 2502 1083 2528 Per·

487 2552 598 2579 civnllo
630 2552 667 2578 de
699 2550 838 2577 Lavania
880 2556 935 2583 pro
969 2549 1083 2577 eisdem

487 2601 711 2628 mercatoribus
737 2598 923 2627 Florentinis
948 2598 991 2635 in,
1015 2607 1084 2633 pro-

488 2650 589 2677 vincia
618 2649 776 2676 Remcnsi.

522 2703 626 2730 Simile
638 2704 823 2730 mandatum
843 2700 960 2728 eisdem
983 2708 1039 2735 pro
1057 2698 1061 2738 Ι
1081 2700 1141 2729 255
1160 2697 1167 2739 Ι
1185 2698 1294 2730 5132er

487 2752 601 2779 eisdem
631 2751 856 2779 mercatoribus
897 2751 1084 2778 Florentinis

491 2801 521 2827 in
552 2801 710 2835 provincia
740 2801 998 2835 Rothomagensi.

526 2849 630 2877 Simile
657 2851 841 2878 mandatum
864 2850 980 2878 eisdem
999 2857 1056 2885 pro
1074 2847 1079 2888 Ι
1096 2846 1155 2877 255
1176 2846 1182 2888 Ι
1200 2849 1287 2876 518¹v

1376 437 1449 466 1264

1378 487 1464 521 janv.
1481 488 1526 515 13.

1459 595 1470 609 1)

1467 2070 1477 2082 ))

1464 2217 1474 2229 ll

1468 2712 1478 2726 ))

1534 438 1660 466 Orvieto.

1680 836 1690 844 ⁸
1718 830 1825 857 Portu.

2288 285 2375 312 rages.
2392 286 2522 310 Numeros.

1719 341 1836 368 eisdem
1864 342 2090 369 mercatoribus
2118 341 2314 375 Florentinis,

1717 390 1748 416 in
1786 390 1948 424 provincia
1986 393 2009 418 T
2014 390 2170 417 uronensi.

1755 439 1859 465 Simile
1887 440 2072 466 mandatum
2119 439 2216 466 isdem
2244 446 2300 474 pro
2318 438 2324 480 Ι
2341 438 2400 468 255
2420 439 2426 480 Ι
2443 441 2526 469 518v

1720 487 1835 514 eisdem
1861 488 2086 514 mercatoribus
2122 488 2317 523 Florentinis,

1738 537 1768 562 in
1803 537 1961 570 provincia
1997 536 2193 564 {lituricensi⁸

1747 585 1851 611 Simile
1891 586 2077 612 mandatum
2111 586 2227 613 decano
2249 587 2281 613 et
2299 582 2305 624 Ι
2323 584 2386 614 256
2406 586 2412 626 Ι
2431 588 2517 616 518v¹

1719 634 1935 661 archidiacono
1958 634 2227 662 Londoniensibus
2249 642 2304 670 pro

1719 683 1832 710 eisdem
1859 683 2023 710 mercatori
2039 691 2084 710 nus
2110 683 2304 717 Florentinis,

1720 732 1751 758 in
1788 732 1949 766 provincia
1984 731 2214 759 cantuariensi.

1757 781 1862 807 Simile
1894 781 2081 808 mandatum
2102 782 2222 808 Jacobo
2246 781 2285 808 de
2301 776 2306 810 1
2324 779 2385 809 256
2404 781 2527 821 1518v¹1

1868 830 2060 857 thesaurario
2100 830 2307 864 Syracusano,

1719 880 1751 905 et
1773 879 1921 910 Thomala,
1947 879 2096 906 canonico
2131 878 2313 913 Fuliginati,

1719 928 1750 954 in
1765 927 1877 961 Anglia
1892 927 2169 958 commorantibus,
2187 934 2242 962 pro
2256 927 2312 955 eis-

1719 977 1790 1003 dem
1814 976 2040 1003 mercatoribus
2065 975 2260 1010 Florentinis,
2286 976 2319 1004 in

1719 1025 1881 1060 provincia
1905 1025 2135 1052 slantuariensi.

1759 1074 1863 1101 Simile
1882 1075 2068 1101 mandatum
2088 1073 2207 1101 Rufino
2225 1074 2263 1101 de
2280 1072 2286 1113 Ι
2303 1071 2366 1102 256
2384 1073 2392 1115 Ι
2408 1076 2468 1105 518
2481 1091 2520 1108 m

1716 1125 1872 1157 Tonengo,
1912 1123 2130 1150 archidiacono
2163 1122 2318 1152 Clivelan-

1719 1172 1788 1199 diae
1821 1172 1852 1199 in
1886 1172 2012 1199 ecclesia
2046 1172 2244 1205 Eboracensi,
2290 1174 2324 1201 et

1718 1221 1868 1255 magistro
1904 1220 2094 1253 Innocentio,
2131 1221 2163 1248 in
2206 1221 2319 1257 Anglia

1717 1269 1992 1302 commorantibus,
2011 1269 2181 1304 capellanis
2196 1271 2321 1305 aposto-

1716 1319 1790 1351 licis,
1835 1326 1891 1353 pro
1933 1319 2048 1346 eisdem
2091 1319 2319 1348 mercatoribus

1718 1367 1914 1400 Florentinis,
1949 1366 1981 1394 in
2012 1367 2174 1402 provincia
2205 1369 2324 1397 Ebora-

1719 1417 1813 1444 censi.

1757 1465 1861 1492 Simile
1883 1465 2070 1493 mandatum
2082 1467 2203 1494 Jacobo
2221 1466 2260 1493 de
2275 1461 2283 1503 Ι
2299 1463 2363 1493 256
2384 1460 2393 1502 Ι
2430 1467 2530 1494 518¹·

1718 1515 1825 1544 Portu,
1871 1515 2065 1542 thesaurario
2108 1515 2314 1550 Syracusano,

1718 1565 1750 1590 et
1779 1564 1928 1592 Thomas.
1960 1564 2110 1592 canonico
2141 1563 2320 1599 Fuliginati,

1718 1620 1773 1647 pro
1799 1613 1915 1639 eisdem
1941 1613 2167 1641 mercatoribus
2192 1613 2317 1641 Floren-

1718 1661 1800 1694 tinis,
1837 1662 1867 1688 in
1899 1661 2060 1696 provincia
2103 1661 2307 1690 Eboracensi.

1754 1715 1859 1742 Simile
1878 1716 2063 1743 mandatum
2087 1715 2290 1750 archiepisco-
2307 1711 2315 1753 Ι
2331 1713 2393 1744 256
2415 1711 2422 1752 Ι
2440 1716 2499 1743 518
2514 1719 2534 1736 Ι

1715 1772 1755 1799 po
1784 1764 1968 1792 Dublinensi
2004 1766 2037 1791 et
2075 1764 2202 1799 Angelo,
2231 1771 2324 1792 eano-

1714 1813 1783 1840 nico
1804 1813 1950 1840 ecclesiae
1969 1820 1993 1840 s.
2015 1813 2131 1841 Mariae
2152 1814 2190 1840 de
2210 1813 2313 1840 Frusi-

1714 1868 1803 1894 none,
1834 1862 2009 1889 Verulanae
2036 1861 2174 1893 diocesis,
2204 1861 2236 1889 in
2264 1861 2320 1888 Hl-

1713 1911 1820 1938 bernia
1851 1911 2068 1943 commoranti,
2103 1917 2159 1945 pro
2192 1910 2309 1938 eisdem

1714 1959 1939 1987 mercatoribus
1961 1959 2157 1992 Florentinis,
2190 1959 2221 1987 in
2245 1966 2316 1994 pro-

1716 2009 1819 2036 vincia
1852 2008 2046 2036 Dublinensi.

1755 2057 1860 2085 Simile
1880 2058 2067 2085 mandatum
2089 2057 2204 2084 eisdem
2220 2064 2276 2092 pro
2294 2055 2301 2097 Ι
2317 2055 2381 2085 256
2401 2055 2408 2097 Ι
2424 2058 2484 2086 518
2498 2061 2533 2078 ¹¹

1713 2107 1827 2134 eisdem
1864 2106 2090 2134 mercatoribus
2115 2106 2314 2140 Florentinis,

1713 2156 1744 2182 iu
1777 2155 1938 2190 provincia
1971 2155 2149 2183 Tuzlmensi.

1752 2204 1855 2230 Simile
1884 2205 2070 2232 mandatum
2084 2204 2198 2231 eisdem
2211 2210 2268 2239 pro
2286 2201 2293 2243 Ι
2310 2201 2372 2232 256
2391 2202 2398 2244 Ι
2415 2204 2474 2232 518
2490 2207 2531 2224 ¹¹¹

1714 2253 1828 2280 eisdem
1860 2253 2086 2281 mercatoribus
2117 2252 2314 2287 Florentinis,

1715 2303 1745 2329 in
1780 2302 1941 2337 provincia
1973 2302 2168 2329 Cassellensi.

1755 2351 1859 2377 Simile
1876 2351 2062 2377 mandalum
2076 2351 2191 2377 eisdem
2207 2358 2264 2385 pro
2281 2348 2287 2389 Ι
2305 2348 2366 2378 256
2384 2349 2391 2391 Ι
2408 2351 2467 2379 518
2479 2354 2531 2381 ¹¹¹1

1715 2400 1829 2426 eisdem
1864 2400 2090 2426 mercatoribus
2123 2399 2320 2433 Florentinis,

1716 2449 1746 2475 in
1787 2449 1949 2482 provincia
1989 2449 2197 2476 Armachana.

1761 2501 1866 2527 Simile
1886 2502 2073 2528 mandatum
2097 2501 2261 2536 archiepis·
2280 2497 2286 2538 Ι
2305 2500 2366 2529 256
2386 2496 2393 2538 Ι
2410 2501 2469 2529 518
2479 2504 2528 2520 ¹¹*

1713 2558 1791 2584 copo
1824 2550 2088 2578 Sancti-Andreae
2114 2558 2169 2584 pro
2194 2550 2310 2578 eis-:lem

1714 2599 1939 2626 mei-caloribus
1968 2599 2162 2626 Florentinis,
2193 2600 2224 2626 in
2252 2606 2308 2626 ro—

1717 2656 1777 2682 gno
1801 2649 1936 2675 scoliae.

1755 2702 1859 2727 Simile
1873 2702 2058 2728 mandatum
2071 2701 2199 2735 episopo
2210 2701 2275 2728 Ma-
2293 2697 2299 2738 Ι
2317 2699 2376 2728 256
2394 2698 2401 2740 Ι
2418 2700 2477 2729 518
2508 2703 2527 2719 v

1713 2750 1871 2784 galoncnsi
1900 2753 1931 2777 ct
1961 2750 2054 2784 priori
2082 2752 2209 2777 sanctae
2248 2749 2320 2777 Ma—

1712 2799 1775 2826 riae
1799 2800 1835 2826 de
1858 2799 1986 2827 ‘sabulis
2020 2800 2057 2826 de
2080 2798 2319 2833 Montepesula-

1714 2856 1762 2881 no,
1785 2848 2014 2882 magalonensis
2029 2848 2164 2880 dioc-esis,
2184 2854 2240 2882 pro
2260 2847 2317 2875 eis-
