2519 3262
224 201 283 230 318

316 282 409 313 1984
765 275 892 308 Orvieto,
916 275 947 302 lsi
964 274 1057 310 juillet
1080 274 1158 301 1204.

259 364 478 398 Archiepiscopo
512 361 681 388 Bituricensi
713 360 832 387 mandat
861 361 892 386 ut
921 358 1095 387 Mastiacum,
1121 357 1230 384 dietum

223 415 312 444 Bloin‚
331 419 485 447 pauperem
502 410 638 437 clericum
656 408 746 444 ipsius
769 408 903 441 diocesis,
931 408 959 434 in
977 407 1098 434 ecclesia
1121 407 1146 432 b.
1170 406 1232 433 Dio-

221 462 296 497 nysii
321 459 528 488 lixoldunensis
546 460 571 485 in
590 458 762 485 canonicum
782 457 834 484 sub
858 456 1071 491 exspectatione
1098 456 1233 490 praeben-

221 513 285 544 dae,
300 510 387 544 recipi
404 509 498 536 faciat.
521 509 599 542 (iti-zo.
616 508 662 540 29,
679 506 726 533 fol.
747 508 799 534 205
815 511 851 537 νο,
874 512 903 532 u⁰
921 506 1011 540 1034.)

262 628 277 647 (t
299 616 535 656 Archiepiscopo
558 614 756 644 Bituriccnsi.
778 614 991 644 Constitutus
1010 613 1042 642 in
1062 611 1232 651 presentia

222 689 270 699 -—.
295 671 418 701 Datum
447 669 536 708 apud
560 667 850 703 Urbemveterem,
879 677 900 696 ιι
929 667 1006 696 idus
1028 666 1120 704 Julii,
1146 673 1232 694 anno

223 724 333 754 tertio.
356 734 369 752 n

315 895 408 925 1985
773 891 898 922 Orvieto,
921 892 950 918 11
970 890 1064 926 juillet
1082 890 1157 917 1204.

257 978 373 1005 Cantori
386 980 414 1005 et
427 977 600 1004 cancellario
616 976 754 1004 ecclesiae
769 976 912 1003 Tullensis
927 976 1044 1002 mandat
1057 976 1088 1001 ut
1104 974 1232 1008 Petrum,

220 1027 330 1054 dictum
350 1027 427 1059 Grin,
445 1027 474 1053 iu
494 1026 709 1061 possessionem
732 1026 911 1060 praebendae
929 1025 956 1051 in
981 1023 1102 1051 ecclesia
1121 1032 1143 1050 s.
1165 1023 1234 1050 Pau·

221 1075 271 1102 lini
288 1075 471 1102 Trevcrensis
488 1075 635 1102 inducant.
651 1074 730 1108 (Rae.
746 1075 790 1106 29,
808 1073 857 1101 sol.
873 1074 924 1100 205
940 1082 978 1103 vo,
994 1078 1025 1099 11⁰
1039 1072 1129 1106 1035.)

262 1195 278 1215 «
306 1209 334 1215 ..
358 1184 488 1220 cantori,
515 1188 542 1213 et
568 1207 574 1213 .
598 1206 603 1212 .
627 1181 812 1212 cancellario
833 1181 953 1211 ecclesie
982 1179 1142 1210 Tullensis.
1167 1179 1235 1210 Sua

220 1237 319 1268 nobis
336 1238 480 1268 dilectus
497 1236 589 1266 filius
603 1237 736 1271 Petrus,
754 1235 864 1265 dictus
880 1234 966 1271 Grin,
987 1233 1167 1264 canonicus
1186 1241 1235 1263 ec-

221 1291 323 1321 clesie
351 1290 457 1321 sancti
476 1289 611 1320 Paulini
629 1288 862 1324 Treverensis,
883 1288 1045 1327 petitione
1067 1287 1230 1317 monstra-

222 1345 269 1374 vit
293 1344 393 1383 quod,
415 1352 491 1374 cuin
514 1342 700 1373 venerabili
727 1342 823 1372 fratri
850 1342 966 1371 nostro
987 1366 992 1371 .
1014 1366 1019 1371 .
1039 1340 1233 1371 Coloniensi

221 1397 486 1436 archiepiscopo,
515 1396 713 1435 providendi
736 1404 796 1434 per
822 1404 857 1425 se
886 1395 939 1425 vel
968 1403 1027 1433 per
1049 1394 1154 1424 alium
1178 1395 1235 1424 aut

222 1451 307 1480 alios
326 1450 435 1480 tribus
459 1449 592 1480 clericis
612 1449 755 1488 ydoneis
776 1449 816 1478 ‹le
835 1448 975 1478 totidem
993 1447 1168 1478 beneficiis
1185 1456 1233 1478 ec-

221 1503 435 1539 clesiasticis,
450 1502 587 1533 cuilibet
605 1511 720 1533 eorum
732 1502 772 1532 de
788 1510 853 1532 uno
871 1501 1045 1535 beneficio,
1065 1501 1105 1531 ad
1123 1501 1234 1539 cujus-

221 1566 352 1596 cunque
389 1557 603 1587 collationem
639 1565 698 1586 seu
733 1556 1019 1594 presentationem
1051 1557 1234 1594 spectante,

222 1610 323 1640 etiam
348 1610 374 1639 si
398 1618 513 1640 curam
532 1609 693 1640 haberent
716 1609 906 1639 animarum
926 1611 958 1639 et
978 1611 1056 1638 tunc
1074 1608 1235 1638 vacabant

225 1664 258 1693 in
282 1663 483 1694 Treverensi
509 1663 644 1693 civitate
668 1662 722 1692 vel
749 1662 887 1698 diocesi,
913 1662 965 1692 vel
983 1662 1235 1701 quamprimum

225 1718 266 1748 ad
282 1717 315 1747 id
332 1727 367 1747 se
386 1717 528 1747 facultas
540 1717 685 1752 offerret,
702 1718 734 1746 et
751 1716 894 1746 faciendi
910 1724 968 1746 eos
982 1716 1014 1745 in
1030 1716 1184 1746 ecclesiis
1202 1716 1237 1745 in

223 1771 347 1809 quibus
370 1771 420 1800 eis
438 1770 683 1809 providendum
701 1770 848 1803 duceret,
869 1769 898 1799 si
920 1769 1095 1808 collegi-ate
1115 1769 1235 1803 forent,

223 1824 256 1854 in
274 1824 453 1854 canonicos
471 1824 575 1862 recipi
593 1825 625 1853 et
644 1824 676 1853 in
694 1823 827 1859 fratres
846 1825 878 1853 et
896 1823 1161 1853 contradictores
1179 1831 1237 1861 per

224 1885 402 1907 censuram
445 1876 722 1913 ecclesiasticam,
764 1876 989 1915 appellatione
1036 1876 1236 1914 postposita,

225 1930 473 1968 compescendi,
497 1930 631 1968 plenam
655 1929 944 1959 concessissemus
966 1938 1025 1968 per
1046 1931 1162 1959 nestas
1186 1929 1236 1959 lit·

226 1985 315 2013 teras
342 1983 546 2017 facultatem,
575 2005 581 2011 .
599 2005 605 2010 .
631 1982 777 2012 decanus
795 1982 969 2017 Metensis,
987 1982 1039 2011 cui
1057 1982 1167 2011 (lictus
1185 1990 1238 2011 ar-

228 2036 464 2074 chiepiscopus
481 2035 697 2064 commiserat
727 2043 829 2073 super
848 2034 908 2064 hoc
929 2035 1019 2064 vices
1043 2043 1133 2067 suas,
1161 2043 1239 2064 eun-
1267 2042 1269 2069 3

225 2089 301 2118 dem
320 2089 459 2118 Petrum
481 2088 514 2118 in
535 2088 624 2118 dicta
638 2088 781 2118 ecclesia
798 2087 906 2117 sancti
925 2087 1059 2117 Paulini
1079 2088 1237 2117 canonice

224 2142 327 2180 recipi
348 2142 425 2172 fecit
442 2141 476 2171 in
492 2141 689 2172 canonicum
707 2142 739 2171 et
756 2141 788 2170 in
804 2140 952 2176 fratrem,
970 2140 1238 2170 auctoritatehu-

221 2195 372 2235 jusmodi
391 2195 593 2230 litterarum,
613 2196 644 2225 et
659 2194 794 2224 tandem
813 2193 880 2223 sibi
896 2196 1069 2224 vacantem
1086 2194 1118 2223 in
1137 2194 1240 2224 eccle·
1269 2225 1270 2235 η

226 2248 277 2278 sia
303 2248 377 2287 ipsa
406 2247 610 2287 prebendam
630 2256 688 2286 per
714 2248 856 2277 mortem
877 2247 1060 2282 Ludowiri,
1087 2247 1238 2285 ejusdem

225 2302 366 2332 ecclesie
393 2301 552 2337 cantoris,
577 2301 674 2330 duxit
699 2301 857 2331 canonice
883 2300 1133 2330 conferendam.
1159 2300 1240 2330 Orta

225 2355 339 2394 itaque
358 2355 444 2385 inter
461 2354 572 2393 ipsum
586 2355 617 2384 et
635 2353 806 2384 Matheum
824 2353 863 2383 de
880 2353 1062 2388 Sarburch,
1077 2352 1241 2392 presbite-

226 2417 301 2438 rum
327 2408 525 2438 canonicum
553 2407 704 2446 ejusdem
729 2406 882 2443 ecclesie,
901 2415 1003 2446 super
1025 2407 1141 2437 eadem
1166 2414 1240 2444 pre-

227 2461 335 2491 benda
360 2461 394 2490 in
423 2470 488 2500 qua
506 2462 647 2499 uterque
663 2460 815 2499 ipsorum
834 2468 869 2490 se
883 2460 939 2499 jus
955 2459 1079 2489 habere
1096 2459 1238 2495 dicebat,

228 2515 370 2545 materia
385 2514 586 2553 questionis,
605 2516 636 2544 et
651 2514 828 2553 questione
839 2513 1035 2552 hujusmodi
1050 2522 1111 2552 per
1127 2513 1240 2552 appel-

227 2568 387 2604 lationem
423 2568 463 2598 ad
493 2568 608 2598 sedem
639 2567 860 2606 apostolicam
888 2567 1039 2606 legitime
1071 2567 1239 2603 devoluta,

229 2621 423 2651 nominatus
447 2621 569 2651 Petrus
596 2622 628 2651 et
650 2621 738 2651 idem
766 2620 944 2660 presbiter,
965 2620 1119 2650 volentes
1136 2620 1242 2651 vitare
1272 2653 1273 2659 χ

228 2673 416 2713 litigiorum
443 2674 625 2707 anfractus,
658 2674 691 2704 in
719 2674 878 2704 dilectum
904 2673 1012 2703 filium
1039 2673 1242 2712 magistrum

1271 2707 1273 2719 t

228 2727 462 2764 Laurentium,
475 2727 691 2758 scolasticum
706 2727 965 2761 Treverensem,
983 2727 1151 2757 notarium
1167 2735 1243 2757 nos-
1272 2755 1273 2766 ¹

227 2782 331 2818 trum,
361 2788 462 2818 super
483 2781 598 2810 eadem
627 2780 797 2819 prebenda
814 2782 846 2811 et
873 2780 946 2819 ejus
970 2780 1148 2816 fructibus,
1172 2782 1242 2810 tan·

229 2842 328 2872 quam
344 2833 375 2862 in
393 2833 569 2869 arbitrum,
588 2833 825 2864 arbitratorem
838 2836 869 2864 et
884 2833 1098 2864 amicabilem
1111 2842 1243 2872 compo-

231 2887 369 2916 sitorem
385 2887 658 2925 compromittere
673 2896 710 2917 ac
723 2896 825 2926 super
837 2887 897 2917 hoc
911 2887 1115 2917 ordinationi
1134 2887 1242 2925 ipsius

973 189 1217 222 REGISTRES
1244 188 1459 220 D’URBAIN
1487 188 1543 218 IV.

1289 272 1414 302 notarii
1426 280 1462 302 se
1479 272 1693 302 summittere
1708 274 1920 308 curaverunt,
1935 272 1974 302 de
1991 271 2201 303 observanda
2218 275 2302 304 ordi-

1290 325 1425 355 natione
1450 324 1559 363 ipsius
1583 325 1706 355 notarii
1724 325 1865 363 prestito
1884 334 1902 355 a
1920 325 2020 355 dictis
2039 326 2140 356 Petro
2157 328 2189 356 et
2211 336 2300 366 pres-

1289 377 1397 408 bitero
1414 378 1635 416 corporaliter
1660 378 1864 416 juramento.
1888 378 1982 408 Idem
2007 380 2119 408 autem
2137 380 2302 415 notarius,

1290 432 1422 469 recepto
1439 430 1632 470 hujusmodi
1651 431 1896 469 compromisso
1914 433 1946 461 et
1967 440 1985 461 a
2002 431 2100 461 nobis
2118 433 2301 468 statuendi,

1262 506 1264 528 t
1290 484 1479 519 ordinandi,
1498 484 1698 522 providendi
1722 486 1754 514 et
1777 484 1967 514 diffiniendi
1989 493 2091 523 super
2113 484 2184 521 hoc,
2205 489 2304 524 prout

1290 536 1355 567 sibi
1368 537 1552 576 expediens
1566 537 1748 573 videretur,
1762 537 1962 568 auctoritate
1979 546 2015 568 ac
2031 537 2131 576 plena
2149 540 2181 568 et
2197 538 2305 569 libera

1289 591 1456 628 potestate
1475 590 1610 621 oraculo
1627 590 1700 620 vive
1715 591 1807 621 vocis
1825 590 1986 627 obtentis,
2005 591 2132 621 audivit
2151 599 2214 630 que
2232 600 2304 630 par-

1289 645 1341 674 tes
1369 644 1549 674 voluerunt
1566 652 1753 682 proponere
1778 652 1890 674 coram
1915 653 1966 680 eo,
1993 646 2025 675 et
2051 645 2141 683 quia,
2169 645 2254 674 visis
2272 649 2304 675 et

1290 697 1387 736 plene
1414 697 1581 727 discussis
1612 697 1748 735 Jurilms
1777 697 1955 736 utriusque
1992 698 2110 736 parim,
2144 698 2175 728 ei
2207 698 2305 737 plene

1290 750 1442 781 constitit
1467 750 1556 789 quod
1575 750 1727 788 predicta
1751 750 1921 789 prebenda
1945 751 2032 781 dicto
2060 751 2160 780 Petro
2184 751 2307 781 collata

1290 803 1411 840 fuerat,
1441 804 1640 834 auctoritate
1664 803 1855 834 litterarum
1873 804 2114 843 predictarum,
2141 813 2200 843 per
2221 813 2306 843 quas

1291 856 1392 887 etiam
1416 856 1559 887 debebat
1582 856 1725 895 preferri
1749 856 1907 887 omnibus
1934 857 2080 895 receptis
2098 857 2133 886 in
2151 857 2240 887 dicta
2256 866 2304 888 ec-

1290 910 1405 944 clesia,
1423 910 1622 940 auctoritate
1637 909 1826 949 legatorum
1842 910 1952 948 ipsius
1967 910 2059 940 sedis
2072 912 2104 940 et
2119 912 2213 940 motu
2232 919 2306 949 pro-

1290 963 1364 1002 prio
1383 963 1523 1002 capituli
1540 963 1628 993 dicte
1644 962 1785 993 ecclesie
1799 963 1833 993 in
1850 964 2063 993 assecutione
2075 963 2256 1002 prebende,
2274 965 2306 994 et

1290 1016 1380 1055 quod
1396 1016 1507 1047 dictus
1524 1016 1692 1055 presbiter
1708 1017 1741 1046 in
1760 1016 1890 1056 prefata
1907 1017 2051 1047 ecclesia
2065 1019 2220 1056 receptus
2235 1020 2307 1048 erat

1291 1071 1384 1100 motu
1407 1070 1544 1109 proprio
1564 1070 1674 1108 ipsius
1701 1070 1854 1108 capituli,
1881 1070 2037 1109 quamvis
2061 1070 2134 1109 ejus
2158 1070 2306 1108 receptio

1290 1124 1381 1153 esset
1409 1131 1468 1162 per
1496 1123 1610 1153 sedem
1636 1123 1859 1162 apostolicam
1887 1123 2095 1160 confirmata,
2124 1123 2304 1158 ordinavit,

1291 1176 1411 1206 statuit
1425 1178 1457 1207 et
1471 1176 1631 1215 providit,
1643 1177 1843 1207 auctoritate
1860 1185 1896 1207 ac
1913 1178 2080 1215 potestate
2093 1176 2157 1207 sibi
2173 1185 2191 1207 a
2207 1176 2306 1207 nobis

1291 1229 1326 1260 in
1345 1229 1404 1260 hac
1421 1231 1516 1269 parte
1535 1230 1740 1266 commissiS,
1759 1230 1848 1269 quod
1869 1230 1959 1260 idem
1977 1231 2099 1260 Petrus
2119 1230 2306 1269 predictam

1290 1282 1510 1322 prebendam,
1527 1292 1602 1313 cum
1621 1283 1755 1322 juribus
1769 1285 1800 1313 et
1823 1283 2039 1322 pertinentiis
2059 1284 2142 1318 suis,
2156 1283 2305 1317 haberet,

1291 1338 1322 1368 et
1338 1336 1504 1367 obtineret
1529 1345 1565 1367 ac
1588 1336 1778 1375 possideret
1800 1337 1936 1376 pacifice
1955 1338 1985 1367 et
2005 1337 2130 1376 quiete,
2151 1346 2252 1376 super
2268 1346 2307 1368 ea

1291 1389 1380 1420 dicto
1414 1389 1603 1428 presbitero
1637 1392 1838 1428 perpetuum
1880 1389 2055 1420 silentium
2091 1389 2307 1428 imponendo,

1292 1444 1391 1481 prout
1411 1443 1444 1473 in
1471 1443 1696 1473 instrumento
1723 1442 1858 1481 publico
1878 1443 1955 1473 inde
1975 1443 2139 1479 confecto,
2157 1443 2308 1482 sigillato

1293 1495 1407 1535 sigillo
1435 1496 1515 1526 dicti
1535 1496 1671 1531 notarii,
1690 1496 1826 1535 plenius
1845 1496 1968 1526 dicitur
1984 1496 2162 1533 contineri,
2179 1505 2308 1535 nosque

1294 1549 1383 1588 quod
1398 1558 1499 1588 super
1515 1549 1576 1579 hoc
1587 1549 1627 1579 ab
1641 1549 1758 1579 eodem
1772 1549 1904 1579 notario
1922 1549 2046 1579 factum
2061 1550 2186 1586 extitit,
2199 1553 2308 1580 ratum

1266 1597 1267 1614 ³
1293 1605 1325 1634 et
1352 1603 1487 1633 firmum
1508 1603 1672 1633 habentes
1695 1612 1732 1632 ac
1751 1602 1785 1632 id
1806 1603 2007 1633 auctoritate
2027 1603 2213 1641 apostolica
2230 1611 2308 1633 con-

1294 1656 1481 1692 firmantes,
1509 1656 1604 1686 vobis
1629 1656 1755 1686 nostris
1772 1656 1928 1686 dedimus
1949 1656 2074 1686 litteris
2092 1656 2125 1685 in
2140 1656 2308 1686 mandatis

1295 1712 1330 1741 ut
1355 1719 1414 1740 vos
1433 1710 1485 1740 vel
1512 1710 1597 1740 alter
1621 1712 1784 1745 vestrum,
1808 1718 1867 1748 per
1894 1718 1954 1740 vos
1975 1709 2027 1739 vel
2045 1718 2104 1748 per
2121 1709 2226 1740 alium
2253 1711 2310 1739 aut

1295 1764 1394 1798 alios,
1412 1763 1496 1793 illud
1517 1763 1707 1794 executioni
1720 1763 1838 1793 debite.
1850 1763 2106 1798 demandantes,
2121 1763 2309 1802 predictum

1295 1817 1433 1847 Petrum
1452 1817 1505 1846 vel
1525 1818 1778 1855 procuratorem
1798 1825 1910 1850 suum,
1929 1816 2002 1854 ejus
2019 1816 2167 1850 nomine,
2184 1816 2218 1845 in
2237 1824 2309 1845 cor-

1296 1871 1446 1909 poralem
1462 1870 1716 1909 possessionem
1727 1870 1814 1899 dicte
1825 1869 2006 1908 prebende,
2019 1871 2130 1900 amoto
2142 1869 2182 1899 ab
2192 1878 2230 1899 ea
2240 1878 2310 1908 pre-

1267 1914 1268 1944 3
1297 1923 1364 1954 fato
1393 1923 1582 1962 presbitero
1602 1926 1630 1953 et
1660 1923 1811 1962 quolibet
1830 1923 1895 1953 alio
1915 1923 2034 1953 illicito
2050 1923 2235 1956 detentore,
2260 1923 2308 1952 in-

1296 1977 1466 2007 duceretis
1481 1979 1511 2006 et
1526 1976 1753 2006 defenderetis
1765 1976 1950 2006 inductum.
1963 1976 2236 2006 Contradictores
2246 1978 2307 2005 etc.

1295 2030 1336 2059 Et
1354 2029 1432 2059 licet
1449 2038 1519 2064 vos,
1540 2029 1573 2058 in
1592 2029 1790 2058 executione
1816 2029 1964 2058 mandati
1985 2028 2179 2068 hujusmodi
2198 2037 2310 2067 prore-

1296 2083 1426 2117 dentes,
1443 2082 1569 2111 <lictum
1590 2082 1728 2111 Petrum
1758 2082 1790 2111 in
1816 2082 2025 2120 corporalem
2055 2082 2308 2120 possessionem

1296 2135 1463 2174 prebende
1484 2135 1708 2164 induxissetis
1733 2135 1896 2173 ejusdem,
1921 2135 2000 2173 quia
2023 2137 2136 2165 tamen
2162 2135 2310 2165 nonduin

1297 2189 1406 2227 ipsius
1421 2188 1588 2226 prebende
1600 2188 1706 2226 potuit
1720 2188 1893 2227 pacificam
1908 2189 2162 2227 possessionem
2175 2188 2309 2224 babere,

1297 2242 1338 2271 ad
1355 2250 1416 2271 nos
1440 2250 1609 2271 recurrere
1627 2241 1735 2271 denuo
1757 2243 1807 2271 est
1825 2243 1972 2271 coactus.
1991 2241 2157 2277 Quocirca
2175 2242 2309 2272 manda-

1298 2304 1373 2325 mus
1395 2295 1568 2333 quatinus,
1591 2295 1619 2324 si
1636 2297 1685 2325 est
1702 2295 1758 2330 ita,
1782 2295 1924 2325 eundem
1948 2295 2087 2325 Petrum
2107 2295 2140 2325 in
2158 2295 2310 2334 ejusdem

1298 2348 1465 2387 prebende
1480 2349 1745 2387 possessionem,
1759 2348 1857 2387 juxta
1871 2351 2023 2379 tenorem
2040 2349 2189 2379 mandati
2204 2349 2311 2379 nostri

1297 2402 1339 2432 ad
1365 2410 1424 2431 vos
1442 2401 1573 2438 directi,
1599 2401 1767 2432 inducatis
1791 2403 1823 2431 et
1846 2401 2036 2432 defendatis
2058 2401 2243 2438 inductum,
2266 2402 2312 2432 sa-

1270 2459 1271 2484 1
1298 2455 1425 2485 cientes
1452 2455 1563 2493 ipsum
1590 2455 1718 2494 prefate
1743 2454 1910 2494 prebende
1932 2455 2071 2493 pacifica
2096 2455 2312 2494 possessione

1298 2509 1453 2548 gaudere.
1484 2508 1757 2539 Contradictores
1785 2510 1860 2544 etc„
1887 2517 1952 2539 non
1976 2508 2130 2539 obstante
2153 2509 2243 2548 quod
2260 2526 2308 2540 —.

1299 2562 1424 2592 Datum
1442 2562 1530 2601 apud
1547 2561 1837 2598 Urbemveterem,
1852 2571 1871 2591 v
1885 2561 2060 2601 idusjulii,
2072 2570 2158 2592 anno
2172 2562 2282 2593 tertio.
2298 2573 2312 2591 n

1394 2754 1489 2785 198ss
1877 2752 2004 2785 orricio,
2022 2753 2039 2779 ὃ
2051 2751 2146 2787 juillet
2163 2751 2239 2778 1264.

1336 2842 1475 2876 Episcopo
1492 2841 1716 2868 ilarcliinoncnsi
1731 2841 1859 2876 indulget
1877 2844 1906 2867 ut
1923 2841 1982 2875 ipse
1997 2843 2023 2867 et
2040 2840 2136 2868 clerici
2157 2841 2247 2874 ipsius
2264 2848 2312 2874 per

1300 2891 1458 2924 triennum,
1475 2892 1543 2917 dum
1565 2891 1668 2917 Terrae
1688 2890 1807 2917 Sanctae
1823 2889 1951 2917 subsidio
1965 2889 2143 2925 {institerint,
2163 2889 2314 2916 beneficio-
