2519 3262
234 230 291 259 180

234 315 443 353 impetrando
471 323 528 353 per
553 316 584 344 te
600 314 652 344 vel
678 323 736 352 per
758 313 863 344 alium
889 316 1004 344 contra
1025 314 1086 345 hoc
1107 314 1241 345 litteras

233 368 437 406 apostolicas
458 377 515 397 nee
532 367 855 406 utendoimpetratis
872 367 923 397 vel
939 367 1040 397 etiam
1058 368 1243 406 impetran-

235 421 298 457 dis,
320 421 519 451 auctoritate
532 420 741 458 presentium
759 420 987 459 indulgemus,
1006 423 1036 451 te
1055 421 1243 450 nichilomi-

235 482 298 504 nus
324 473 364 503 ab
394 473 607 503 observantia
625 473 895 511 juramentorum
917 473 1109 511 hujusmodi
1128 473 1241 503 absol-

238 527 342 557 vendo
359 527 398 557 de
415 527 599 565 apostolice
618 526 826 564 plenitudine
843 527 1032 565 potestatis.
1054 527 1147 557 Nulli
1166 535 1243 565 ergo

236 581 349 610 nostre
377 579 605 609 concessionis
629 581 661 609 et
682 579 908 609 absolutionis
925 580 986 609 etc.
1009 580 1132 609 Datum
1155 580 1243 618 apud

236 632 522 668 Urbemveterem,
544 632 699 662 kalendis
718 631 891 669 februarii,
913 641 999 663 anno
1019 633 1152 663 tertio.»

328 822 422 852 ¹327

797 821 920 852 Orviem,
937 821 953 847 ‚2
972 820 1075 847 sex-rior
1096 821 1174 847 1262.

272 905 410 940 Episcopo
432 907 459 932 et
480 905 605 940 capitulo
628 905 854 940 Vapincensibus
878 905 1003 940 indulget
1029 908 1055 931 ut
1079 905 1244 940 Lagei-iuni,

235 954 517 989 archipresbyterum
536 954 756 981 christianitatis
774 955 808 980 de
832 955 960 985 llemeta,
980 954 1166 989 Vapincensis
1187 955 1246 981 (lio-

235 1003 320 1031 cesis.
336 1004 362 1030 in
378 1003 499 1030 ecclesia
516 1003 686 1037 Vapincensi
703 1003 730 1029 in
747 1003 916 1030 canonicum
939 1003 1087 1038 recipiant.
1110 1004 1188 1037 (lim.
1200 1004 1245 1038 29,

237 1052 283 1079 sol.
307 1053 414 1086 115‚11·²
429 1054 505 1085 377.)

279 1174 292 1193 ι(
312 1164 464 1204 Episcopo
487 1169 513 1193 el
530 1164 648 1194 dileclis
662 1164 737 1204 filiis
753 1164 889 1205 capitulo
916 1165 1165 1206 Vapinccnsilms.
1184 1166 1247 1196 Per

238 1219 324 1253 tuas,
352 1218 456 1248 frater
471 1236 519 1248 —.
542 1218 665 1248 Datum
686 1219 772 1257 apud
789 1218 1078 1254 Urbemveterem,
1100 1229 1121 1248 ιι
1140 1229 1246 1249 nonas

239 1270 412 1307 februarii,
431 1280 516 1301 anno
535 1271 644 1301 tertIO.
666 1282 680 1299 η

329 1459 425 1489 1328

789 1458 913 1491 Orvieto,
929 1459 960 1485 21
977 1458 1082 1485 sevrier
1099 1459 1175 1485 1264.

275 1542 385 1568 lleeano
408 1541 547 1568 ecclesiae
568 1550 590 1568 s.
608 1541 744 1568 Johanuis
770 1541 797 1568 in
814 1543 906 1577 llurgu
932 1543 1110 1569 llaudunensi
1128 1544 1247 1570 mandat

240 1592 266 1617 ut
288 1590 459 1623 magistrum
475 1591 621 1617 Nicolaum
632 1592 666 1617 de
685 1591 815 1625 Vigneto.
827 1591 997 1618 canonicum
1015 1592 1250 1626 Laudunensem,

239 1639 417 1674 capellanum
435 1639 634 1674 apostolicum,
649 1640 677 1666 iu
695 1640 906 1674 possessionem
920 1642 1021 1667 domus
1040 1649 1088 1667 seu
1105 1641 1249 1676 prioratus

239 1689 272 1715 de
294 1689 413 1723 Vigneto
432 1688 538 1715 mittat.
556 1689 635 1716 (Rae.
650 1690 693 1716 29.
714 1689 762 1716 l'ol.
780 1690 838 1721 115,
856 1694 887 1716 n⁰
905 1690 980 1717 378.»

281 1811 295 1829 u
315 1800 432 1829 lun-mm
463 1799 583 1829 ecclesie
606 1811 630 1829 s.
663 1800 812 1831 Jolzannis
848 1801 876 1829 in
907 1801 1009 1840 Buryo
1040 1801 1246 1832 Laudunensi.

240 1854 357 1884 Multis
369 1853 546 1884 ecclesiam
566 1854 599 1884 in
616 1872 664 1884 —.
683 1854 769 1884 Hine
785 1856 833 1885 est
851 1855 939 1893 quod
960 1864 1031 1890 nos,
1048 1856 1249 1894 promptitu-

241 1907 352 1936 dinem
387 1908 575 1937 devotionis
617 1907 731 1937 dilecti
763 1908 824 1937 filii
854 1908 1007 1945 magistri
1038 1909 1169 1938 Nicolai
1209 1909 1248 1939 de

240 1960 395 1998 Yigneto,
421 1960 572 1990 canonici
602 1961 851 1997 Laildunensis,
879 1961 1044 1999 <apollani
1074 1962 1193 1998 nostri,
1217 1964 1247 1993 et

241 2014 361 2043 merita
388 2013 588 2052 multiplicis
614 2013 793 2052 probitatis
820 2014 944 2053 quibus
974 2014 1062 2044 idem
1087 2015 1250 2054 magister

241 2066 502 2096 benivolentiam
529 2068 678 2097 nostram
709 2069 738 2097 et
775 2067 959 2105 apostolice
994 2067 1084 2097 sedis
1105 2069 1247 2105 gratiam

242 2119 376 2155 meruit,
390 2122 420 2150 et
449 2119 612 2158 obsequia
631 2129 693 2158 que
708 2120 834 2159 jugiter
851 2119 948 2149 nobis
970 2120 1131 2158 impendit
1150 2121 1183 2150 in
1201 2121 1249 2150 di-

241 2172 325 2202 lecto
344 2172 413 2202 tilio
428 2174 543 2202 nostro
557 2173 607 2207 A.,
624 2172 716 2202 tituli
734 2182 761 2201 s.
783 2172 946 2202 Praxedis
963 2172 1162 2212 presbytero
1179 2182 1247 2203 ear-

241 2226 357 2262 dinali,
383 2225 478 2264 eujus
509 2225 625 2256 existit
651 2226 891 2256 commensalis
916 2225 1133 2261 domesticus,
1146 2229 1250 2257 atten-

241 2278 368 2314 dentes
389 2278 497 2317 ipsius
513 2278 665 2317 magistri
680 2280 711 2308 et
725 2278 875 2317 ejusdem
893 2279 1075 2309 cardinalis
1094 2279 1250 2317 precibus

242 2331 404 2367 inelinati,
431 2331 567 2361 domum
588 2340 647 2361 seu
669 2331 856 2370 prioratum
877 2332 917 2361 ‹le
938 2331 1093 2371 Vigneto‚
1118 2333 1249 2362 Laudu-

240 2384 356 2414 nensis
384 2384 541 2419 diocesis,
561 2384 602 2414 ad
618 2384 758 2414 dilectos
776 2384 865 2414 filios
885 2384 1039 2415 abbatem
1060 2387 1091 2415 et
1108 2394 1248 2415 conven-

240 2438 309 2467 tum
345 2437 542 2467 monasterii
570 2446 595 2466 s.
631 2437 779 2467 Medardi
812 2438 1082 2473 suessionensis,
1119 2439 1249 2468 ordinis

241 2498 268 2520 s.
299 2490 484 2523 Benedicti„
515 2491 732 2528 spectantem,
761 2499 825 2529 que
848 2491 888 2521 ad
913 2499 1066 2530 presens
1095 2492 1129 2521 ut
1161 2492 1248 2522 idem
1274 2502 1275 2507 ¹

241 2543 402 2581 magister
426 2543 560 2579 asserit,
582 2552 642 2582 per
659 2552 762 2574 unum
783 2544 961 2575 dumtaxat
981 2545 1180 2574 monachum
1202 2555 1247 2575 re-

240 2596 341 2635 gitur,
356 2605 430 2626 cum
450 2596 606 2626 omnibus
623 2597 838 2635 pertinentiis
855 2597 940 2634 suis,
959 2597 1108 2636 predicto
1128 2598 1249 2637 magis-
1274 2606 1275 2629 ι

240 2650 291 2679 tro
310 2649 494 2688 apostolica
513 2650 711 2681 auctoritate
729 2651 946 2687 contulimus,
967 2651 1100 2690 sibique
1118 2652 1157 2681 de
1175 2652 1249 2691 ipso

240 2702 280 2732 de
298 2702 405 2740 gratia
423 2702 633 2740 providimus
648 2703 800 2742 speciali,
813 2703 853 2733 ab
869 2712 919 2739 eo,
938 2704 1098 2742 quamdiu
1112 2704 1247 2741 vixerit,

241 2756 426 2791 retinenda,
458 2756 608 2787 volentes
635 2760 669 2788 ut
695 2757 783 2788 idem
801 2758 984 2789 monachus
1005 2759 1045 2789 ad
1063 2759 1249 2790 claustrum
1275 2749 1276 2756 ¹

240 2809 391 2847 ejusdem
422 2811 618 2840 monasterii
641 2812 828 2841 revertatur
845 2813 875 2842 et
898 2812 1008 2842 dictus
1033 2813 1194 2851 magister
1218 2813 1249 2843 in
1275 2834 1277 2842 ⁴

240 2863 356 2893 eadem
386 2863 484 2893 domo
512 2872 571 2894 seu
588 2864 739 2902 prioratu
766 2865 866 2896 faciat
890 2874 948 2904 per
974 2865 1142 2904 ydoneum
1164 2867 1250 2897 vica-

241 2916 328 2946 rium
355 2916 532 2946 deserviri.
558 2917 633 2947 Non
659 2917 811 2948 obstante
835 2918 863 2949 si
882 2937 929 2948 —.
947 2918 1110 2954 Quocirca
1124 2920 1247 2951 discre-
1274 2946 1277 2955 ,

978 228 1220 260 REGISTRES
1248 229 1462 260 D'URBAIN
1494 229 1550 260 IV.

1295 314 1378 345 tioni
1408 315 1463 344 tue
1482 314 1682 344 mandamus
1701 315 1867 352 quatenus
1885 313 2011 343 dietum
2032 313 2236 352 magistrum
2254 314 2306 344 vel

1294 369 1546 406 procuratorem
1565 376 1677 402 suum,
1689 367 1761 406 ejus
1778 365 1926 402 nomine,
1938 374 1998 404 per
2012 367 2044 396 te
2057 366 2110 396 vel
2127 374 2186 404 per
2202 366 2307 397 alium

1295 428 1354 450 seu
1375 420 1462 450 alios
1479 421 1510 450 in
1539 420 1791 458 possessionem
1815 419 1903 449 dicte
1919 419 2040 448 domus
2061 427 2120 449 seu
2136 419 2307 457 prioratus

1295 475 1327 503 et
1352 473 1634 511 pertinentiarum
1662 472 1868 511 hujusmodi,
1890 473 2001 502 amoto
2018 471 2059 501 ab
2075 480 2114 502 ea
2129 471 2218 502 dicto
2238 481 2307 502 mo-

1296 526 1400 556 nacho
1419 529 1449 555 et
1473 525 1624 564 quolibet
1645 526 1711 556 alio
1731 526 1916 560 detentore,
1935 525 2076 554 inducas
2094 526 2125 554 et
2147 524 2310 555 defendas

1297 579 1484 609 inductum.
1517 579 1591 609 Non
1617 578 1830 609 obstantibus
1862 595 1912 607 —.
1947 578 2221 608 Contradictores
2245 581 2306 608 etc.

1299 640 1406 670 usque
1436 632 1690 670 compescendo.
1723 632 1793 662 Nos
1823 631 1962 669 insuper
1993 631 2128 660 irritum
2161 648 2211 659 —.
2244 631 2309 661 Da-

1297 687 1367 715 tum
1391 685 1478 723 apud
1509 684 1797 721 L'rbemveterem‚
1829 694 1845 713 x
1871 683 2034 714 kalendas
2071 683 2196 718 martii.
2223 691 2310 714 anno

1297 737 1409 767 tertio.
1425 746 1442 766 »

1392 930 1484 961 {329
1843 927 1968 959 Orvieto,
1989 928 2019 955 19
2040 927 2144 955 sevrier
2163 929 2239 955 126¹».

1334 1013 1470 1048 Magistro
1496 1012 1612 1039 Nic-oleo
1636 1013 1669 1038 de
1697 1012 1830 1045 Vigneto,
1857 1012 1995 1039 canonico
2026 1012 2216 1043 Laudunensi,
2235 1021 2312 1040 com·

1301 1062 1423 1088 mensali
1442 1061 1601 1088 domestico
1617 1061 1660 1092 A„
1676 1061 1752 1088 tituli
1773 1070 1795 1088 s.
1817 1061 1951 1088 Praxedis
1969 1061 2129 1096 presbyteri
2145 1061 2312 1094 cardinalis,

1298 1111 1416 1137 domum
1434 1118 1483 1137 seu
1498 1110 1656 1145 prioratum
1672 1111 1705 1136 de
1720 1110 1853 1144 Vigneto,
1867 1110 1901 1136 ad
1919 1109 2127 1137 monasterium
2145 1119 2168 1137 S.
2187 1110 2311 1137 Medardi

1300 1159 1514 1186 suessionvnsis
1543 1161 1734 1194 spectantem,
1770 1158 1890 1186 conseri.
1923 1159 2002 1193 (nso.
2040 1160 2083 1190 29,
2115 1159 2163 1186 sol.
2192 1161 2242 1187 115
2272 1165 2311 1194 τ’,

1299 1214 1329 1235 n⁰
1343 1210 1418 1239 379.)

1341 1328 1358 1349 ((
1375 1318 1521 1358 rllayistiv
1548 1317 1677 1347 Xicolao
1704 1318 1739 1347 de
1772 1318 1908 1358 Viyneto,
1931 1318 2078 1347 canonico
2104 1317 2312 1355 Laudanensi,

1301 1371 1458 1412 capellano
1478 1377 1591 1401 nostro.
1613 1371 1730 1402 Multis
1748 1371 1925 1402 ecclesiam
1945 1373 2007 1402 ete.
2027 1388 2064 1393 —
2083 1372 2208 1402 Datum
2227 1372 2315 1411 apud

1301 1425 1590 1462 Urbemveterem,
1611 1434 1656 1454 x11
1675 1425 1838 1455 kalendas
1855 1425 1981 1460 martii,
2001 1434 2087 1456 anno
2102 1425 2213 1456 tertio.
2233 1434 2249 1454 »

1394 1617 1489 1648 1330
1856 1615 1980 1641 Orvieto.
1998 1614 2028 1641 13
2046 1614 2150 1641 fevrier
2164 1614 2242 1641 1264.

1338 1709 1593 1744 Areliipresbytero
1620 1709 1711 1743 plebis
1735 1717 1758 1736 s.
1778 1707 1854 1735 Petri
1872 1709 1906 1735 de
1928 1707 2094 1739 Cavilliano,
2112 1706 2236 1742 Reginae
2251 1707 2315 1734 dio-

1303 1759 1388 1790 cesis,
1406 1759 1523 1785 mandat
1539 1761 1566 1785 ut
1593 1758 1687 1788 l‘etro,
1712 1758 1788 1784 dicto
1807 1758 1951 1792 capr-otto,
1967 1756 2107 1783 canonico
2128 1756 2314 1789 Bononiensi,

1301 1808 1449 1842 capellano
1472 1807 1640 1842 apostolico,
1667 1807 1786 1834 obtentu
1803 1808 1846 1839 A„
1862 1806 1939 1833 tituli
1957 1815 1981 1834 s.
2002 1806 2136 1833 l‘raxedis
2154 1805 2314 1840 presbyteri

1302 1859 1326 1883 et
1345 1858 1388 1884 O..
1413 1866 1434 1884 s.
1452 1856 1568 1883 Adriani
1585 1857 1695 1883 diaconi
1715 1855 1917 1887 cardinalium,
1934 1856 1968 1882 de
1987 1858 2142 1890 personatu
2158 1854 2203 1881 vel
2223 1855 2317 1889 digni-

1301 1908 1360 1932 tate
1390 1906 1416 1932 in
1444 1906 1560 1932 civitate
1592 1905 1634 1932 vel
1659 1905 1764 1931 uim-esi
1792 1904 1977 1937 Bononiensi,
2005 1903 2162 1931 cathedrali
2191 1903 2314 1930 ccclesia

1302 1955 1450 1981 dumtaxat
1469 1957 1597 1988 excepta.
1616 1954 1773 1988 provideat.
1793 1954 1873 1988 (Res.
1891 1953 1936 1980 29.
1954 1953 2003 1980 fol.
2027 1954 2076 1980 115
2092 1959 2130 1986 w,
2149 1958 2178 1979 η’
2193 1953 2270 1981 380.)

1343 2074 1357 2092 «
1380 2063 1644 2103 ,lrcleipreshilero
1661 2062 1757 2102 plebis
1775 2073 1797 2092 s.
1825 2062 1911 2092 Petri
1935 2062 1971 2092 (Ie
1993 2061 2179 2097 Cavilliano,
2203 2061 2316 2102 Reyine

1302 2117 1437 2146 diocesis
1469 2117 1638 2147 Personas
1672 2116 1899 2147 benemeritas
1935 2115 2084 2146 brachiis
2114 2135 2164 2146 —.
2188 2116 2313 2146 Datum

1303 2170 1390 2209 apud
1408 2170 1700 2204 Urbemveterem,
1719 2170 1795 2200 idus
1816 2168 1990 2203 februarii,
2009 2177 2096 2199 anno
2114 2169 2224 2200 tertio.
2247 2180 2261 2197 u

1393 2354 1485 2385 1331

1840 2350 1967 2382 Orvieto,
1988 2351 2022 2378 :25
2034 2350 2147 2386 jam-ier
2167 2350 2244 2378 1264.

1339 2437 1475 2472 Magistro
1492 2436 1607 2471 Egidio,
1629 2435 1787 2471 granitario
1804 2435 1941 2463 ecclesiae
1959 2445 1983 2463 s.
1998 2435 2114 2463 Martini
2131 2435 2316 2469 Turonensis,

1304 2487 1421 2513 mandat
1437 2488 1476 2520 ut,
1499 2495 1514 2512 n
1531 2486 1671 2521 magistro
1691 2485 1820 2512 Johauue
1840 2486 1873 2512 de
1890 2494 1914 2512 s.
1933 2485 2087 2517 Mederico,
2106 2484 2244 2512 ecclesiae
2258 2485 2318 2512 Au·

1302 2535 1472 2562 relianensis
1496 2535 1644 2563 canonico,
1665 2534 1858 2569 resignatione
1888 2537 2016 2569 recepta,
2045 2534 2178 2561 eumdem
2201 2533 2317 2561 canoni-

1302 2587 1398 2611 catum
1431 2584 1571 2618 magistro
1603 2584 1760 2618 ltegiualdo
1789 2584 1823 2610 de
1845 2583 2006 2610 Ramilliari
2039 2583 2144 2610 clerico
2175 2582 2316 2610 conterat.

1301 2634 1384 2669 tileo.
1405 2635 1449 2665 2²9,
1467 2633 1514 2660 sol.
1536 2634 1594 2666 llo,
1617 2633 1735 2667 112381.)

1342 2754 1358 2775 (<
1376 2744 1524 2783 Muqt'slro
1547 2743 1674 2784 Eyidio,
1700 2744 1873 2784 φῚιιιίΙαι-ἰο
1895 2743 2018 2773 ecclesie
2033 2753 2057 2773 s.
2076 2742 2206 2772 Martini
2222 2742 2317 2772 Turo-

1304 2798 1414 2827 nensis.
1439 2799 1504 2828 Pro
1533 2797 1696 2827 laudabili
1714 2797 1910 2828 testimonio
1928 2813 1977 2827 -.
1994 2797 2118 2827 Datum
2148 2796 2236 2835 apud
2255 2796 2316 2827 Ur-

1303 2850 1544 2887 bemveterem,
1563 2860 1620 2881 vni
1639 2850 1802 2881 kalendas
1821 2850 1996 2886 februarii,
2017 2858 2104 2880 anno
2123 2849 2234 2880 tertio.
2253 2857 2270 2878 ιι
