2519 3262
985 249 1223 288 TRoisnleE
1250 248 1413 286 ANNEE.

164 344 348 383 apostolice
377 352 604 380 reservamus,
621 343 841 374 decernentes
864 343 996 372 irritum
1025 342 1056 371 et
1076 341 1174 371 inane

165 398 193 428 si
209 406 308 428 secus
324 398 364 428 de
393 397 591 427 canonicatu
608 397 682 435 ipso
705 405 741 426 ac
757 395 951 434 hujusmodi
968 396 1106 425 vacante
1120 393 1171 424 vel

164 451 323 480 vacatura
341 449 522 489 prebenda.
543 451 659 480 contra
685 448 913 483 collationem,
932 446 1173 486 provisionem,

164 503 414 539 investituram,
438 502 704 533 reservationem
730 503 761 532 et
788 501 960 531 decretum
979 499 1173 538 huJusmodi

165 556 353 595 apostolica
379 556 432 586 vel
460 556 581 595 quavis
610 555 809 585 auctoritate
834 554 900 583 alia
927 552 1106 590 contigerit
1133 551 1174 581 ab

166 610 281 649 aliquo
307 609 515 648 attemptari.
539 609 613 639 Non
636 607 849 638 obstantibus
872 624 920 642 —-.,
944 614 1003 635 seu
1029 605 1118 644 quod
1138 606 1174 634 tu

164 663 342 695 ecclesiam
361 663 402 693 de
418 662 499 693 Tois
525 662 668 692 obtines.
694 661 820 691 Datum
846 659 934 698 apud
960 658 1176 690 Urbemvete-
1201 694 1202 697 Ἴ

165 725 249 753 rem,
269 725 352 746 xviu
371 715 533 746 kalendas
553 714 767 753 septembris,
787 721 874 743 anno
890 713 1002 743 tertio.
1019 720 1034 740 »

256 875 353 906 2089
744 870 868 903 Orvieto,
889 870 922 897 19
938 872 1003 896 aout
1026 869 1102 896 1264.

201 958 306 984 Abbati
332 965 356 984 s.
383 956 506 984 Cornelii
533 955 784 990 Compendiensis.
810 955 1026 982 Suessionensis
1042 954 1175 986 diocesis,

166 1007 285 1033 mandat
307 1008 338 1033 ut
368 1005 540 1040 Sagalonem
569 1005 782 1039 presbyterum,
806 1007 951 1031 rectorem
977 1003 1114 1030 ccclesiae
1142 1004 1176 1030 de

167 1055 241 1085 Tois‚
257 1054 459 1082 Ambianensis
473 1054 607 1085 diocesis,
625 1054 654 1080 in
666 1053 836 1080 canonicum
851 1053 989 1080 ecclesiae
1005 1053 1178 1079 Ambianen-

166 1103 205 1130 sis
214 1103 303 1138 recipi
316 1103 403 1130 faciat
416 1103 541 1138 ciquede
552 1103 715 1137 praebenda
729 1102 887 1137 provideat.
902 1102 981 1136 (ΗΒΕ.
991 1102 1035 1133 29,
1049 1101 1097 1128 fol.
1114 1101 1175 1132 218,

165 1158 195 1179 11ο
213 1153 306 1185 1139.)

207 1268 222 1288 ((
242 1258 355 1288 Abbati
368 1269 392 1288 s.
408 1258 545 1289 Cornelii
566 1258 825 1298 Compendiensis,
843 1258 1065 1288 Suessionensis
1082 1258 1180 1288 dioce—

166 1312 216 1343 sis.
234 1312 366 1343 Meritis
389 1312 573 1343 laudabilis
597 1313 865 1343 conversationis
883 1330 931 1340 -.
947 1313 1072 1342 Datum
1091 1312 1180 1350 apud

166 1364 456 1402 Urbemveterem,
483 1375 559 1396 xun
579 1366 742 1396 kalendas
768 1365 983 1404 septembris,
1007 1374 1093 1396 anno
1116 1367 1181 1395 ter-

167 1418 226 1448 tio.
245 1419 279 1458 »J

259 1575 356 1606 2090
749 1574 874 1607 Orvieto,
896 1574 926 1601 18
946 1576 1011 1600 aout
1032 1573 1108 1601 1264.

206 1658 246 1691 S.,
266 1658 343 1686 tituli
363 1667 387 1685 s.
409 1659 531 1686 Ceciliae
547 1659 715 1694 presbytero
735 1659 885 1685 cardinali.
904 1659 1078 1693 apostolicae
1105 1659 1181 1685 sedis

170 1706 275 1742 legato,
294 1708 443 1743 negotium
470 1708 627 1735 committit
642 1708 879 1735 distributionum
899 1708 1133 1742 quotidianarum
1153 1708 1182 1734 in

170 1756 291 1783 ecclesia
325 1765 347 1783 s.
383 1757 482 1783 Hilarii
518 1757 696 1784 Pictavensis
735 1757 988 1784 instituendarum.
1025 1757 1102 1789 (Rae.
1138 1757 1182 1787 29,

169 1805 220 1832 fol.
238 1807 299 1837 218,
318 1811 348 1832 n⁰
367 1807 458 1837 1140.)

210 1922 227 1943 «
252 1913 301 1947 S.,
327 1913 456 1942 titulis.
486 1912 598 1943 Cecilie
623 1913 791 1952 presbitero
822 1912 987 1949 cardinali,
1016 1912 1185 1953 apostolice

171 1965 248 1995 sedis
266 1966 375 2005 leyato.
395 1966 446 1996 Ex
474 1967 566 2004 parte
586 1966 795 1996 succentoris
811 1985 860 1994 -.
877 1967 1003 1996 Datum
1021 1966 1109 2005 apud
1124 1966 1184 1997 Ur-

169 2019 408 2055 bemveterem,
431 2028 475 2049 xv
496 2019 659 2049 kalendas
683 2019 900 2058 septembris
924 2028 1010 2050 anno
1035 2020 1147 2050 tertio.
1170 2030 1185 2049 1)

263 2176 357 2207 2091
737 2174 860 2205 Orvieto,
882 2175 912 2202 18
924 2174 1019 2210 juillet
1036 2175 1111 2202 1264.

208 2259 298 2285 Priori
312 2260 346 2285 de
362 2259 518 2289 Balneolis,
536 2259 678 2286 Uticensis
691 2259 823 2290 diocesis,
843 2260 963 2286 mandat.
978 2262 1009 2286 ut
1024 2259 1185 2287 Johannem

172 2308 281 2335 dictum
300 2310 384 2339 Mosa,
405 2309 606 2343 presbyterum
625 2308 768 2335 Uticensis
787 2309 919 2340 diocesis,
941 2309 969 2335 in
994 2310 1116 2336 ecclesia
1136 2310 1188 2337 Va-

171 2356 298 2384 sionensi
321 2357 350 2383 in
374 2357 544 2384 canonicum
569 2357 658 2391 recipi
682 2357 769 2384 saciat
794 2358 845 2384 sub
872 2359 1088 2392 exspectatione
1104 2366 1187 2393 prae-

172 2406 289 2432 bendae.
308 2406 386 2441 (aas.
404 2407 450 2440 29,
468 2406 517 2433 fol.
532 2406 583 2434 218
601 2412 637 2438 ψ’,
655 2411 686 2432 n⁰
700 2407 794 2441 1141.)

215 2523 231 2543 1(
250 2513 356 2542 Priori
373 2513 408 2543 de
422 2513 586 2550 Balneolis,
606 2513 755 2543 Uticensis
772 2513 906 2543 diocesis.
922 2514 1076 2545 Dilectus
1094 2514 1186 2544 filius

175 2566 346 2597 Johannes
371 2584 419 2596 -—.
442 2567 567 2597 Datum
586 2567 677 2605 apud
696 2566 985 2604 Urbemveterem,
1009 2576 1054 2597 xv
1073 2568 1188 2598 kalen-

176 2620 237 2650 das
256 2620 401 2659 augusti,
420 2628 507 2650 anno
524 2620 635 2650 tertio.
660 2630 674 2650 »

267 2775 366 2807 2092
758 2773 882 2807 Orvieto,
898 2775 915 2801 6
927 2773 1024 2809 juillet
1040 2775 1117 2802 1264.

214 2858 401 2894 Privilegium
427 2858 460 2884 de
477 2857 641 2884 confessore
663 2858 796 2893 eligendo
813 2858 945 2892 Henrico,
967 2859 1100 2894 episcopo
1124 2860 1189 2887 Leo-

178 2907 280 2934 diensi,
294 2908 362 2934 dum
373 2907 427 2934 iter
444 2907 672 2934 transmarinum
685 2906 849 2941 arripuerit,
861 2907 1036 2935 conceditur.
1052 2909 1133 2943 (Rae.
1145 2910 1189 2940 29,

182 2956 230 2983 sol.
251 2956 303 2983 218
321 2960 360 2984 νο,
374 2955 516 2990 n01142.)

304 3005 441 3032 Unssfflx
463 3003 516 3037 lv,
537 3006 558 3030 t.
582 3004 637 3033 111.
658 3005 722 3037 Rey.
745 3003 804 3030 ord.

2182 260 2238 288 337

1271 349 1286 369 «
1306 339 1453 377 Hem-ico,
1474 339 1615 379 episcopo
1635 339 1803 369 Leodiensi.
1828 340 2017 370 Desideriis
2035 340 2103 370 tuis
2121 342 2239 370 affectu

1231 410 1280 423 -.
1305 393 1430 423 Datum
1449 393 1537 431 apud
1563 392 1852 428 Urbemveterem‚
1872 402 1893 422 11
1913 402 2019 424 nonas
2044 393 2134 432 julii,
2155 402 2240 423 311110

1231 446 1343 476 tertio.
1365 456 1379 475 »

1323 595 1418 626 2093
1818 595 1942 628 Orvieto,
1960 598 1994 622 25
2007 598 2071 622 aunt
2092 596 2170 622 lact.

1267 677 1476 705 Archidiacono
1496 679 1530 704 de
1555 678 1690 705 Trivinno
1720 679 1747 705 in
1773 679 1894 706 ecclesia
1920 679 2057 714 Burgensi
2078 681 2196 706 mandat
2214 684 2241 707 ut

1231 726 1363 758 Johanni‚
1389 727 1538 761 capellano
1555 727 1723 761 apostolico,
1745 728 1948 755 archidiacono
1963 730 1997 755 de
2013 729 2199 755 Transtamar
2216 730 2244 756 in

1233 775 1353 802 ecclesia
1377 776 1619 810 Compostcllana⁷
1645 777 1680 803 de
1699 776 1795 810 aliqua
1815 777 1955 812 dignitate
1972 777 2015 804 vel
2036 781 2191 812 personatu
2217 778 2245 804 in

1234 824 1354 852 ecclesia
1376 825 1545 859 Legioncnsi
1564 825 1721 860 provideat.
1751 826 1830 860 (Rau.
1849 826 1894 858 29,
1913 826 1964 854 sol.
1984 826 2035 854 218
2053 833 2090 862 νο,
2108 831 2139 853 n0
2157 827 2245 860 1143.)

1273 937 1290 958 ‹(
1309 952 1314 957 .
1334 951 1339 956 .
1355 927 1572 957 archidiacono
1585 927 1620 958 de
1638 927 1782 958 Trim'nno
1796 929 1825 958 in
1838 928 1961 959 ecclesia
1975 929 2133 969 Bur-qemi.
2151 930 2248 960 Circa

1234 980 1314 1011 illos
1343 981 1537 1019 specialiter
1554 999 1603 1011 —.
1629 982 1747 1020 Nuper
1778 982 1948 1021 siquidem
1980 983 2186 1013 karissimus
2214 983 2248 1013 in

1235 1033 1369 1064 Christo
1385 1034 1478 1065 filius
1493 1037 1608 1065 noster
1623 1036 1676 1070 A..
1693 1036 1726 1065 in
1738 1035 1969 1066 Romanorum
1983 1045 2094 1075 regem
2107 1036 2246 1073 electus,

1235 1096 1295 1118 rex
1311 1087 1458 1118 Castelle
1486 1097 1522 1118 ac
1552 1089 1711 1127 Legionis
1735 1089 1894 1125 illustris,
1911 1090 1999 1119 inter
2019 1089 2085 1119 alia
2111 1090 2249 1127 scripsit

1235 1140 1334 1171 nobis
1351 1141 1451 1180 quod,
1463 1141 1540 1172 licet
1557 1142 1700 1172 dilectus
1717 1142 1808 1172 filius
1821 1142 1983 1181 magister
1998 1143 2180 1178 ι1011331163,
2199 1151 2249 1173 ca-

1235 1194 1391 1233 pellanus
1402 1197 1526 1231 noster⁷
1538 1195 1793 1225 archidiaconus
1803 1195 1842 1226 de
1853 1195 2139 1234 Tra[n]stamarin
2149 1196 2251 1226 eccle-

1237 1248 1287 1278 sia
1309 1248 1595 1286 Compostellana,
1616 1249 1769 1279 notarius
1788 1257 1883 1284 suus,
1906 1257 1964 1287 per
1982 1249 2089 1279 multa
2109 1250 2140 1280 et
2157 1251 2251 1288 grata

1237 1301 1400 1340 obsequia
1418 1301 1528 1340 ipsius
1545 1302 1707 1332 meruerit
1721 1302 1865 1341 gratiam
1890 1304 1920 1332 et
1939 1302 2100 1338 favorem,
2118 1302 2251 1333 nullum

1236 1357 1349 1385 tamen
1374 1356 1424 1385 est
1443 1355 1549 1385 adhuc
1565 1356 1599 1385 in
1626 1355 1740 1395 regnis
1759 1355 1857 1394 ipsis,
1877 1364 1936 1394 per
1952 1356 2067 1386 sedem
2093 1356 2250 1395 apostoli-

1237 1417 1309 1438 cam
1337 1408 1389 1437 vel
1407 1408 1554 1447 aliquem
1582 1409 1789 1447 prelatorum
1811 1409 1964 1448 ipsorum
1989 1418 2181 1449 regnorum,
2210 1410 2251 1440 ad

1237 1471 1375 1500 precum
1393 1462 1545 1501 ejusdem
1566 1462 1656 1502 regis
1674 1463 1883 1498 instantiam,
1900 1462 2100 1493 beneficium
2118 1472 2249 1494 assecu-

1236 1517 1304 1545 tus.
1330 1515 1426 1546 Unde
1449 1524 1510 1545 nos
1533 1516 1714 1546 affectuose
1731 1514 1861 1555 rogavit
1884 1518 1920 1546 ut
1948 1516 2057 1546 eidem
2077 1516 2250 1555 capellano

1238 1569 1422 1607 apostolice
1442 1569 1648 1607 provisionis
1668 1569 1840 1600 dexteram
1865 1570 1996 1608 aperire
2017 1570 2126 1608 ipsius
2147 1572 2251 1608 gratia

1238 1630 1446 1652 curaremus.
1459 1622 1529 1652 Nos
1547 1622 1671 1660 itaque,
1692 1622 1801 1661 ipsius
1822 1623 1911 1661 regis
1930 1622 2080 1659 obtentu,
2099 1623 2251 1653 volentes

1238 1675 1451 1713 capellanum
1485 1676 1640 1711 eundem,
1676 1676 1941 1715 suffragantibus
1977 1675 2043 1705 sibi
2074 1676 2251 1706 nobilitate

1239 1737 1372 1759 morum
1401 1730 1432 1758 et
1461 1729 1595 1767 generis
1622 1738 1658 1759 ac
1682 1729 1769 1759 dono
1792 1729 1951 1760 litteralis
1969 1730 2109 1760 scientie
2129 1729 2252 1768 quibus

1240 1781 1356 1820 pollet,
1386 1783 1599 1821 prerogativa
1622 1783 1781 1822 prosequi
1804 1784 1908 1822 gratie
1933 1783 2104 1822 specialis,
2121 1783 2253 1813 manda-

1241 1844 1317 1866 mus
1336 1836 1496 1874 quatinus
1516 1835 1581 1865 sibi
1603 1836 1656 1866 vel
1675 1836 1747 1874 ejus
1768 1837 1979 1874 procuratori
1998 1846 2057 1876 pro
2079 1846 2117 1868 eo
2143 1839 2253 1868 aucto<

1242 1889 1341 1918 ritate
1358 1891 1484 1924 nostra,
1504 1897 1563 1927 per
1579 1891 1610 1919 te
1629 1889 1682 1919 vel
1698 1889 1815 1925 alium,
1835 1890 1867 1919 in
1880 1890 2023 1920 ecclesia
2037 1890 2252 1930 Legionensi,

1242 1941 1275 1971 in
1299 1950 1365 1981 qua
1382 1942 1470 1971 idem
1491 1942 1607 1972 existit
1624 1943 1818 1978 canonicus,
1837 1943 1876 1973 de
1896 1943 2008 1982 aliqua
2026 1944 2188 1982 dignitate
2202 1944 2254 1974 vel

1242 1997 1436 2033 personatu,
1454 2004 1527 2025 cum
1545 2004 1625 2025 cura
1646 1995 1699 2026 vel
1720 1995 1793 2026 sine
1809 2005 1900 2031 cura,
1921 2006 1995 2027 611111
2019 1997 2254 2035 prestimoniis

1242 2048 1394 2078 cedentis
1405 2048 1458 2078 vel
1471 2048 1675 2085 decedentis,
1693 2048 1869 2085 decanatu,
1881 2049 2092 2080 thesauraria
2103 2053 2133 2080 et
2149 2050 2255 2080 archi-

1243 2101 1478 2132 diaconatibus
1493 2102 1532 2131 de
1552 2102 1627 2138 Yal,
1652 2103 1691 2132 de
1708 2103 1826 2139 Morel‚
1844 2103 1883 2133 de
1901 2104 1979 2134 Tria
1995 2104 2142 2134 Castella
2162 2104 2255 2134 dum-

1243 2156 1337 2185 taxat
1350 2155 1511 2193 exceptis,
1531 2155 1707 2193 providere
1724 2164 1895 2194 procures,
1914 2157 1943 2186 si
1960 2159 2053 2186 vacat
2074 2157 2198 2186 ibidem
2217 2157 2257 2186 ad

1244 2216 1385 2246 presens
1405 2209 1456 2239 vel
1477 2209 1728 2247 ‹pianiprimuin
1757 2209 1797 2239 ad
1817 2209 1849 2239 id
1865 2210 2024 2241 obtulerit
2044 2219 2079 2241 se
2099 2211 2256 2246 facultas,

1244 2262 1409 2292 inducens
1420 2271 1496 2292 euin
1507 2262 1559 2292 vel
1576 2262 1960 2301 ipsiusprocuratorem,
1976 2264 2205 2302 eJusnomine,
2224 2265 2257 2294 in

1245 2315 1455 2354 corporalem
1484 2315 1736 2354 possessionem
1762 2316 1914 2354 ipsorum
1944 2318 1975 2347 et
2002 2317 2184 2347 defendens
2208 2319 2258 2348 in-

1245 2369 1395 2399 ductum.
1414 2369 1489 2399 Non
1507 2368 1660 2398 obstante
1677 2369 1871 2407 provisione
1890 2378 1989 2408 quam
2008 2370 2117 2401 eidem
2134 2372 2165 2400 in
2184 2372 2258 2409 ipsa

1212 2426 1214 2434 '
1246 2422 1389 2452 ecclesia
1404 2422 1444 2452 de
1461 2422 1695 2460 prestimoniis
1715 2422 1789 2452 fieri
1814 2423 2062 2459 mandavimus,
2083 2433 2142 2455 seu
2169 2425 2258 2463 quod

1245 2475 1433 2506 venerabili
1451 2475 1547 2505 fratri
1564 2476 1679 2505 nostro
1700 2500 1705 2504 .
1726 2498 1731 2504 .
1746 2475 1903 2514 episcopo
1920 2477 2136 2515 Legionensi‚
2150 2487 2168 2507 a
2185 2487 2256 2516 pre-

1246 2529 1335 2559 dicta
1351 2528 1430 2559 sede
1445 2528 1569 2558 dicitur
1589 2537 1663 2558 esse
1682 2537 1878 2559 concessum
1897 2530 1986 2568 quod
2004 2530 2187 2569 dignitates
2204 2532 2257 2562 vel

1245 2584 1448 2621 personatus
1466 2582 1616 2612 conferre
1631 2582 1750 2618 valeat,
1772 2582 1800 2612 si
1819 2584 1937 2613 vacant
1955 2584 2007 2614 vel
2025 2593 2100 2614 cum
2122 2594 2257 2616 vacave-

1245 2636 1313 2666 rint
1330 2635 1364 2665 in
1376 2635 1518 2665 ecclesia
1537 2637 1734 2672 memorata,
1753 2635 1805 2665 vel
1823 2636 1852 2665 si
1864 2637 2122 2675 predecessores
2138 2639 2256 2676 nostri,

1246 2689 1391 2720 Romani
1415 2689 1603 2728 pontifices,
1628 2688 1681 2719 vel
1705 2697 1766 2719 nos
1784 2697 1886 2727 super
1903 2690 2048 2721 aliorum
2063 2692 2258 2730 provisione

1213 2758 1215 2786 χ
1246 2742 1286 2772 de
1312 2742 1551 2780 personatibus
1580 2742 1628 2772 vel
1658 2742 1880 2781 dignitatibus
1908 2743 1942 2773 in
1970 2744 2086 2775 eadem
2116 2745 2260 2776 ecclesia

1213 2789 1215 2810 ¹*
1247 2795 1400 2825 facienda
1418 2795 1608 2825 direximus
1627 2795 1753 2833 scripta
1770 2799 1895 2832 nostra,
1915 2797 2039 2835 quibus
2058 2798 2184 2828 dictum
2205 2807 2259 2829 ca·

1214 2857 1215 2861 ¹
1247 2847 1420 2886 pellanum
1447 2848 1480 2877 in
1508 2848 1720 2878 assecutione
1750 2847 1945 2887 hujusmodi
1973 2853 2176 2889 personatus
2206 2852 2259 2883 vel

1247 2901 1423 2940 dignitatis
1457 2910 1494 2931 ac
1521 2901 1820 2939 prestimoniorum
1854 2903 1996 2941 preferri
2029 2904 2188 2935 volumus
2217 2905 2257 2937 de

1215 2966 1217 2969 ·
1247 2954 1355 2993 gratia
1371 2954 1524 2993 speciali,
1539 2954 1585 2984 ita
1601 2955 1689 2993 quod
1703 2955 1834 2985 nullum
1845 2955 1895 2986 eis
1911 2965 1970 2995 per
1984 2956 2045 2988 hoc
2060 2959 2169 2997 quoad
2185 2967 2259 2998 per-

2102 3010 2135 3037 43
