2519 3262
217 211 275 240 164

215 295 291 324 nate,
303 296 332 319 01
345 293 484 324 Johanne,
496 291 744 326 archipresbytero
759 291 849 326 plebis
867 292 900 318 de
916 292 1071 323 Murisano,
1085 293 1225 319 canonico

216 342 344 369 ecclesiia
362 341 521 372 Saxcnalis,
535 341 753 367 canonicatuum
769 343 795 367 01
809 340 1028 375 praebendarum
1043 341 1133 368 libera
1153 341 1224 367 resi-

218 391 352 426 gnatione
368 393 492 424 recepta,
509 391 622 416 eosdem
640 389 824 417 canonicatus
849 392 875 416 et
903 391 1071 424 prmbcndas
1089 390 1224 425 personis

217 440 327 467 idoneis
344 440 483 467 conserat.
499 440 577 472 (Rae.
593 439 636 469 20,
655 439 702 465 fol.
724 439 785 467 107.
801 444 831 464 11ο
844 438 897 466 332
917 439 924 474 )

259 559 273 577 (t
290 573 295 578 .
311 572 317 579 .
335 549 478 588 episcopo
494 547 653 577 saxenati.
669 547 907 586 Supplicarunt
922 547 1019 577 nobis
1032 547 1143 578 dilecti
1162 547 1224 577 tilii

218 602 431 641 Aymericus‚
454 601 646 640 prepositus
675 602 833 638 Cesenas,
855 602 887 631 et
915 601 1097 637 Johannes,
1118 600 1225 630 arehi-

219 655 396 694 presbyter
413 654 523 694 plebis
540 654 579 684 de
597 654 914 699 Murisan04canoni
926 655 946 684 ;i
964 655 1104 685 ecclesie
1123 655 1225 685 Saxe-

219 708 319 742 natis,
343 708 443 746 quod,
462 716 536 737 cum
552 707 617 746 ipsi
635 707 851 737 canonicatus
873 709 905 738 et
926 707 1115 747 prebendas
1136 715 1225 746 quos

219 761 252 791 in
271 761 387 791 cadem
407 760 548 791 ecclesia
576 760 735 790 Saxenati
762 759 925 796 obtinent,
952 769 1010 798 pro
1028 769 1065 790 00
1086 760 1225 799 cupiant

218 814 389 853 resignare
404 814 483 853 quia
502 813 626 843 ibidem
643 812 867 852 personaliter
891 813 1039 844 residere
1064 822 1128 844 non
1147 822 1225 852 pos-

219 868 307 901 sunt,
323 867 363 897 ab
376 867 424 897 eis
433 867 536 906 recipi
547 866 1011 905 resignationemhujusmodi
1024 866 1222 897 faceremus.

216 920 287 950 Nos
302 920 426 959 itaque,
443 920 565 950 intuitu
576 920 689 950 dilecti
708 919 769 949 filii
785 920 891 950 nostri
910 920 1081 956 R.,sancti
1098 920 1223 958 Angeli

217 973 347 1003 diaconi
368 973 560 1009 cardinalis,
579 973 636 1012 qui
655 974 791 1012 propter
811 972 872 1003 hoc
902 973 1122 1011 apostolicam
1146 982 1224 1012 gra-

215 1027 298 1057 tiam
312 1027 517 1066 imploravit,
535 1026 738 1057 fraternitati
754 1028 810 1057 tue
828 1027 1028 1056 mandamus
1041 1028 1222 1065 quatenus,

215 1080 245 1110 si
263 1083 313 1111 est
326 1081 382 1118 ita,
395 1080 436 1110 ab
453 1080 580 1111 eisdem
594 1080 766 1119 preposito
776 1081 807 1110 et
825 1079 1131 1119 archipresbytero,
1147 1089 1223 1110 cum

216 1140 317 1171 super
334 1132 395 1163 hoc
415 1132 455 1162 ab
487 1133 536 1163 eis
572 1132 676 1163 fueris
703 1133 890 1172 requisitis,
917 1132 1024 1163 libera
1057 1133 1223 1163 dictorum

216 1186 472 1216 canonicatuum
490 1187 522 1216 et
548 1186 794 1224 prebendarum
820 1186 1047 1225 resignatione
1075 1188 1221 1225 recepta,

216 1240 351 1270 easdem
366 1239 554 1279 prebendas
570 1239 700 1270 duabus
715 1239 870 1278 personis
892 1239 1044 1275 scientia,
1067 1239 1223 1270 moribus

216 1294 247 1324 et
263 1294 349 1323 etate
368 1293 518 1332 ydoneis,
544 1293 601 1322 uni
619 1301 735 1323 earum
760 1292 918 1323 videlicet
938 1301 1039 1323 unam
1063 1294 1094 1323 et
1118 1293 1184 1323 alte
1194 1294 1221 1323 ri

216 1346 317 1377 aliam
334 1345 579 1385 prebendarum
600 1346 749 1385 ipsarum
769 1354 828 1384 per
848 1347 879 1376 te
904 1346 957 1376 vel
983 1346 1086 1375 alium
1108 1347 1222 1376 aucto-

214 1400 313 1430 ritate
342 1401 456 1430 nostra
484 1399 636 1429 conferas
661 1401 693 1429 et
718 1399 883 1437 assignes,
909 1399 1036 1429 faciens
1055 1407 1221 1437 personas

214 1453 307 1492 ipsas
327 1454 365 1483 ad
383 1453 517 1483 easdem
535 1452 723 1491 prebendas
741 1453 774 1482 in
796 1452 884 1482 dicta
907 1452 1049 1482 ecclesia
1069 1453 1102 1482 in
1126 1462 1222 1483 cano-

216 1507 308 1537 nicos
326 1507 428 1545 recipi
448 1508 479 1536 et
502 1507 534 1536 in
563 1506 693 1536 fratres.
721 1506 992 1536 Contradictores
1023 1508 1083 1536 etc.
1110 1516 1221 1546 usque

215 1559 469 1598 compescendo.
484 1560 534 1589 Ita
556 1561 666 1589 tamen
685 1559 772 1598 quod
796 1559 882 1589 dicte
905 1568 1047 1598 persone
1070 1560 1111 1590 ad
1134 1561 1222 1590 ordi-

215 1622 274 1643 nes
289 1622 372 1652 ‹1uos
390 1621 473 1643 onus
489 1612 735 1652 prebendarum
749 1613 899 1651 ipsarum
913 1613 1028 1651 exigit,
1046 1622 1080 1643 30
1097 1613 1221 1644 faciant

215 1666 1221 1705 statutistemporibuspromoverietpersonaliterresideant

214 1720 247 1749 in
265 1719 405 1749 ecclesia
421 1720 615 1749 memorata.
636 1719 808 1758 Alioquin,
830 1719 1020 1758 hujusmodi
1043 1721 1100 1750 tua
1119 1720 1221 1750 colla-

214 1773 260 1802 tio
279 1774 310 1803 et
328 1772 510 1812 assignatio
531 1772 658 1802 nullius
680 1773 815 1811 penitus
846 1773 889 1802 sit
909 1773 1081 1803 momenti.
1099 1773 1219 1810 Porro,

215 1826 293 1864 quia
313 1835 376 1855 uon
397 1827 447 1856 est
466 1826 651 1856 verisimile
666 1826 753 1864 quod
768 1826 844 1865 quis
862 1826 1073 1863 beneficium,
1097 1827 1136 1857 de
1154 1836 1218 1866 quo

215 1879 281 1909 vite
298 1878 450 1908 subsidia
465 1879 619 1917 percipit,
638 1880 677 1909 de
698 1879 788 1909 sacili
809 1879 881 1909 31110
899 1888 1018 1917 magna
1038 1889 1138 1910 causa
1157 1890 1217 1910 sua

215 1933 332 1971 sponte
351 1932 508 1971 resignet,
526 1932 660 1962 omnino
685 1932 863 1970 provideas
894 1941 934 1963 ne
964 1940 1065 1971 super
1093 1933 1154 1963 1100
1177 1942 1217 1964 ex

213 1986 308 2023 parte
340 1985 503 2024 prepositi
534 1987 566 2015 et
589 1985 872 2024 archipresbyteri
901 1986 1128 2024 predictorum
1159 1995 1217 2016 3011

213 2038 350 2069 1110111111
367 2038 489 2077 quibus
505 2038 638 2068 eosdem
656 2038 869 2068 canonicatus
886 2040 917 2068 ct
938 2038 1125 2077 prebendas
1142 2048 1219 2069 cou-

211 2091 344 2127 tuleris,
366 2093 423 2122 aut
439 2091 523 2121 alias
540 2091 791 2130 quomodolibet
809 2091 921 2130 aliqua
939 2092 1088 2130 pravitas
1114 2092 1214 2122 iuter-

213 2145 317 2175 ccdat.
336 2145 458 2175 Datum
478 2144 565 2183 apud
585 2143 871 2182 Urbemveterem,
897 2154 916 2173 v
942 2145 1018 2175 idus
1043 2144 1216 2182 februarii,

212 2207 298 2229 anno
318 2198 428 2228 tertio.
448 2208 462 2227 n

745 2393 869 2428 Orvicto,
888 2393 929 2420 1⁰³
947 2393 1048 2420 sevrier
1068 2393 1141 2420 1261.

301 2395 396 2426 1283

244 2477 451 2505 Archidiacono
466 2478 499 2504 (10
514 2478 599 2505 Esten
618 2478 645 2505 in
661 2477 781 2506 ecclesia
803 2477 1025 2505 Cathalauncnsi
1044 2479 1165 2505 mandat
1184 2481 1215 2505 ut,

205 2526 360 2553 Garnotum
376 2526 522 2559 clericum,
538 2535 709 2562 germanum
733 2527 869 2555 Johannis
892 2528 926 2554 dc
952 2527 1032 2562 Porz,
1055 2527 1211 2554 faiuiliaris

205 2575 367 2610 apostolici,
383 2575 411 2602 in
429 2575 549 2603 ecclesia
565 2585 586 2602 3.
606 2576 753 2604 Trinitatis
777 2576 1018 2604 Cathalaunensis
1042 2576 1069 2603 in
1091 2577 1212 2604 canoni-

207 2631 272 2651 cum
291 2633 355 2652 cum
381 2625 592 2659 exspectatione
618 2626 776 2660 praebendae
808 2626 895 2661 recipi
931 2626 1026 2653 saciat.
1061 2626 1140 2662 (ileo.
1161 2628 1212 2658 29,

208 2672 256 2700 fol.
277 2674 337 2705 107,
357 2678 388 2700 n⁰
400 2673 476 2709 333.)

247 2796 261 2811 «
280 2807 298 2814 ..
318 2783 531 2814 archidiacono
549 2783 583 2814 de
610 2784 717 2814 Eslen.
741 2785 773 2814 1η
799 2784 922 2815 ecclesia
953 2784 1206 2818 cathalaunensi.

206 2837 367 2868 Volentes
384 2837 505 2868 dilecto
523 2837 590 2868 filio
616 2838 775 2873 Garnoto.
807 2839 940 2875 clerico,
973 2847 1131 2878 germano
1162 2840 1208 2870 di-

205 2889 282 2921 lecti
301 2890 540 2921 tiliiJohannis
558 2891 597 2921 (10
625 2892 722 2929 Porz,
746 2892 926 2923 familiaris
953 2892 1073 2928 nostri,
1097 2892 1206 2924 facere

962 208 1205 240 REGtSTRES
1235 208 1449 239 D'URBAIN
1478 208 1536 238 IV.

1277 292 1419 330 gratiam
1437 292 1629 330 specialem,
1647 293 1843 323 discretioni
1861 295 1916 324 tue
1942 294 2142 324 mandamus
2165 298 2283 334 quate-

1278 354 1341 375 nus
1358 345 1546 384 predictum
1564 345 1604 376 G.
1625 346 1658 376 in
1674 346 1816 376 ecclesia
1830 349 1943 377 sancte
1961 347 2138 378 Trinitatis
2162 348 2284 379 Catha-

1278 398 1656 434 launensi5‚dun11110do
1673 399 1706 429 in
1724 399 1797 438 ipsa
1810 399 1925 438 plures
1941 409 2041 439 quam
2058 402 2127 430 tres
2143 401 2283 439 preben-

1277 451 1336 480 das
1352 460 1410 489 per
1443 453 1576 482 nostras
1607 451 1740 482 litteras
1772 452 1986 482 executorias
2010 462 2076 483 non
2093 455 2282 492 expectent,

1276 512 1335 542 per
1350 506 1379 534 10
1399 504 1449 533 vel
1470 512 1530 542 per
1563 504 1666 534 alium
1699 505 1803 543 recipi
1829 505 1955 535 faciens
1979 506 2012 535 in
2036 506 2234 536 canonicum
2254 509 2285 538 et

1276 557 1309 586 in
1326 556 1464 587 fratrem
1482 559 1513 587 et
1541 557 1579 587 de
1596 557 1778 596 prebenda,
1810 558 1838 588 si
1869 567 1936 597 qua
1965 558 2089 589 ibidem
2118 562 2212 590 vacat
2242 559 2284 590 ad

1276 619 1416 649 presens
1432 610 1484 640 vel
1503 611 1754 649 quamprimum
1784 612 1825 642 ad
1845 611 1877 642 id
1896 620 1931 642 se
1951 612 2093 643 facultas
2110 613 2282 648 obtulerit,

1276 663 1412 693 studeas
1429 664 1605 702 providere
1627 682 1675 692 .—-
1688 665 1762 694 Non
1779 664 1933 695 obstante
1949 683 1998 694 —.
2013 666 2286 697 Contradictores

1275 718 1336 747 etc.
1354 725 1460 755 usque
1476 717 1730 755 compescendo.
1748 718 1870 748 Datum
1888 719 1975 757 apud
1993 718 2284 755 Urbemveterem,

1276 770 1430 800 kalendis
1448 770 1623 806 februarii,
1643 779 1729 801 anno
1747 771 1857 801 tertio.
1878 782 1892 800 n

1367 960 1462 991 1284
1837 959 1960 993 Orvieto,
1978 959 1992 985 9
2010 959 2112 986 levrici·
2133 960 2212 987 1264.

1312 1044 1450 1079 Episcopo
1470 1045 1620 1079 Anagnino
1641 1045 1760 1071 mandat
1775 1047 1805 1071 ut
1822 1045 1904 1072 Petro
1924 1045 2123 1079 Beneincasae,
2145 1045 2282 1072 canonico

1276 1094 1404 1120 ecclesia)
1421 1102 1443 1120 s.
1462 1094 1583 1120 Andreae
1603 1094 1758 1129 Anagnini,
1782 1094 1816 1120 (10
1838 1094 2015 1128 quotidianis
2033 1094 2282 1121 distributionibus

1273 1145 1301 1169 et
1318 1143 1353 1168 dc
1381 1142 1445 1168 aliis
1474 1142 1674 1169 communibus
1689 1142 1779 1177 ipsius
1797 1143 1925 1170 ecclesia*
1941 1143 2126 1177 proventibus
2141 1143 2284 1178 provideri

1275 1190 1370 1218 saciat.
1392 1191 1469 1223 (Rae.
1485 1192 1530 1224 29,
1548 1191 1595 1217 sol.
1617 1192 1663 1219 107
1680 1197 1717 1224 v0,
1735 1197 1764 1217 11ο
1780 1192 1859 1226 334.)

1316 1309 1330 1323 t(
1352 1320 1376 1326 ..
1397 1297 1538 1337 episcopo
1554 1298 1720 1338 Anagnino
1735 1298 1785 1328 Ex
1801 1299 1895 1337 parte
1908 1298 2022 1329 dilecti
2040 1299 2101 1328 filii
2117 1299 2207 1329 Petri
2223 1299 2284 1330 Be-

1274 1351 1442 1388 neincase,
1469 1352 1620 1381 canonici
1638 1352 1778 1382 ecclesie
1807 1352 1913 1382 sancti
1944 1352 2078 1383 Andree
2103 1352 2283 1392 Anagnini,

1275 1404 1339 1434 fuit
1356 1404 1568 1442 propositum
1584 1413 1695 1435 coram
1713 1404 1810 1435 nobis
1830 1405 1919 1443 quod
1937 1405 2030 1442 olim,
2049 1405 2090 1435 ad
2106 1414 2224 1444 preces
2237 1406 2284 1436 di-

1272 1456 1349 1487 lecti
1381 1457 1443 1487 filii
1476 1458 1583 1488 nostri
1610 1458 1654 1493 J.,
1690 1459 1883 1488 sanctorum
1910 1458 2030 1489 Cosme
2062 1460 2093 1489 et
2126 1459 2284 1489 Damiani

1274 1511 1405 1541 diaconi
1429 1511 1621 1548 cardinalis,
1648 1511 1828 1550 specialem
1855 1511 1920 1541 sibi
1937 1511 2078 1551 gratiam
2107 1512 2283 1550 facientes,

1274 1564 1386 1602 ipsum
1403 1564 1437 1594 in
1453 1565 1569 1594 eadem
1589 1564 1731 1595 ecclesia
1749 1564 1853 1603 recipi
1870 1564 2011 1595 fecimus
2030 1565 2062 1595 in
2081 1566 2283 1596 canonicum

1274 1618 1306 1647 et
1333 1617 1366 1646 in
1401 1616 1551 1648 fratrem.
1588 1617 1749 1647 Volentes
1781 1617 1896 1656 igitur,
1931 1617 2068 1648 obtentu
2097 1618 2282 1649 cardinalis

1275 1669 1438 1708 ejusdem,
1455 1671 1491 1700 ut
1506 1670 1700 1708 hujusmodi
1718 1671 1825 1709 gratia
1836 1670 1924 1701 dicto
1934 1671 2092 1701 canonico
2106 1671 2280 1702 fructuosa

1272 1723 1443 1760 reddatur,
1466 1723 1669 1754 fraternitati
1694 1724 1749 1754 tue
1774 1724 1974 1754 mandamus
1998 1726 2165 1763 quatenus
2187 1725 2217 1755 ei
2241 1725 2280 1756 de

1273 1776 1452 1806 cotidianis
1469 1776 1767 1807 distributionibus
1777 1778 1808 1807 et
1825 1777 1902 1807 aliis
1921 1777 2158 1808 communibus
2171 1778 2281 1818 ipsius

1273 1829 1413 1860 ecclesie
1430 1830 1663 1868 proventibus,
1684 1830 1769 1860 suut
1781 1831 1837 1860 uni
1855 1840 1895 1860 ex
1915 1830 1992 1861 aliis
2009 1831 2159 1870 ejusdem
2179 1831 2283 1862 eccle·

1273 1883 1322 1913 sie
1339 1883 1483 1917 clericis,
1499 1883 1681 1913 dummodo
1709 1884 1933 1922 personaliter
1954 1884 2101 1914 resideat
2121 1886 2152 1915 et
2169 1885 2282 1916 deser-

1272 1936 1339 1966 viat.
1357 1937 1390 1966 in
1409 1937 1536 1972 eadem,
1568 1936 1672 1966 facias
1701 1937 1881 1976 provideri,
1908 1945 1973 1967 non
1997 1937 2150 1968 obstante
2171 1938 2281 1969 indul-

1271 1990 1383 2027 gentia
1403 1990 1494 2019 sedis
1517 1990 1712 2028 apostolice,
1734 1990 1974 2029 cujuscumque
1995 1991 2122 2021 tenoris
2141 1991 2278 2029 existat,

1272 2051 1337 2081 qua
1346 2042 1479 2072 dilectis
1491 2042 1573 2072 tiliis
1587 2065 1593 2071 .
1609 2065 1614 2071 .
1629 2042 1922 2081 archipresbitero,
1935 2045 1967 2073 01
1983 2043 2279 2082 capituloecclesie

1272 2096 1419 2134 predicte
1433 2096 1556 2125 dicitur
1574 2104 1649 2126 esse
1666 2104 1861 2126 concessum
1880 2096 1967 2135 quod
1998 2105 2056 2135 per
2080 2096 2211 2127 litteras
2229 2106 2280 2128 30-

1271 2149 1323 2178 (113
1348 2149 1498 2188 eJusdem
1519 2149 1569 2179 vel
1597 2149 1824 2188 delegatorum
1848 2149 1968 2188 ipsius,
1988 2149 2053 2179 nisi
2079 2149 2118 2179 de
2141 2152 2214 2189 ipso
2232 2151 2280 2180 in-

1270 2202 1363 2232 dulto
1380 2202 1520 2241 ejusque
1534 2204 1648 2232 tenore
1665 2202 1705 2232 de
1719 2201 1820 2232 verbo
1835 2202 1876 2232 ad
1891 2202 2029 2233 verbum
2045 2203 2279 2235 etnominibus

1270 2264 1306 2286 ac
1324 2263 1462 2286 numero
1477 2257 1686 2294 receptorum
1711 2255 1744 2286 in
1769 2255 1885 2286 eadem
1909 2256 2052 2287 ecclesia
2083 2265 2210 2287 necnon
2238 2257 2278 2288 de

1270 2308 1431 2339 vocabulo
1462 2308 1613 2347 ejusdem
1646 2318 1682 2339 ac
1713 2309 1790 2339 aliis
1822 2309 2042 2348 indulgentiis
2073 2310 2275 2348 apostolicis

1269 2362 1443 2401 superhoc
1458 2362 1566 2392 eidem
1589 2362 1729 2393 ecclesie
1754 2363 1924 2393 concessis
1950 2362 2089 2393 fecerint
2118 2363 2205 2394 dicte
2224 2364 2278 2395 lit-

1268 2417 1337 2447 tere
1355 2416 1570 2452 mentionem,
1589 2415 1631 2446 ad
1647 2416 1875 2455 provisionem
1894 2416 2085 2455 aliquorum
2104 2416 2137 2447 in
2152 2417 2280 2448 benefi-

1267 2469 1328 2499 ciis
1345 2470 1401 2499 aut
1418 2469 1496 2499 aliis
1515 2468 1785 2508 quibuscumque
1803 2469 1992 2500 redditibus
2010 2470 2081 2500 sive
2097 2470 2138 2500 ad
2155 2470 2277 2502 admit·

1266 2523 1403 2553 tendum
1413 2523 1483 2561 J'am
1499 2525 1650 2561 receptos
1658 2523 1709 2553 vel
1720 2523 1930 2562 recipiendos
1941 2523 1973 2553 in
1983 2523 2100 2554 eadem
2118 2523 2275 2563 ecclesia,

1266 2576 1353 2606 ultra
1382 2576 1557 2606 denarium
1588 2576 1824 2607 canonicorum
1856 2584 2046 2613 numerum,
2067 2577 2100 2606 iu
2126 2577 2272 2608 ecclesia

1265 2629 1339 2668 ipsa
1357 2629 1533 2665 statutum,
1552 2629 1593 2659 ad
1611 2637 1806 2660 communes
1823 2629 1961 2668 capituli
1976 2630 2140 2660 tractatus
2153 2630 2205 2660 vel
2226 2639 2273 2662 re-

1265 2682 1443 2713 fectionem
1459 2691 1574 2713 mense
1590 2683 1791 2719 communis,
1821 2684 1878 2713 aut
1893 2683 2140 2722 providendum
2170 2683 2221 2714 eis
2235 2683 2275 2715 de

1263 2735 1424 2766 beneficio
1443 2735 1671 2766 eeclesiastico
1686 2745 1746 2766 seu
1761 2736 1802 2766 ad
1817 2736 2059 2775 assignandum
2081 2736 2209 2767 eisdem
2228 2736 2269 2768 de

1263 2789 1441 2819 cotidianis
1450 2789 1748 2820 distributionibus
1755 2789 1949 2820 canonicam
1957 2791 2029 2828 port
2037 2790 2158 2825 ionem,
2169 2789 2274 2820 donec

1263 2842 1302 2871 ad
1316 2843 1504 2881 predictum
1533 2842 1708 2873 denarium
1727 2851 1905 2873 numerum
1923 2842 2039 2873 eadem
2057 2843 2201 2873 ecclesia
2220 2851 2273 2873 re—

1261 2895 1405 2934 digatur,
1415 2896 1552 2926 minime
1563 2898 1714 2926 tencatur
1727 2904 1785 2926 uec
1796 2896 1836 2926 ad
1848 2896 2015 2934 premissa
2027 2895 2077 2926 vel
2086 2895 2271 2934 quicquam
