2519 3262
243 197 301 227 306

799 278 922 310 Orvieto,
942 278 971 305 14
984 278 1079 314 juillet
1101 279 1177 306 1262.

334 282 428 313 193ss

278 365 425 399 Episcopo,
440 366 546 391 decano
563 367 589 391 et
614 364 737 398 capitulo
763 363 922 390 l'alentinis
939 363 1069 398 indulget
1091 367 1119 390 nt
1146 363 1248 389 Jolian-

243 422 320 441 nem.
343 414 548 448 portionarium
567 412 732 439 l‘alcntinae
750 412 898 445 ecclesiae,
919 412 948 438 in
964 413 1065 439 eadem
1079 412 1201 439 ccclesia
1221 411 1249 438 in

241 462 408 489 canonicum
426 462 576 496 recipiant.
598 462 649 487 sub
667 461 879 496 exspectatione
898 461 1085 496 praebendae.
1107 462 1183 495 (Rau.
1203 462 1247 488 29,

242 510 289 538 fol.
312 513 357 538 itit)
374 517 409 543 ν’,
427 516 455 536 n⁰
469 511 543 543 086.)

280 626 296 646 «
314 616 469 656 Episcopo
487 620 514 645 el
528 615 726 655 diler·lisfiliis
738 615 850 646 decano
868 621 894 645 et
911 616 1046 656 capitulo
1060 615 1245 647 Patentinis.

241 670 304 699 Per
321 671 452 699 vestras
479 669 575 699 nobis
592 688 641 698 —.
661 670 779 700 Datum
794 670 882 708 apud
911 670 1199 705 Urbemveterem,
1225 679 1247 699 11

240 722 314 752 idus
327 722 416 760 julii,
433 731 518 751 anno
533 722 642 752 tertio.
660 731 676 751 »

330 883 424 913 1937
775 882 898 913 Orvieto,
915 882 959 909 1⁰r
974 881 1069 917 juillet
1086 881 1169 909 1202.

273 965 478 993 Arcliidiacono
497 966 617 1001 MaJeriti
637 967 663 993 in
682 967 803 994 ecelesia
822 967 979 994 Tlioletana
998 968 1115 993 mandat
1136 968 1245 993 utGar-

238 1015 295 1041 siae
310 1015 397 1046 Petri,
413 1015 528 1049 pauperi
549 1015 653 1042 clerico
671 1016 844 1043 Tholetanae
859 1016 980 1042 diocesisv
999 1017 1016 1048 ¹,
1033 1016 1068 1042 dc
1086 1015 1181 1050 aliquo
1201 1017 1246 1042 be-

238 1063 337 1090 neficio
345 1065 380 1090 ad
390 1073 472 1091 suani
483 1063 572 1098 ipsius
581 1064 764 1092 collationem
775 1068 933 1100 spectante,
943 1065 1100 1099 provideat.
1113 1065 1191 1100 (aas.
1199 1067 1245 1097 29,

239 1112 353 1140 sol.199
373 1118 410 1145 vo,
431 1114 547 1149 noem.)
1180 1106 1181 1109 ’

277 1230 291 1249 t(
312 1220 536 1251 Arclzidiacono
564 1221 701 1262 Majcrile'
724 1222 753 1251 in
779 1222 904 1252 ecclesia
932 1221 1110 1252 leolelana.
1129 1223 1245 1253 Since-

238 1274 320 1304 ritas
349 1276 406 1305 tua
432 1274 588 1305 benivola
617 1293 666 1304 —.
693 1276 818 1306 Datum
837 1276 925 1314 apud
954 1275 1243 1310 Urbemvetereni,

237 1327 392 1358 kalendis
405 1328 494 1366 julii,
514 1337 599 1359 anno
619 1329 730 1359 tertio.
753 1337 769 1358 »

327 1488 421 1518 1938
790 1487 914 1518 Orvieto,
934 1487 964 1514 li
979 1487 1073 1522 juillet
1091 1488 1168 1516 1202.

270 1571 408 1605 Episcopo
434 1571 603 1606 chioncnsi
630 1571 759 1606 indulget
781 1574 809 1598 ut
839 1581 871 1599 ex
892 1572 980 1606 ipsius
1000 1572 1111 1599 clericis
1132 1576 1191 1600 tres
1212 1573 1242 1600 in

234 1620 384 1646 (allionicos
407 1629 439 1647 ac
468 1621 588 1647 totidem
609 1621 636 1647 in
664 1621 854 1655 portionarios
878 1622 906 1648 in
933 1622 1098 1656 {legionensi
1118 1622 1243 1650 eeclesia

235 1669 320 1703 recipi
342 1669 438 1696 faeiat.
458 1670 537 1701 (Rieu.
552 1671 595 1700 29,
615 1670 662 1696 sol.
682 1671 729 1697 luo
747 1676 783 1697 ν’,
801 1676 829 1696 n⁰
844 1672 916 1703 518⁸.)

273 1776 462 1816 «Episcopo
492 1777 680 1815 Lvyionensi.
708 1777 932 1816 Exigentibus
964 1780 1020 1808 tue
1049 1778 1243 1809 devotionis

233 1847 281 1858 --.
306 1830 431 1860 Datum
463 1830 550 1868 apud
576 1830 862 1866 Urbemveterem,
890 1841 911 1860 ιι
939 1831 1015 1861 idus
1043 1831 1134 1870 julii,
1156 1840 1243 1862 anno

232 1882 343 1913 tertio.
363 1893 376 1911 n

327 2048 418 2079 1939
786 2047 911 2080 orvicto,
937 2047 966 2073 lsi
978 2046 1071 2082 juillet
1088 2047 1168 2074 1204.

267 2131 364 2157 Eidem
385 2131 513 2165 indulget
532 2133 556 2156 ut
580 2130 703 2165 quinque
721 2131 911 2165 portionarios
938 2130 1121 2165 Legionensis
1145 2131 1240 2157 ecele-

231 2180 290 2206 siae
322 2180 347 2206 in
373 2181 474 2207 eadem
497 2180 618 2207 ecclesia
642 2180 670 2206 in
697 2180 848 2206 canonicos
876 2180 962 2214 recipi
998 2180 1094 2211 t'aciat,
1118 2180 1170 2206 sub
1196 2189 1242 2206 ex-

231 2229 407 2263 spectatione
429 2229 667 2263 praebendaruu».
687 2229 764 2264 (Rau.
784 2230 827 2259 29,
847 2228 894 2256 l'ol.
911 2230 973 2259 201»,
994 2234 1022 2255 n⁰
1043 2229 1120 2263 989.)

271 2343 285 2361 t(
306 2332 426 2362 Eidem.
459 2333 545 2368 Quia
573 2333 665 2372 digni
693 2334 771 2363 sunt
792 2350 841 2362 -——.
867 2334 988 2364 Datum
1008 2336 1041 2364 ut
1069 2342 1171 2372 supra
1208 2333 1241 2363 in

232 2387 398 2425 proxima.
422 2396 436 2415 >J

324 2548 417 2579 1940
788 2546 913 2578 Orvicto,
935 2546 962 2572 ll
976 2545 1072 2581 juillet
1091 2546 1167 2573 1202.

268 2631 359 2657 Fratri
386 2631 485 2658 Odoni.
512 2630 682 2657 ammulario
696 2639 718 2657 s.
736 2631 893 2657 Genuvel'ae
914 2630 1098 2662 Parisiensis,
1117 2631 1239 2658 inundat

233 2683 258 2707 ut
283 2679 435 2707 ecclesiam
454 2681 487 2706 dc
505 2680 745 2706 Denuo-‚lledardo
765 2680 791 2706 in
814 2679 943 2708 l'ontivo.
963 2682 1113 2706 vacantem
1131 2688 1180 2714 per
1197 2688 1239 2706 re-

233 2729 426 2763 signationem
446 2729 577 2763 magistri
595 2729 743 2760 lobannis,
762 2729 902 2763 magistro
923 2729 1058 2761 livrurdo,
1074 2729 1175 2755 rectori
1197 2738 1241 2756 ce-

233 2777 319 2805 clesie
338 2779 371 2804 ‹le
399 2778 569 2804 ltetcinbois.
588 2777 790 2804 Mnbianensis
805 2777 938 2808 diocesis,
956 2777 1002 2812 qui
1020 2786 1069 2812 per
1083 2778 1241 2812 quinquen-

267 2897 288 2920 1.
306 2896 347 2919 En
365 2902 460 2925 margo
477 2901 481 2919 :
500 2904 512 2918 «
529 2895 702 2919 lca-aminnias
714 2896 761 2921 est,
780 2904 789 2916 n

987 194 1234 226 REGISTRES
1265 193 1479 225 D'URBAIN
1511 193 1568 222 lv.

1306 277 1385 304 nium
1404 277 1530 304 Paris-ius·
1544 277 1572 304 in
1588 278 1698 305 artibus
1715 277 1786 305 rexit
1803 281 1829 305 et
1845 278 1873 304 in
1889 277 2031 313 theologia
2046 277 2164 310 studuit,
2176 279 2316 306 conserat.

1306 327 1384 361 (Itan.
1400 327 1444 358 29,
1464 326 1512 353 fol.
1526 328 1588 357 200,
1607 331 1638 353 n⁰
1653 327 1728 361 990.)

1345 446 1362 467 (ι
1379 436 1484 466 Fratri
1498 436 1608 472 Odoni,
1630 436 1814 467 cancellario
1830 443 1933 466 sancte
1951 436 2101 476 Genovefe
2123 436 2316 467 parisiensis.

1307 490 1402 524 Cum,
1420 490 1506 520 sicut
1521 491 1724 529 accepimus,
1743 490 1887 521 dilectus
1905 490 1997 521 filius
2019 491 2180 529 magister
2195 490 2320 521 Johan-

1306 551 1377 579 nes,
1412 545 1521 574 rector
1546 544 1686 574 ecclesie
1710 544 1750 574 de
1771 544 1891 574 Donno
1920 543 2078 574 Medardo
2101 544 2133 573 in
2162 544 2316 578 pontivo,

1307 596 1346 626 de
1377 605 1438 626 sua
1463 597 1572 627 salute
1603 597 1783 631 sollicitus,
1814 597 1923 627 eidem
1957 597 2098 627 ecclesie
2124 597 2318 628 renuntiare

1307 649 1473 688 disponat,
1491 658 1565 684 nos,
1581 650 1732 680 volentes
1745 650 1867 680 dilecto
1887 650 1956 680 tilio
1976 650 2137 688 magistro
2154 650 2317 686 Evrardo,

1307 703 1427 733 rectori
1455 703 1595 733 ecclesie
1615 704 1654 733 de
1682 702 2142 739 Betembois‚Ambianensis
2157 703 2316 739 diocesis,

1306 756 1363 794 qui
1381 764 1441 795 per
1458 757 1728 795 quinquennium
1747 758 1778 786 et
1799 756 1948 795 amplius
1966 756 2000 786 in
2031 756 2162 787 artibus
2187 757 2318 787 rexisse

1307 809 1461 840 Parisius
1489 812 1521 840 et
1550 810 1584 840 in
1615 810 1784 849 theologia
1814 810 1937 839 dicitur
1971 809 2144 840 studuisse
2178 809 2317 846 ibidem,

1306 862 1443 893 obtentu
1470 863 1582 894 dilecti
1603 863 1664 893 tilii
1692 863 1742 897 B.‚
1763 862 2005 893 Ambianensis
2028 863 2254 893 archidiaconi
2281 871 2318 893 ac

1305 915 1495 947 litterarum
1516 918 1708 947 nostrarum
1724 917 2008 947 contradictarum
2027 916 2204 952 auditoris,
2220 915 2319 947 nobis

1305 977 1363 1007 pro
1385 969 1459 1008 ipso
1480 979 1553 1000 cum
1575 970 1737 1000 instantia
1757 969 1994 1009 supplicantis,
2014 970 2192 1008 providere
2207 969 2247 1000 de
2264 978 2318 1000 ec-

1304 1022 1408 1053 clesia
1422 1023 1628 1062 supradicta,
1642 1023 1839 1054 discretioni
1852 1025 1908 1054 tue
1922 1023 2123 1054 mandamus
2134 1024 2314 1062 quatenus,

1305 1075 1335 1105 si
1365 1078 1414 1106 est
1445 1076 1502 1113 ita,
1534 1076 1641 1107 libera
1670 1086 1688 1107 a
1717 1077 1806 1107 dicto
1835 1077 1988 1107 Johanne
2015 1077 2146 1116 prefate
2171 1076 2313 1107 ecclesie

1305 1129 1532 1168 resignatione
1572 1131 1716 1168 recepta,
1754 1130 1849 1160 illam
1887 1130 2122 1169 prenominato
2152 1131 2316 1169 magistro

1304 1182 1465 1218 Evrardo,
1484 1183 1665 1213 dummodo
1687 1183 1732 1213 sit
1752 1183 1905 1222 ydoneus
1929 1183 2088 1222 aliudque
2109 1183 2317 1213 contrarium

1305 1243 1370 1265 non
1389 1235 1544 1272 obsistat,
1558 1236 1610 1266 vel
1624 1237 1836 1275 procuratori
1854 1245 1927 1272 suo,
1947 1237 2020 1275 eJus
2037 1236 2185 1272 nomine,
2204 1237 2314 1267 aucto-

1306 1289 1404 1319 ritate
1422 1292 1537 1320 nostra
1553 1299 1612 1328 per
1626 1291 1656 1320 te
1674 1290 1726 1321 vel
1742 1299 1802 1329 per
1817 1290 1922 1320 alium
1932 1289 2087 1320 conferas
2099 1291 2130 1320 et
2147 1289 2313 1329 assignes,

1306 1342 1467 1372 inducens
1492 1343 1604 1381 ipsum
1636 1343 1669 1372 in
1694 1343 1805 1381 ipsius
1827 1343 2037 1381 corporalem
2062 1343 2316 1381 possessionem

1306 1396 1338 1426 et
1358 1395 1542 1426 defendens
1556 1396 1743 1433 inductum,
1758 1405 1824 1426 non
1838 1395 1992 1426 obstante
2009 1396 2038 1426 si
2056 1413 2103 1424 —.
2123 1395 2314 1426 Contradic-

1304 1451 1395 1479 tores
1413 1451 1475 1479 etc.
1501 1458 1609 1488 usque
1638 1449 1892 1488 compescendo.
1918 1450 2057 1484 Verum,
2073 1449 2153 1488 quia
2182 1457 2247 1479 non
2267 1452 2317 1480 est

1303 1502 1491 1532 verisimile
1509 1503 1597 1541 quod
1616 1503 1692 1541 quis
1709 1502 1872 1533 beneficio
1894 1502 2011 1532 multis
2034 1503 2117 1532 sorte
2143 1501 2318 1532 laboribus

1303 1555 1481 1594 acquisito,
1494 1556 1533 1585 de
1546 1564 1611 1594 quo
1622 1555 1721 1586 debet
1736 1556 1932 1590 sustentari,
1946 1555 2074 1594 absque
2083 1564 2185 1586 causa
2197 1563 2318 1586 renun-

1303 1609 1375 1644 tiet,
1396 1608 1574 1647 provideas
1602 1609 1764 1639 attentius
1786 1617 1826 1639 ne
1853 1617 1895 1639 ex
1916 1610 2010 1647 parte
2042 1609 2247 1647 resignantis
2264 1608 2318 1638 vel

1303 1661 1384 1691 dicti
1403 1662 1556 1701 magistri
1575 1662 1717 1692 Evrardi
1741 1671 1776 1692 se
1792 1662 1877 1692 alias
1896 1661 2150 1701 quomodolibet
2167 1661 2318 1700 pravitas

1303 1715 1417 1754 aliqua
1445 1716 1640 1746 intercedat.
1667 1716 1835 1746 Volumus
1863 1717 1974 1746 autem
2002 1715 2103 1755 quod,
2136 1718 2318 1754 postquam

1304 1769 1467 1808 magister
1500 1769 1671 1799 Evrardus
1701 1769 1887 1808 predictam
1921 1769 2101 1799 ecclesiam
2129 1768 2168 1799 de
2194 1769 2316 1799 Donno

1302 1822 1462 1852 Meclardo
1484 1822 1585 1852 fuerit
1613 1822 1749 1861 pacifice
1768 1824 1957 1857 assecutus,
1984 1822 2193 1852 nominatam
2213 1822 2317 1853 eccle-

1303 1875 1388 1905 siam
1402 1876 1441 1906 de
1459 1875 1664 1912 Betembois,
1684 1885 1784 1914 qnam
1801 1884 1933 1906 exnunc
1951 1884 2069 1906 vacare
2086 1875 2312 1912 decernimus,

1302 1929 1438 1959 omnino
1467 1929 1626 1959 dimittat.
1655 1929 1796 1959 Proviso
1823 1928 2064 1958 nichilominus
2091 1928 2192 1967 quod,
2217 1930 2317 1968 prout

1302 1982 1449 2021 requiret
1472 1991 1557 2012 onus
1594 1982 1743 2020 predicte
1769 1981 1910 2012 ecclesie
1935 1981 1974 2012 de
2002 1982 2120 2012 Donno
2141 1981 2314 2018 Metlardo,

1302 2035 1391 2065 idem
1419 2036 1581 2073 magister
1613 2036 1648 2065 ti.
1674 2044 1709 2065 se
1740 2035 1838 2065 saciat
1865 2034 2002 2065 statutis
2031 2034 2242 2073 temporibus
2275 2035 2317 2065 ad

1302 2088 1437 2118 ordines
1453 2088 1644 2126 promoveri
1665 2090 1695 2117 et
1715 2088 1940 2126 personaliter
1966 2087 2111 2117 resideat
2130 2088 2162 2117 in
2181 2088 2310 2118 eadem.

1302 2141 1461 2179 Alioquin
1491 2140 1684 2178 hujusmodi
1714 2141 1821 2179 gratia
1854 2141 1981 2170 nullius
2014 2141 2152 2179 penitus
2178 2141 2222 2171 sit
2246 2150 2318 2172 ino-

1301 2194 1416 2224 menti.
1437 2194 1561 2224 Datum
1578 2194 1667 2232 apud
1685 2194 1972 2230 t‘rloemveterem,
1993 2204 2008 2222 v
2030 2194 2106 2224 idus
2120 2193 2209 2232 julii,
2228 2203 2316 2225 anno

1302 2247 1410 2277 tertio.
1432 2258 1446 2275 »

1394 2430 1482 2461 1941
1882 2428 2006 2459 orvieto,
2021 2429 2037 2455 2
2049 2428 2144 2464 juillet
2163 2428 2241 2456 1264.

1335 2513 1465 2548 capitulo
1489 2513 1702 2548 Engolisnionsi
1731 2513 1854 2540 liberam
1881 2513 2033 2540 confirmat
2064 2512 2163 2540 decani
2197 2511 2314 2539 electio·

1300 2571 1375 2590 nem.
1393 2562 1468 2595 (Rau.
1481 2564 1525 2593 29,
1545 2562 1593 2589 l'ol.
1616 2564 1678 2593 201),
1701 2568 1730 2588 n⁰
1748 2562 1825 2597 991.)

1338 2685 1351 2703 «
1373 2673 1517 2714 Capilulo
1529 2673 1768 2713 lz'uqolismensi.
1785 2672 1905 2704 Oblata
1920 2681 2032 2702 coram
2050 2671 2148 2703 nobis
2166 2675 2313 2711 exparte

1271 2723 1272 2729 ¹
1299 2729 1410 2758 vestra
1433 2728 1550 2766 petitio
1575 2726 1770 2757 continebat
1787 2726 1876 2765 quod
1896 2728 1963 2756 tam
1981 2725 2090 2756 felicis
2109 2725 2314 2756 recordatio-

1299 2781 1351 2810 nis
1368 2781 1560 2811 Alexander
1578 2789 1675 2819 papa,
1694 2780 1913 2818 predecessor
1930 2781 2053 2814 noster,
2065 2786 2164 2817 quam
2180 2787 2241 2808 nos
2259 2787 2314 2809 su-

1298 2842 1357 2873 per
1385 2834 1578 2873 provisione
1603 2833 1754 2864 facienda
1781 2833 1883 2863 certis
1898 2832 2053 2871 personis
2071 2832 2110 2862 de
2127 2834 2310 2870 personatu

1298 2887 1349 2917 vel
1373 2887 1536 2926 dignitate
1564 2887 1596 2916 in
1624 2886 1766 2917 ecclesia
1795 2885 2060 2925 Engolismensi,
2086 2885 2118 2915 in
2147 2893 2212 2923 qua
2243 2884 2309 2915 duo
