2519 3262
277 265 314 294 36
979 265 1056 295 LEs·
1080 265 1322 296 RlzGIS't'tnzs
1346 265 1560 296 D'URIJAIN
1586 267 1640 296 IV.

318 365 332 383 α
357 354 496 384 Urbanus
512 356 679 394 episcopus,
700 366 802 385 servus
817 366 970 385 ‚vervorum
988 356 1055 393 Dei,
1077 356 1195 385 dilectis
1208 356 1284 396 filiis
1310 370 1311 376 ¹

277 408 378 437 ablmlt'
395 408 668 437 l'rcmonslrulensz'
684 414 710 438 cc
734 410 837 438 veleris
862 409 1054 439 coabbatibus
1075 415 1100 439 cl
1127 409 1283 439 canonicis

279 461 568 492 Prr‘monslralcnsis
594 462 710 491 ordinis
738 467 798 491 lam
827 463 1016 502 presentibus
1039 474 1126 503 quam
1156 463 1282 502 saturis,

276 515 443 553 remum-em
474 516 564 544 vitam
588 516 744 554 professi&
775 516 1022 556 inperpetuum.
1054 517 1088 546 In
1120 516 1282 546 eminenti
1308 536 1309 545 1

277 569 461 607 apostolice
488 569 579 598 sedis
608 568 755 607 specula,
782 569 859 599 licet
881 570 1053 605 immeriti,
1083 570 1282 607 disponente

275 621 432 656 Domino,
446 621 633 657 constituti,
653 630 710 660 pro
728 622 938 660 singulorum
952 624 1041 652 statu
1057 622 1193 652 solliciti
1208 630 1282 652 (3581
1308 644 1310 653 1,

277 674 512 713 compellimur
538 676 569 704 et
592 682 631 704 ea
656 676 831 705 teneamur
857 676 925 713 (sir)
952 675 1128 714 complecti
1149 684 1212 714 que
1242 674 1283 705 ad

276 727 450 765 religionis
467 727 711 757 incrementum
727 728 895 766 pertinent
911 729 942 758 et
958 729 998 758 ad
1013 729 1173 759 virtutum
1192 736 1280 767 spec·
1309 744 1310 755 1

275 781 347 810 tant
370 781 535 815 ornatum,
556 781 717 819 quatinus
742 781 978 819 religiosorum
1000 782 1098 820 quies
1126 781 1166 811 ab
1190 781 1282 811 omni

276 833 320 863 sit
339 833 590 872 perturbatione
616 842 735 864 secura
761 836 792 864 et
811 844 828 863 a
850 834 930 874 jugo
960 835 1126 864 mundane
1144 843 1282 873 oppres-

276 887 383 917 sionis
410 888 564 917 servetur
584 887 692 922 illesa,
719 896 792 917 cum
814 888 999 926 apostolica
1020 888 1120 918 fuerit
1140 888 1282 918 tuitione

275 940 416 970 munita.
445 940 663 971 Attendentes
682 940 794 979 itaque
813 941 980 979 quomodo
1005 941 1123 980 religio
1146 943 1177 970 et
1204 941 1282 971 ordo

275 994 397 1028 vester,
413 993 519 1023 multa
533 992 704 1032 refulgens
718 993 826 1031 gloria
843 994 1041 1024 meritorum
1059 995 1089 1024 et
1107 994 1215 1032 gratia
1230 1003 1281 1024 re—

274 1045 392 1075 dolens
410 1046 600 1076 sanctitatis
615 1046 772 1085 palmites
784 1055 863 1078 suos
881 1056 899 1076 a
911 1048 996 1077 mari
1013 1056 1119 1086 usque
1136 1047 1175 1077 ad
1190 1056 1280 1077 mare

275 1099 475 1135 extenderit,
496 1099 606 1137 ipsum
628 1099 780 1129 ordinem
806 1101 838 1130 et
859 1100 1037 1130 universas
1058 1101 1175 1130 domos
1193 1101 1281 1139 ejus-

274 1151 349 1182 dem
365 1152 494 1182 ordinis
514 1152 696 1190 apostolIce
713 1153 932 1191 protectionis
951 1154 1100 1192 presidio
1120 1154 1281 1184 duximus

273 1205 498 1236 confovendas
531 1207 562 1236 et
591 1206 740 1244 presenti
771 1206 950 1245 privilegio
974 1208 1185 1237 muniendas.
1220 1207 1281 1237 Ea-

272 1261 420 1298 propter,
442 1259 556 1289 dilecti
574 1259 607 1289 in
623 1259 769 1290 Domino
787 1260 861 1297 filii,
878 1261 1001 1291 vestris
1015 1261 1118 1299 justis
1132 1261 1279 1300 postula-

272 1312 422 1343 tionibus
454 1312 633 1352 benignius
667 1315 865 1349 annuentes,
896 1313 937 1343 ad
967 1314 1141 1352 exemplar
1170 1313 1279 1343 seticis

272 1366 515 1396 recordationis
536 1366 733 1401 Alexandri,
755 1366 862 1402 Lucii,
886 1366 1025 1404 Urbani,
1047 1367 1231 1398 Clementis
1248 1368 1279 1397 et

271 1419 467 1455 Innocentii,
507 1419 783 1458 predecessorum
814 1421 1019 1456 nostrorum,
1048 1421 1278 1451 Romanorum

271 1473 480 1511 pontificum,
503 1473 680 1503 universas
700 1473 870 1512 regulares
896 1473 1129 1504 institutiones
1155 1476 1186 1504 et
1210 1474 1262 1503 dis

271 1526 469 1564 positiones,
489 1535 572 1565 quas
591 1527 630 1556 de
648 1527 818 1557 communi
839 1536 1005 1557 consensu
1024 1527 1075 1557 vel
1091 1527 1230 1566 majoris
1247 1529 1278 1557 et

270 1579 416 1609 sanioris
428 1580 535 1618 partis
554 1579 696 1615 fecissss,
714 1580 801 1610 sicut
818 1580 960 1610 inferius
977 1580 1190 1617 denotantur,
1204 1589 1277 1610 auc-

270 1633 404 1663 toritate
421 1633 606 1672 apostolica
626 1633 825 1663 roboramus
839 1635 869 1664 et
888 1634 1056 1672 presentis
1077 1634 1194 1673 scripti
1213 1634 1277 1673 pri-

269 1686 392 1725 vilegio
406 1687 666 1721 communimus,
683 1687 839 1717 videlicet
855 1689 890 1717 ut
904 1687 984 1717 ordo
999 1687 1190 1723 canonicus,
1202 1696 1278 1727 que-

270 1740 485 1770 madmodum
502 1741 536 1769 in
552 1740 859 1770 Premonstratensi
883 1741 1024 1771 ecclesia
1041 1741 1225 1771 secundum
1244 1741 1275 1771 b.

269 1793 451 1831 Augustini
481 1794 630 1833 regulam
663 1795 695 1824 et
718 1794 980 1833 dispositionem
1011 1794 1184 1825 recolendo
1211 1803 1277 1825 me-

271 1847 376 1877 morie
393 1846 551 1877 Norberti
579 1847 760 1886 quondam,
788 1848 1116 1878 Premonstratensis
1147 1849 1277 1878 ordinis

270 1900 485 1936 institutoris,
499 1902 529 1931 et
547 1909 779 1931 successorum
798 1910 936 1931 snorum
953 1901 984 1931 in
1003 1902 1143 1932 candido
1160 1901 1277 1932 habitu

270 1953 447 1984 institutus
469 1962 542 1984 esse
561 1954 779 1992 dignoscitur,
802 1963 860 1992 per
882 1963 999 1984 omnes
1020 1955 1169 1993 ejusdem
1188 1955 1276 1985 ordi-

272 2007 324 2036 nis
344 2006 505 2036 ccclesias
533 2007 706 2045 perpetuis
725 2006 934 2045 temporibus
961 2007 1204 2038 inviolabiliter
1222 2007 1274 2037 ob-

270 2061 422 2089 servetur
437 2061 467 2090 et
485 2060 598 2090 eedem
614 2059 749 2098 penitus
769 2059 997 2096 observancie,
1020 2060 1121 2090 iidem
1143 2069 1276 2099 quoque
1301 2055 1303 2109 A?

270 2112 349 2143 libri
367 2113 423 2152 qui
447 2113 487 2142 ad
504 2112 656 2142 divinum
676 2112 822 2143 osticium
847 2113 1028 2151 pertinent,
1053 2113 1093 2143 ab
1119 2113 1275 2144 omnibus

270 2166 419 2204 ejusdcm
441 2165 569 2196 ordinis
587 2166 801 2196 uniformiter
816 2168 992 2196 teneantur
1014 2175 1072 2196 nec
1090 2166 1203 2205 aliqua
1224 2176 1274 2197 or-

269 2219 374 2249 clesia
391 2219 440 2250 vel
459 2228 603 2258 persona
625 2219 753 2249 ordinis
777 2219 879 2249 vestri
901 2219 1064 2249 adversus
1084 2221 1275 2250 communia
1301 2248 1302 2251 ,

269 2272 419 2311 oJ'usdem
437 2272 565 2303 ordinis
584 2273 739 2303 instituta
765 2272 981 2311 privilegium
1002 2273 1136 2312 aliquod
1160 2275 1275 2312 postu-

268 2326 338 2356 lare
356 2326 410 2356 vel
429 2325 602 2356 obtentum
620 2326 740 2356 audeat
756 2325 1008 2365 quomodolibet
1026 2327 1182 2356 retinere.

308 2379 409 2409 Nulla
426 2379 527 2409 otiam
544 2379 763 2410 ecelesiarum
784 2380 813 2409 ei
836 2388 935 2418 quam
954 2379 1069 2418 genuit
1090 2379 1275 2418 quamlibet

269 2432 394 2464 terreni
411 2432 578 2463 commodi
596 2433 806 2462 exactionem
819 2432 981 2471 imponat,
1000 2433 1057 2463 sed
1074 2434 1202 2463 tantum
1221 2442 1272 2472 pa-

268 2487 320 2516 ter
335 2485 439 2516 abbas
450 2494 564 2515 curam
581 2485 620 2515 de
634 2485 785 2524 profectu
799 2487 866 2515 tam
880 2485 939 2515 filii
956 2484 1087 2516 abbatis
1099 2494 1198 2524 quam
1214 2487 1274 2515 l'ra-

268 2541 356 2570 trum
372 2539 491 2569 domus
506 2538 599 2568 illius
613 2538 743 2574 habeat,
762 2541 793 2569 et
809 2540 1010 2577 potestatem
1027 2538 1145 2570 habeat
1157 2547 1274 2569 secui.—

269 2593 346 2622 dum
360 2592 510 2623 ordinem
523 2591 709 2631 corrigendi
724 2591 830 2631 quein
842 2601 880 2622 ea
893 2592 1023 2622 noverit
1035 2592 1231 2631 corrigenda
1242 2595 1274 2623 et
1300 2602 1301 2610 ¹

268 2645 318 2675 illi
338 2645 380 2681 ei,
399 2646 559 2684 tanquam
578 2645 677 2684 patri,
696 2645 923 2675 reverenciam
941 2644 1079 2675 filialem
1102 2645 1274 2676 humiliter
1299 2663 1301 2667 ν

268 2699 458 2729 exhibeant.
473 2698 585 2729 Abbas
596 2699 708 2728 autem
718 2698 1193 2728 Premonstratensisecclesie
1210 2708 1274 2738 que

268 2753 374 2782 mater
399 2760 474 2782 esse
503 2751 712 2791 dignoscitur
740 2751 896 2787 aliarum,
927 2759 992 2781 non
1019 2751 1128 2781 solum
1159 2753 1193 2782 in
1221 2752 1273 2782 liis

268 2814 351 2844 quas
371 2805 516 2835 instituit
535 2804 594 2835 sed
613 2805 714 2835 etiam
735 2804 768 2834 in
784 2804 941 2834 omnibus
960 2803 1037 2834 aliis
1055 2804 1204 2843 ejusdem
1224 2814 1273 2835 or-

267 2858 357 2889 dinis
374 2860 404 2888 et
431 2857 628 2897 dIgnitatem
655 2858 688 2887 et
715 2857 862 2887 ot'licium
891 2857 998 2895 patris
1026 2857 1173 2888 obtineat
1192 2860 1223 2888 et
1243 2858 1272 2888 ei

268 2911 308 2941 ab
329 2910 485 2941 omnibus
499 2912 567 2941 tam
584 2909 762 2940 abbatibus
779 2919 879 2949 quam
899 2909 1060 2940 fratribus
1087 2910 1199 2941 debita
1217 2919 1271 2950 pa-

268 2964 310 2994 tri
338 2963 528 2994 obedientia
556 2963 780 3002 impendatur.
806 2963 962 2993 Preterea
985 2971 1102 2993 omnes
1133 2962 1270 2994 abbates

1341 356 1469 386 ordinis
1493 357 1595 387 vestri
1621 357 1765 396 singulis
1793 359 1891 388 annis
1914 359 1952 389 ad
1977 359 2132 398 generale
2163 359 2348 398 capitulum

1339 410 1665 446 Promonstratense,
1691 412 1880 450 postposita
1903 412 1994 442 omni
2022 413 2209 448 occasione,
2231 422 2347 443 conv(-

1341 463 1445 498 niant,
1471 463 1541 493 ilus
1563 463 1646 493 solis
1667 465 1818 503 exceptis
1846 474 1932 503 quos
1958 475 1975 494 a
1995 464 2108 495 labore
2129 465 2179 495 vie
2196 467 2347 505 corporis

1339 516 1561 546 retardaverit
1588 517 1779 554 infirmitas,
1805 518 1861 556 qui
1890 520 2002 548 tamen
2020 518 2188 556 ydoneum
2220 527 2279 557 pro
2311 527 2347 549 se

1340 568 1494 608 delegare
1520 569 1690 600 debebunt
1717 571 1877 600 nuncium
1903 579 1960 609 per
1987 579 2086 609 quem
2110 572 2295 601 necessitas
2315 574 2346 602 et

1339 630 1439 652 causa
1458 623 1695 653 remorationis
1717 632 1776 653 sue
1792 624 1940 662 capitulo
1956 624 2088 655 valeant
2104 624 2273 655 nunciare.
2291 625 2348 655 Hii

1339 677 1450 705 autem
1473 676 1529 714 qui
1554 676 1587 706 in
1614 676 1854 707 remotioribus
1870 676 2024 716 partibus
2052 676 2255 713 habitantes,
2275 677 2348 708 sine

1338 729 1431 767 gravi
1445 728 1643 759 dit'ticultate
1656 729 1802 769 singulis
1818 730 1915 760 annis
1928 738 1962 760 se
1976 731 2189 769 nequiverint
2201 730 2347 769 capitulo

1338 784 1545 820 presentare,
1564 783 1596 812 in
1614 792 1652 812 eo
1677 783 1822 813 termino
1849 784 2049 813 conveniant
2076 783 2132 821 qui
2157 783 2190 812 in
2210 783 2284 821 ipso
2299 783 2348 813 eis

1339 835 1486 873 capitulo
1496 835 1595 866 fuerit
1614 836 1802 866 institutus.
1816 836 1939 867 Sivero
1957 836 2099 875 quilibet
2117 835 2276 866 abbatum
2291 838 2347 866 aut

1339 888 1587 927 prepositorum
1622 898 1680 928 per
1705 890 1949 919 contumaciam
1981 892 2131 920 vestrum
2162 889 2347 928 capitulum

1340 941 1552 980 frequentare
1567 943 1741 979 desierint,
1767 943 1865 972 liceat
1891 942 2003 973 abbati
2026 942 2346 979 Premenstratensi,

1339 994 1480 1024 consilio
1499 995 1550 1024 sui
1577 996 1727 1034 capituli,
1748 1005 1805 1026 eos
1833 1004 1940 1035 usque
1965 996 2006 1026 ad
2029 996 2164 1035 dignam
2194 995 2346 1026 satisfac·

1339 1047 1463 1077 tionem
1488 1049 1656 1078 sententia
1682 1049 1863 1087 percellere
1886 1049 2052 1088 regularig
2083 1050 2116 1079 et
2143 1049 2348 1079 sententiam

1339 1109 1439 1139 quam
1464 1101 1615 1139 prefatus
1641 1102 1970 1132 Premonstratensis
1998 1102 2101 1132 abbas
2127 1102 2198 1132 sive
2228 1102 2262 1132 in
2292 1110 2347 1141 ge-

1338 1153 1444 1183 nerali
1466 1154 1613 1192 capitulo
1639 1155 1710 1185 sive
1741 1158 1835 1186 extra
1863 1155 2049 1194 capitulum
2078 1155 2221 1186 consilio
2249 1154 2347 1185 coab-

1337 1206 1453 1237 batum
1476 1207 1510 1237 in
1537 1208 1686 1246 prelatos
1716 1210 1748 1239 et
1775 1208 1930 1239 subditos
1956 1209 2061 1239 totius
2084 1209 2213 1239 ordinis
2242 1208 2347 1239 vestri

1336 1260 1493 1290 canonice
1509 1261 1638 1294 tulerit,
1653 1261 1737 1291 nulli
1750 1262 2081 1301 archiepiscoporum
2097 1270 2157 1292 seu
2174 1261 2346 1300 episcopo-

1338 1322 1424 1350 rum,
1440 1313 1506 1343 nisi
1526 1314 1610 1344 sorte
1629 1315 1668 1345 de
1685 1314 1807 1345 mando
1825 1315 1967 1345 Romani
1982 1315 2164 1354 pontificis,
2181 1315 2281 1346 liceat
2298 1323 2347 1345 re-

1336 1367 1463 1398 laxare.

1376 1421 1413 1451 ln
1439 1421 1587 1460 generali
1613 1422 1716 1461 igitur
1741 1423 1852 1452 vestro
1879 1421 2039 1461 capitulo,
2070 1421 2263 1460 presidente
2290 1420 2343 1451 ab·

1336 1473 1410 1505 bate
1438 1475 1746 1506 Premonstratensi
1771 1475 1959 1514 ceterisque
1982 1474 2245 1505 consedentibus
2265 1476 2295 1505 et
2314 1474 2347 1504 in

1336 1528 1458 1566 spiritu
1482 1528 1543 1559 Dei
1567 1528 1836 1567 cooperantibus,
1865 1529 1905 1559 de
1926 1529 1993 1559 hiis
2012 1537 2076 1568 que
2101 1528 2142 1558 ad
2164 1527 2347 1558 edificatio-

1336 1590 1411 1611 nem
1429 1582 1630 1616 animarum,
1649 1582 1690 1612 ad
1706 1582 1963 1613 instructionem
1982 1590 2112 1612 morum
2133 1583 2165 1612 et
2183 1581 2223 1611 ad
2241 1580 2343 1610 insor-

1336 1635 1519 1665 mationem
1551 1636 1651 1674 atque
1688 1635 1934 1666 incrementum
1968 1635 2135 1674 regularis
2166 1633 2346 1673 discipline

1336 1688 1547 1727 spectabunt,
1568 1697 1679 1719 sermo
1694 1689 1838 1728 diligens
1863 1688 2036 1719 habeatur.
2060 1689 2165 1718 Porro
2183 1688 2222 1718 de
2240 1687 2348 1718 omni-

1334 1741 1398 1772 bus
1415 1742 1651 1781 questionibus
1668 1744 1698 1773 et
1718 1742 1878 1781 querelis,
1898 1744 1967 1772 tam
1987 1740 2224 1780 spiritualibus
2243 1748 2345 1780 quam

1334 1795 1591 1834 temporalibus,
1612 1805 1676 1834 que
1696 1796 1730 1825 in
1751 1796 1825 1835 ipso
1844 1795 1992 1834 capitulo
2016 1795 2189 1834 proposite
2206 1794 2344 1828 suerint,

1335 1848 1420 1878 illud
1436 1850 1588 1879 teneatur
1608 1848 1889 1888 irrefragabiliter
1910 1851 1939 1879 et
1959 1850 2112 1879 servetur
2129 1848 2217 1887 quod
2240 1846 2345 1878 abbas

1333 1902 1662 1932 Premonstratensis
1691 1911 1767 1932 cum
1796 1902 1862 1932 hiis
1888 1902 1946 1941 qui
1977 1901 2124 1931 sanioris
2152 1900 2286 1931 consilii
2313 1902 2344 1930 et

1334 1955 1442 1994 magis
1459 1955 1580 1994 ydonei
1602 1955 1832 1994 apparuerint,
1846 1954 1936 1993 juste
1953 1964 1989 1985 ac
2012 1954 2150 1993 provide
2166 1953 2342 1993 judicabit.

1333 2008 1418 2037 Sane
1435 2008 1462 2037 si
1481 2007 1585 2037 abbas
1602 2008 1728 2046 aliquis
1744 2008 1849 2038 vestri
1866 2007 1995 2037 ordinis
2016 2007 2152 2037 infamis
2171 2007 2223 2037 vel
2243 2007 2344 2037 inuti—

1333 2060 1377 2090 lis
1403 2062 1460 2091 aut
1490 2061 1618 2091 ordinis
1651 2061 1704 2091 sui
1731 2061 1959 2100 prevaricator
1993 2061 2150 2091 inventus
2180 2060 2281 2091 fuerit
2312 2062 2344 2091 et

1332 2114 1427 2152 prius
1446 2123 1505 2152 per
1523 2116 1652 2152 patrem
1669 2123 1769 2144 suum
1789 2113 1944 2144 abbatem
1963 2116 2017 2144 aut
2035 2122 2093 2152 per
2111 2116 2245 2144 nuntios
2262 2122 2342 2144 suos

1300 2155 1302 2184 ’ἶ
1332 2167 1548 2202 ammonitus,
1564 2175 1662 2197 suum
1677 2167 1844 2207 corrigere
1858 2168 1913 2205 >etj
1928 2167 2106 2197 emendare
2117 2167 2276 2197 delictum
2289 2175 2342 2197 ne-

1332 2220 1476 2259 glexerit
1489 2222 1545 2250 aut
1560 2220 1689 2256 cedere,
1705 2221 1733 2250 si
1746 2220 1952 2250 :unos-endas
1966 2220 2078 2256 suerit,
2093 2221 2212 2259 sponte
2227 2220 2341 2250 nolue-

1332 2273 1386 2308 rit,
1402 2273 1598 2303 auctoritatc
1617 2273 1784 2311 generalis
1804 2273 1944 2312 capituli
1960 2272 2147 2312 deponatur
2163 2275 2194 2303 et
2211 2273 2344 2312 deposi-

1331 2327 1386 2356 tus
1400 2327 1472 2356 sine
1489 2326 1651 2356 dilatione
1670 2327 1711 2356 ad
1726 2327 1863 2357 domum
1880 2326 1967 2357 unde
1985 2326 2091 2356 exivit
2110 2334 2170 2356 seu
2182 2326 2223 2356 ad
2240 2326 2343 2356 aliam

1332 2379 1483 2418 ejusdem
1507 2379 1637 2409 ordinis
1660 2388 1761 2418 quam
1780 2379 1931 2418 elegerit,
1957 2379 2031 2409 sine
2054 2379 2124 2409 ulla
2149 2379 2343 2410 conditione

1331 2432 1529 2471 temporalis
1553 2433 1733 2468 commodi,
1752 2434 1951 2467 revertatur,
1977 2433 2010 2462 in
2032 2431 2224 2463 obedientia
2242 2431 2342 2462 abba-

1330 2486 1386 2521 tis,
1400 2486 1485 2516 sicut
1503 2486 1603 2516 ceteri
1620 2486 1741 2517 fratres
1759 2487 1868 2525 ipsius
1884 2486 2016 2520 domus,
2035 2485 2176 2516 firmiter
2186 2494 2343 2525 perman-

1331 2548 1444 2569 surus.
1461 2539 1495 2569 Id
1514 2539 1637 2578 ipsum,
1657 2539 1757 2570 etiam
1776 2539 1842 2569 alio
1859 2541 2022 2578 tempore,
2041 2539 2069 2569 si
2086 2546 2224 2569 necesse
2238 2538 2341 2569 fuerit

1331 2593 1362 2622 ct
1386 2592 1571 2631 capitulum
1591 2593 1663 2622 sine
1681 2592 1840 2623 scandalo
1858 2592 1911 2622 vel
1928 2592 2078 2631 periculo
2095 2592 2266 2631 expectari
2283 2600 2339 2623 ue·

1331 2645 1488 2684 quiverit,
1510 2654 1568 2684 per
1591 2645 1745 2676 abbatem
1772 2646 2124 2676 Premonstratensem
2150 2646 2183 2676 et
2207 2647 2338 2684 patrem

1331 2697 1484 2728 abbatem
1506 2701 1537 2728 et
1552 2699 1638 2729 alios
1658 2698 1797 2729 abbates
1813 2707 1898 2738 quos
1914 2698 2095 2735 vocaverit,
2113 2698 2187 2729 fieri
2210 2697 2337 2728 licebit.

1330 2751 1424 2786 Quod
1447 2751 1474 2781 si
1497 2751 1671 2790 depositus
1697 2751 1731 2782 in
1753 2760 1789 2782 se
1812 2751 1888 2781 date
1912 2751 2075 2782 sententie
2097 2750 2342 2781 contumaciter

1330 2804 1496 2835 contraire
1509 2805 1736 2843 temptaverit,
1756 2806 1824 2835 tam
1838 2805 1910 2843 ipse
1927 2813 2028 2843 quam
2044 2803 2250 2843 principales
2264 2803 2337 2843 ejus

1329 2857 1386 2896 qui
1403 2857 1442 2887 de
1457 2857 1574 2888 ordine
1589 2860 1701 2888 vestro
1719 2857 1855 2894 fuerint,
1876 2858 1910 2887 in
1929 2857 2140 2888 contumacia
2155 2865 2216 2887 sua
2230 2856 2338 2887 fauto-

1329 2919 1383 2940 res
1402 2909 1442 2940 ab
1474 2910 1594 2941 abbate
1623 2911 1931 2941 Premonstratensi
1956 2912 1987 2941 et
2014 2910 2135 2941 ceteris
2157 2908 2337 2940 abbatibus

1329 2971 1470 2994 censura
1489 2963 1727 3000 ecclesiastica,
1747 2963 1850 2994 donec
1869 2963 2091 3000 satisfaciant,
2110 2964 2297 2994 arceantur.
