2519 3262
1020 220 1262 259 TROISIEME
1290 219 1452 256 ANNEE.
2216 227 2273 255 335

194 320 324 341 necnon
347 313 379 341 et
400 311 582 350 prebendis
599 320 636 341 ac
661 311 895 350 prestimoniis
919 320 983 350 que
1005 311 1037 340 in
1066 310 1208 349 prefatis

195 366 228 395 et
243 364 404 394 Auriensi
425 364 578 395 ecclesiis
598 365 739 404 adeptus
755 374 802 399 es,
825 366 856 395 et
874 373 937 403 que
949 364 1209 402 quadringenta-

197 426 272 447 rum
298 426 488 447 marcarum
512 417 754 456 sterlingorum
785 417 935 447 valorem
966 425 1115 446 annuum
1142 423 1208 445 non

196 470 379 509 attingunt,
395 470 501 501 libere
528 471 673 501 retinere
697 471 824 505 valeas,
846 470 1085 500 constitutione
1110 476 1207 507 gene-

196 523 280 553 ralis
297 524 431 554 concilii
458 532 559 562 super
583 524 645 554 hoc
667 524 769 558 edita,
790 525 822 553 et
839 523 898 552 illa
916 531 1017 561 quam
1036 521 1121 552 bone
1140 529 1208 551 me-

194 577 301 607 morie
315 577 359 612 J.,
376 577 555 615 episcopus
563 576 773 612 Sabinensis⁷
792 579 870 606 tunc
885 576 918 605 in
933 574 1087 614 partibus
1102 575 1209 612 Yspa-

194 630 249 660 nie
263 630 447 668 apostolice
461 630 705 669 sedislegatus,
717 630 833 665 edidit,
846 637 1059 667 nequaquam
1074 627 1207 658 obstan-

194 681 297 719 tibus,
313 683 510 713 auctoritate
524 682 588 712 tibi
599 682 808 721 presentium
822 681 1047 719 indulgemus.
1065 680 1206 710 Proviso

194 735 284 774 quod
294 735 598 772 archidiaconatus,
610 735 804 771 decanatus,
819 734 953 764 abbatia
963 735 995 764 et
1004 734 1206 772 personatus

193 789 246 819 vel
261 789 419 828 dignitas,
438 788 607 827 prebende
620 797 657 818 ac
673 788 896 827 prestimonia
907 787 1101 825 supradicta
1116 785 1206 816 debi-

192 841 238 872 tis
256 849 322 871 non
339 841 537 871 fraudentur
553 841 739 879 obsequii&
757 842 789 870 et
808 841 999 870 animarum
1015 839 1048 869 in
1068 839 1117 869 eis
1134 839 1205 878 qui-

192 893 256 924 bus
275 894 430 924 imminet
448 895 565 932 [cura],
583 894 778 924 nullatenus
795 893 995 932 negligatur.
1015 892 1111 923 Nulli
1126 901 1205 931 ergo

192 948 306 977 nostre
331 946 560 977 concessionis
584 963 632 975 —.
653 947 777 977 Datum
805 946 894 984 apud
913 945 1203 981 Urbemveterem,

193 1008 216 1029 x
235 999 398 1030 kalendas
415 999 630 1038 septembris,
652 1008 738 1030 anno
755 999 869 1030 tertio.
888 1009 902 1028 ι)

776 1173 901 1206 Orvieto,
919 1174 953 1201 23
968 1176 1033 1200 aout
1054 1173 1131 1201 1264.

280 1175 375 1206 2081

224 1258 433 1285 Archidiacono
450 1259 484 1285 de
500 1258 619 1293 Ripasili
646 1259 672 1285 in
692 1258 815 1285 ecclesia
834 1259 1009 1285 Astoricensi
1026 1259 1144 1285 mandat
1161 1260 1202 1289 ut,

189 1307 308 1334 obtentu
335 1307 469 1342 magistri
495 1307 645 1340 Johannis,
661 1308 803 1342 capellani
820 1307 982 1342 apostolici,
1006 1306 1202 1334 archidiaconi

188 1357 224 1382 de
257 1357 447 1384 Transtamar
472 1357 500 1383 in
531 1356 652 1384 ecclesia
679 1357 922 1391 Compostellana,
952 1356 1028 1392 regis
1061 1356 1203 1383 Castellae

189 1405 308 1439 notarii,
326 1406 464 1433 Roderico
479 1406 621 1433 Roderici.
638 1406 776 1433 canonico
792 1406 935 1437 Auriensi,
953 1406 1083 1442 ejusdcm
1099 1405 1204 1432 Johan-

189 1453 234 1481 nis
253 1454 402 1488 familiari,
420 1456 454 1482 de
474 1455 571 1489 aliquo
596 1458 749 1489 personatu
766 1455 809 1481 vel
831 1455 974 1490 dignitate
994 1463 1058 1481 cum
1083 1455 1204 1489 praesti-

189 1503 295 1530 moniis
321 1503 349 1530 in
374 1504 475 1530 eadem
500 1504 632 1531 Auriensi
658 1504 789 1535 ecclesia,
814 1504 983 1539 magisterio
1013 1503 1156 1530 scolarum
1175 1506 1204 1531 et

188 1551 369 1579 thesauraria
388 1553 525 1580 duntaxat
549 1553 686 1587 exceptis,
706 1552 862 1587 provideat.
887 1553 965 1585 (Rea.
986 1554 1031 1585 29,
1065 1552 1112 1580 sol.
1138 1554 1201 1583 217,

189 1607 219 1627 n⁰
240 1602 330 1636 1131.)

230 1717 245 1736 «
262 1707 489 1737 Archidiacono
520 1707 556 1736 de
592 1707 729 1747 Bipasilz'
760 1708 788 1736 in
834 1708 962 1737 ccclesia
1001 1708 1201 1738 Astorz'censi.

188 1761 319 1790 Decens
337 1761 368 1790 et
387 1769 572 1800 congruum
586 1779 634 1790 —.
654 1761 779 1791 Datum
797 1763 833 1790 ut
851 1770 965 1800 supra.
986 1771 1001 1790 »

277 1934 376 1965 2032
773 1934 898 1964 Orvieto,
919 1935 953 1961 25
966 1936 1032 1960 aout
1052 1934 1129 1961 1264.

222 2017 430 2044 Archidiacono
452 2018 486 2044 de
511 2017 646 2044 Trivinno
674 2018 703 2044 in
726 2018 848 2045 ecclesia
873 2018 1010 2053 Burgensi
1034 2019 1153 2045 mandat
1170 2021 1202 2046 ut

185 2066 335 2093 Alfonsum
360 2067 499 2094 Johannis
514 2067 669 2101 scolarem,
690 2070 824 2102 nepotem
841 2067 990 2098 Johannis,
1005 2068 1201 2095 archidiaconi

186 2115 220 2142 de
244 2116 434 2143 Transtamar
455 2116 484 2142 in
514 2116 636 2143 ecclesia
664 2116 908 2151 Compostellana,
939 2117 1043 2143 ascribi
1074 2116 1200 2144 clericali

185 2164 308 2191 militiae
326 2165 501 2199 cupientem,
529 2165 558 2192 in
576 2165 697 2192 ecclesia
719 2166 885 2200 Segobiensi
912 2166 940 2192 iu
955 2166 1124 2193 canonicum
1149 2167 1201 2193 suh

184 2214 399 2248 exspectatione
428 2214 606 2248 praebendae
632 2214 720 2249 recipi
750 2214 846 2242 saciat.
877 2216 959 2249 (Bne.
987 2217 1030 2245 29,
1057 2216 1104 2242 sol.
1136 2216 1198 2247 217,

185 2265 218 2288 n⁰
234 2262 326 2297 1132.)

227 2378 241 2396 ((
255 2366 482 2397 Archidiacono
498 2366 533 2396 cle
553 2366 695 2397 Trioz'nno
709 2367 740 2396 in
756 2367 881 2396 ecclesia
899 2368 1060 2407 Buryensz'.
1076 2369 1127 2398 Ex
1144 2368 1199 2398 he-

186 2420 371 2450 nivolentia
396 2429 461 2458 qua
484 2437 536 2449 —.
553 2420 679 2450 Datum
707 2421 795 2459 apud
825 2421 1114 2459 Urbeinveterem,
1138 2431 1197 2451 νιιι

186 2473 350 2504 kalendas
369 2473 583 2511 septembris,
605 2481 692 2503 anno
708 2474 819 2504 tertio.
842 2484 856 2503 »

277 2641 374 2672 2083
745 2640 870 2672 Orvieto,
890 2641 920 2667 17
931 2640 1026 2676 juillet
1047 2641 1124 2668 1264.

222 2725 390 2759 Praeposito
414 2723 552 2751 ecclesiae
580 2733 603 2750 s.
619 2723 732 2758 Georgii
757 2724 936 2751 coloniensis
962 2726 1081 2752 mandat
1103 2728 1132 2752 ut
1148 2726 1200 2753 Go-

186 2773 329 2799 det'ridum
350 2773 384 2799 dc
407 2773 541 2806 Elistorp,
562 2772 700 2799 clericum
717 2773 894 2799 Coloniensis
916 2773 1048 2804 diocesis,
1078 2775 1196 2801 obtentu

186 2822 302 2849 comitis
320 2821 501 2853 Juliacensis,
520 2821 548 2847 in
564 2820 686 2848 ecclesia
702 2830 740 2847 ss.
764 2822 966 2855 Apostolorum
984 2823 1197 2849 ‹zolouieusium

187 2871 215 2897 in
245 2870 415 2898 canonicum
447 2870 499 2896 sub
525 2869 740 2904 exspectatione
768 2870 947 2904 praebendae
980 2871 1067 2905 recipi
1099 2870 1196 2898 faciat.

187 2920 265 2954 (Rau.
287 2920 333 2953 29,
349 2919 395 2947 fol.
417 2920 468 2946 217
483 2923 522 2949 νῦ,
541 2922 571 2944 11⁰
588 2918 678 2952 1133.)

1308 319 1323 337 «
1345 308 1504 347 Preposito
1530 307 1651 337 ecclesie
1675 317 1698 337 s.
1716 306 1839 347 Georyiz'
1862 306 2061 337 Coloniensis.
2079 308 2276 337 Affectionis

1267 363 1405 400 paterne
1433 361 1583 391 studium
1610 378 1659 388 -.
1687 361 1811 390 Datum
1835 361 1923 398 apud
1952 360 2238 397 Urbemveterem,
2256 370 2275 390 x

1267 414 1431 444 kalendas
1451 413 1598 452 augusti,
1617 422 1703 443 anno
1718 414 1828 443 tertio.
1850 424 1864 442 J)

1358 585 1455 616 2084
1848 583 1972 612 Orvieto,
1989 583 2108 618 'ljuillet
2131 585 2205 610 1204.

1303 668 1421 695 Radulfo
1438 669 1471 694 de
1497 667 1608 702 Dargiis
1635 667 1798 694 Belvacensi
1817 670 1843 694 et
1866 668 2006 702 magistro
2027 668 2155 695 Mathaeo
2177 669 2211 694 de
2227 668 2276 694 Sa-

1266 717 1384 751 vegnies
1405 716 1603 743 Suessionensi
1619 716 1764 743 canonicis
1780 717 1898 743 mandat.
1919 719 1946 743 ut
1965 717 2105 751 magistro
2125 717 2277 743 (luillelmo

1265 766 1298 792 de
1320 766 1451 797 Merloto,
1468 766 1529 801 jam
1554 766 1693 793 canonico
1709 766 1894 792 Ambianensi
1913 768 2040 800 recepto,
2056 767 2089 792 de
2114 766 2277 800 praebenda

1266 813 1295 841 in
1320 816 1420 842 eadem
1437 815 1558 842 ecclesia
1576 815 1722 850 quamcito
1740 815 1919 849 provideant.
1939 816 2015 849 (Rae.
2038 816 2081 845 29,
2099 815 2146 841 sol.
2164 816 2215 842 217
2236 819 2276 846 v⁰‚

1264 868 1295 889 11⁰
1314 864 1408 897 1134.)

1306 980 1320 998 (ι
1338 969 1475 1009 Badulfo
1497 969 1534 1000 de
1558 969 1683 1009 Dargyiis
1701 969 1879 1000 Belvacensi
1896 975 1923 1000 et
1940 971 2082 1010 nmqislro
2099 970 2219 1000 Matheo
2242 969 2278 1000 de

1264 1022 1431 1063 Saveqnz'es
1457 1024 1668 1053 Suessionensi
1693 1023 1854 1053 canonicis.
1875 1024 2029 1054 Dilectus
2046 1024 2137 1053 tilius
2155 1024 2276 1062 magis-

1263 1078 1313 1107 ter
1333 1094 1383 1107 -——.
1406 1077 1530 1107 Datum
1548 1077 1637 1115 apud
1662 1077 1951 1112 Urbemveterem,
1968 1077 2066 1107 nonis
2081 1077 2171 1116 julii,
2190 1086 2276 1108 anno

1263 1129 1375 1160 tertio.
1397 1140 1411 1158 ι)

1355 1302 1452 1333 2085
1851 1301 1975 1333 Orvieto,
1997 1303 2024 1329 11
2042 1304 2108 1329 aout
2127 1302 2203 1329 1264.

1300 1385 1438 1419 Magistro
1460 1385 1537 1411 Adae
1562 1385 1734 1419 presbitero,
1763 1387 1869 1413 rectori
1894 1386 2032 1413 ecclesiae
2065 1387 2098 1412 sle
2126 1387 2276 1419 Curcellis,

1263 1434 1465 1461 Atrebatensis
1488 1434 1622 1465 diocesis,
1641 1434 1771 1470 indulget
1785 1437 1825 1465 ut,
1843 1435 1948 1462 citatus
1970 1437 2005 1462 ad
2023 1436 2132 1462 curiam
2149 1436 2184 1462 ab
2200 1436 2275 1469 epis-

1263 1491 1334 1516 copo
1358 1483 1540 1510 Atrebatensi
1564 1483 1592 1509 in
1610 1491 1695 1510 causa
1712 1483 1787 1510 inter
1807 1485 1850 1514 O.‚
1868 1493 1891 1511 s.
1912 1485 2029 1511 Adriani
2045 1484 2196 1511 diaconum
2212 1493 2275 1511 car-

1262 1531 1400 1563 dinalem,
1421 1535 1450 1559 et
1473 1532 1630 1566 capitulum
1650 1533 1799 1559 ltemensis
1824 1533 1962 1560 ecclesiae
1974 1536 2114 1568 vertente,
2135 1542 2185 1568 pro
2202 1543 2276 1561 anno

1263 1580 1406 1614 praesenti
1417 1580 1525 1607 fructus
1535 1581 1674 1608 ecclesiae
1688 1581 1716 1608 in
1728 1582 1859 1608 absentia
1870 1583 2016 1617 percipere
2025 1584 2127 1610 valeat.
2139 1584 2215 1617 tileo.
2231 1584 2275 1614 29,

1263 1628 1311 1656 fol.
1327 1630 1378 1656 217
1390 1635 1427 1663 v⁰‚
1440 1630 1572 1663 n01135.)

1303 1745 1318 1763 «
1338 1735 1488 1774 Magistro
1508 1734 1574 1764 Ade
1589 1735 1773 1774 presbiter&
1792 1736 1903 1765 rectori
1922 1736 2041 1766 ecclesie
2060 1736 2095 1767 de
2112 1736 2272 1774 Culwellis,

1262 1787 1472 1817 Act-chaterzsis
1488 1788 1625 1817 diocesis.
1638 1789 1827 1819 Desideriis
1840 1789 1909 1819 tuis
1926 1790 1959 1819 in
1976 1809 2024 1820 —.
2044 1790 2169 1820 Datum
2186 1790 2275 1829 apud

1262 1840 1553 1878 Urbemveterem,
1573 1851 1607 1871 ιιι
1630 1842 1706 1872 idus
1726 1843 1874 1882 augusti,
1891 1851 1977 1873 anno
1995 1843 2105 1874 tertio.
2127 1854 2140 1871 >t

1852 2014 1977 2045 Orvieto,
1998 2016 2026 2041 11
2043 2017 2107 2041 aosit
2124 2015 2202 2042 1264.

1352 2013 1450 2044 208ss

1296 2095 1499 2131 Praepositum
1516 2097 1654 2125 ecclesiae
1672 2107 1694 2125 S.
1710 2099 1858 2133 Gangetici
1875 2100 2091 2127 Cameracensis
2111 2101 2274 2135 praedictae

1260 2143 1456 2179 indulgentiae
1481 2147 1601 2181 deputat
1628 2150 1871 2175 conservatorem.
1903 2148 1982 2178 (Rae.
2011 2150 2056 2182 29,
2086 2148 2134 2176 fol.
2155 2150 2206 2177 217
2232 2154 2271 2181 v⁰,

1259 2197 1291 2218 n⁰
1307 2194 1399 2227 1136.)

1301 2312 1315 2329 α
1334 2301 1496 2341 Prepesito
1514 2301 1635 2332 ecclesie
1651 2312 1674 2331 s.
1691 2301 1853 2341 Gacherici
1874 2302 2111 2333 Cameracensis.
2131 2305 2270 2336 Deside-

1259 2354 1321 2385 riis
1341 2355 1456 2386 dilecti
1473 2355 1536 2386 filii
1553 2374 1602 2387 —.
1621 2356 1747 2386 Datum
1764 2358 1799 2386 ut
1818 2364 1931 2395 supra.
1952 2367 1965 2385 ι)

1346 2524 1444 2555 2087
1835 2523 1959 2555 Orvieto,
1975 2526 1991 2551 6
2008 2524 2104 2559 juillet
2120 2526 2195 2553 1264.

1293 2607 1331 2634 De
1352 2608 1440 2635 certis
1464 2607 1547 2635 bonis
1562 2616 1577 2634 a
1601 2607 1809 2643 crucesignatis
1833 2609 1998 2636 Leodiensis
2022 2612 2050 2636 et
2077 2610 2268 2645 Trajectensis

1257 2655 1403 2683 diocesum
1430 2657 1518 2683 certis
1538 2657 1677 2683 duntaxat
1699 2656 1915 2684 condicionibus
1937 2658 2105 2686 retinendis.
2126 2660 2201 2694 (nna.
2222 2662 2266 2692 29,

1257 2703 1305 2731 fol.
1321 2705 1373 2731 217
1391 2711 1427 2737 v⁰‚
1447 2710 1478 2731 n⁰
1494 2705 1584 2739 1137.)

1298 2820 1312 2839 ((
1330 2810 1478 2849 Magistro
1493 2810 1621 2846 Renero,
1648 2808 1806 2839 scolastico
1831 2810 1951 2841 ecclesie
1977 2812 2172 2851 szyrensis,
2191 2812 2266 2843 Leo-

1257 2863 1368 2893 diensis
1380 2863 1514 2893 diocesis.
1535 2863 1627 2893 Sicut
1639 2872 1680 2893 ex
1698 2865 1792 2901 parte
1810 2865 2016 2895 venerabilis
2031 2866 2145 2896 fratris
2160 2867 2267 2897 nostri

1256 2917 1408 2951 Henrici,
1432 2916 1631 2947 Leodiensis
1648 2916 1810 2954 episcopi,
1837 2917 1898 2947 fuit
1921 2918 2132 2956 propositum
2155 2927 2267 2949 coram
