2519 3262
1079 178 1319 217 TROIsIEME
1349 179 1515 230 -ᾼΝΝΕΕ,
2283 197 2339 224 ¹33

257 269 298 300 ad
309 269 503 308 hujusmodi
514 269 663 300 valorem
680 278 827 299 annuum
843 269 1011 300 redditum
1021 269 1159 307 triginta
1168 268 1268 298 libra-

255 331 330 352 rum
345 322 453 352 eidem
466 321 606 352 basilice
622 323 655 352 in
673 325 872 361 perpetuum
887 322 1080 355 concedere,
1096 330 1132 351 ac
1147 321 1186 351 de
1202 321 1269 351 11115

256 384 328 405 611111
346 376 461 405 dotare
485 375 611 411 valeas,
636 376 665 405 si
697 376 881 406 secundum
899 376 1008 405 Deum
1027 374 1154 404 videris
1172 382 1270 412 expe—

256 429 339 465 dire,
361 429 564 460 fraternitati
584 431 639 459 tue
671 429 870 459 auctoritate
887 428 1097 466 presentium
1118 427 1268 458 concedi-

255 490 330 511 mus
354 482 560 513 facultatem.
588 482 712 512 Datum
736 481 825 520 apud
851 481 1143 515 Urbemveterem‚
1165 490 1184 510 v
1211 481 1266 510 ka-

254 535 372 565 lendas
393 535 593 570 (160611111115,
614 543 700 565 auno
718 535 829 564 tertio.
853 544 868 563 1)

740 730 864 760 0111610,
885 732 919 758 22
940 731 1094 758 novembre
1117 732 1193 759 1203.

346 733 440 764 1168

287 815 409 842 Osficiali
437 815 650 842 Constantiensi
685 816 802 842 mandat
828 818 857 842 ut
888 815 1030 850 magistro
1062 815 1172 850 Egidio,
1190 816 1266 843 dicto

252 865 363 896 Bruncl,
385 865 501 899 pauperi
525 864 640 895 clerico,
661 865 695 891 de
723 865 846 899 quodam
867 864 1004 891 beneficio
1024 866 1059 891 ad
1082 864 1266 892 collationem

251 913 362 940 abbatis
393 916 419 940 et
447 916 604 940 conventus
626 913 825 948 Montisburgi,
856 913 1000 948 praefatae
1031 914 1162 945 diocesis,
1185 922 1266 949 spec-

250 964 340 994 tante,
357 962 516 997 provideat.
533 963 611 995 [aaa.
629 964 672 993 29,
690 962 738 989 fol.
756 962 800 992 84,
822 966 855 988 11⁰
869 962 943 996 217.)

295 1076 310 1096 (t
332 1066 500 1105 ..officiali
528 1065 767 1097 Constantiensi.
801 1067 867 1097 Sua
887 1067 986 1097 nobis
1004 1067 1149 1097 dilectus
1174 1068 1267 1098 tilius
1297 1079 1298 1107 j

250 1120 413 1159 magister
430 1121 581 1159 Egidius‚
597 1121 707 1151 dictus
721 1120 846 1154 Brunel,
864 1129 991 1159 pauper
1005 1121 1147 1150 clericus
1166 1121 1267 1151 Cous-

251 1173 432 1203 tantiensis
452 1174 610 1209 diocesis,
630 1174 793 1212 petitione
810 1173 1013 1204 monstravit
1031 1174 1119 1212 quod
1138 1174 1267 1204 dudum

249 1226 361 1256 felicis
374 1227 618 1257 recordationis
634 1227 828 1257 Alexander
843 1235 942 1266 papa,
953 1227 1174 1265 predecessor
1190 1236 1266 1271 nos-

248 1281 310 1316 ter,
325 1304 349 1310 ..
367 1279 480 1310 abbati
499 1282 529 1310 et
547 1281 727 1311 conventui
744 1280 945 1310 monasterii
960 1280 1199 1319 Montisburgi,
1215 1290 1265 1310 or-

252 1333 342 1363 dinis
357 1333 464 1364 sancti
486 1333 672 1369 Benedicti,
697 1334 824 1372 prefate
843 1333 1001 1368 diocesis,
1025 1333 1087 1363 sub
1101 1342 1139 1364 ea
1158 1334 1267 1364 forma

251 1387 437 1416 secundum
454 1395 554 1426 quam
572 1395 633 1426 pro
650 1387 857 1426 pauperibus
873 1387 1005 1417 clericis
1022 1387 1264 1417 beneficiandis

250 1439 420 1470 interdum
443 1439 590 1470 scribere
615 1440 800 1476 consuevit,
828 1449 887 1479 per
903 1449 983 1470 suas
1000 1440 1188 1479 injunxerit
1210 1441 1264 1471 lit-

250 1494 342 1523 teras
367 1495 403 1523 ut
432 1493 541 1523 eidem
559 1493 680 1523 clerico
696 1494 735 1523 de
756 1493 868 1532 aliquo
888 1493 1118 1524 ecclesiastico
1142 1493 1265 1524 beneti-

249 1547 300 1576 cio
327 1547 545 1585 competenti,
573 1546 614 1576 ad
643 1546 860 1576 collationem
891 1555 1007 1576 eorum
1042 1548 1213 1585 spectante
1233 1548 1264 1577 et

250 1602 411 1630 consueto
431 1599 564 1630 clericis
592 1599 803 1630 secularibus
822 1600 1000 1638 assignari,
1023 1608 1098 1629 cum
1114 1609 1194 1630 cura
1211 1600 1264 1630 vel

249 1653 322 1683 sine
340 1662 430 1689 cura,
448 1653 477 1682 si
495 1653 528 1683 in
544 1653 797 1683 Constantiensi
815 1653 950 1683 civitate
972 1654 1027 1683 aut
1044 1653 1172 1683 diocesi
1185 1655 1263 1683 tunc

248 1705 387 1736 vacabat
409 1706 462 1736 vel
490 1706 742 1745 quamprimum
769 1706 809 1736 ad
833 1706 865 1736 id
883 1714 917 1736 se
935 1706 1069 1736 offerret
1093 1706 1264 1744 oportuni-

251 1760 314 1794 tas,
334 1759 561 1797 providerent.
579 1759 725 1789 Demuin
744 1761 855 1789 autem
874 1759 1071 1790 vacantibus
1091 1759 1263 1798 aliquibus

249 1811 423 1842 beneficiis
444 1821 507 1851 que
537 1814 632 1842 erant
649 1814 810 1842 consueta
835 1812 1030 1851 hujusmodi
1053 1812 1263 1842 secularibus

250 1865 384 1895 clericis
405 1865 572 1904 assignari
597 1866 628 1895 et
654 1866 695 1895 ad
720 1865 1006 1904 presentationem
1033 1865 1186 1904 ipsorum
1207 1865 1262 1896 ab·

247 1917 337 1949 batis
355 1920 386 1949 et
405 1921 590 1949 conventus
614 1918 820 1957 spectabant,
843 1927 879 1949 ac
899 1921 1085 1949 memorato
1100 1919 1263 1958 magistro

247 1972 379 2011 Egidio,
405 1973 461 2011 qui
491 1971 647 2002 credebat
672 1973 807 2003 eosdem
829 1971 983 2002 abbatem
1009 1974 1039 2002 et
1061 1974 1263 2003 conventum

247 2025 355 2056 teneri
385 2025 426 2056 ad
449 2025 695 2065 providendum
721 2025 786 2055 sibi
814 2025 853 2056 de
883 2026 996 2064 aliquo
1021 2025 1263 2056 beneficiorum

246 2077 400 2117 ipsorum
427 2087 487 2117 per
517 2079 648 2110 litteras
679 2079 904 2118 supradictas,
935 2078 1113 2109 intimante
1133 2079 1263 2117 prefato

245 2132 479 2171 predecessori
498 2133 587 2171 quod
612 2132 799 2171 supradicti
826 2131 930 2162 abbas
949 2134 980 2162 et
1006 2134 1192 2162 conventus
1220 2132 1261 2166 ei,

246 2193 323 2216 cum
340 2186 544 2224 potuissent,
557 2186 596 2216 de
614 2185 789 2223 beneficio,
801 2185 897 2224 juxta
915 2185 1113 2216 mandatum
1132 2187 1264 2224 aposto-

246 2238 362 2275 licum,
392 2247 458 2269 non
485 2241 684 2269 curaverant
712 2239 902 2278 providere,
925 2238 1015 2268 idem
1044 2239 1264 2277 predecessor

246 2291 333 2331 ipsis
351 2292 465 2322 abbati
490 2294 521 2323 et
552 2293 731 2323 conventui
749 2292 836 2331 quod
858 2293 1076 2331 procederent
1096 2292 1137 2322 ad
1156 2293 1263 2331 provi-

247 2346 378 2376 sionem
406 2345 598 2383 hujusmodi
623 2355 683 2385 per
699 2346 819 2376 iterata
837 2346 962 2384 scripta
980 2345 1071 2376 dedit
1088 2345 1122 2375 in
1138 2346 1262 2376 virtute

247 2398 437 2429 obedientie
460 2399 494 2428 in
509 2400 690 2438 preceptis,
708 2399 858 2437 injuncto
868 2400 987 2437 postea
1003 2407 1063 2438 per
1080 2399 1165 2429 alias
1183 2408 1263 2430 suas

245 2451 378 2482 litteras
391 2476 410 2482 ..
422 2451 559 2481 officiali
573 2452 840 2487 Constantiensi,
855 2454 902 2488 111,
921 2453 949 2482 51
966 2454 1057 2482 esset
1072 2453 1119 2482 ita
1134 2454 1167 2483 et
1182 2452 1262 2483 dicti

247 2504 351 2535 abbas
366 2507 397 2535 et
417 2507 614 2539 conventus,
636 2505 676 2535 ab
697 2506 814 2536 eodem
837 2505 975 2536 officiali
998 2505 1178 2545 diligenter
1192 2515 1262 2537 mo-

246 2557 321 2592 niti,
342 2559 529 2587 memorato
548 2557 682 2592 clerico,
698 2558 868 2597 quamcito
882 2558 1076 2588 facultatem
1087 2558 1261 2597 haberent,

246 2611 421 2649 providere
450 2610 658 2649 negligerent
680 2619 740 2649 pro
767 2619 826 2641 sue
850 2610 947 2642 libito
964 2611 1162 2648 voluntatiS,
1188 2612 1262 2651 ipse

247 2663 404 2694 officialis
432 2663 520 2694 dicto
547 2664 668 2694 clerico
692 2663 731 2694 de
748 2663 911 2694 beneficio
937 2664 977 2694 ad
1003 2665 1187 2695 eorundem
1206 2665 1262 2695 ab-

245 2716 335 2747 batis
361 2718 393 2747 et
417 2718 603 2747 conventus
629 2717 845 2747 collationem
875 2719 1058 2756 spectante,
1079 2727 1138 2756 per
1156 2727 1192 2748 se
1208 2719 1262 2749 vel

245 2777 306 2809 per
330 2770 435 2800 alium
462 2769 666 2808 provideret,
684 2769 782 2808 juxta
799 2769 950 2808 priorum
966 2770 1195 2808 predictarum
1213 2771 1262 2801 di-

246 2825 415 2854 rectarum
431 2823 480 2853 eis
497 2823 739 2853 continentiam
755 2822 958 2853 litterarum.
977 2823 1019 2853 Et
1037 2823 1126 2860 licet,
1143 2824 1261 2854 eodem

246 2876 486 2915 predecessore
512 2876 658 2913 vivente,
674 2875 869 2906 nominatus
889 2875 1046 2906 officialis
1063 2885 1124 2915 per
1144 2876 1261 2916 hujus-

1330 269 1421 299 modi
1448 269 1581 300 litteras
1609 271 1648 300 ad
1677 280 1753 302 611111
1780 273 1925 303 directas
1954 275 2133 312 procedere
2168 277 2339 316 inceperit,

1330 322 1409 360 quia
1437 324 1550 354 tamen
1576 327 1693 363 postea
1723 328 1933 364 compertum
1958 328 2070 358 extitit
2093 330 2180 367 qnod
2205 330 2268 368 ipsi
2288 332 2342 360 ab·

1329 374 1389 404 bas
1417 377 1449 406 et
1471 380 1655 408 conventus
1681 379 1738 417 qui
1768 388 1832 408 non
1858 379 2024 411 habebant
2047 381 2160 419 aliqua
2179 382 2339 413 beneficia

1330 430 1515 466 spectantia
1532 430 1573 459 ad
1587 431 1802 461 collationem
1821 432 2083 470 ipfflirumffticto
2099 435 2220 465 clerico
2235 436 2274 465 de
2289 436 2341 466 be-

1329 481 1447 512 neficio
1467 484 1657 521 pertinente
1677 485 1717 514 ad
1734 486 2020 523 presentationem
2039 496 2154 517 ean-uin
2172 497 2234 517 non
2255 492 2341 519 tene-

1328 534 1451 565 bantur
1478 544 1538 574 per
1566 537 1699 567 litteras
1726 539 1936 576 supradictas
1958 540 2145 578 providere.
2168 541 2200 570 in
2218 541 2341 580 quibus

1329 587 1414 626 ipsis
1429 589 1664 626 mandabatur,
1684 592 1719 620 ut
1738 591 1777 621 de
1794 591 1954 622 beneficio
1972 595 2145 631 spectante
2165 594 2207 623 ad
2225 603 2340 624 eorum

1328 640 1544 671 collationem
1568 642 1689 673 clerico
1717 644 1932 681 providerent
1951 645 2072 681 eidem,
2092 646 2164 685 ipse
2180 647 2342 685 magister

1327 693 1469 732 Egidius
1496 695 1628 725 nullum
1657 704 1697 725 ex
1723 697 1885 734 predictis
1912 698 2036 728 litteris
2054 700 2267 729 commodum
2290 702 2342 730 est

1298 743 1299 747 ’
1329 747 1482 786 adeptus,
1496 748 1555 778 sed
1571 749 1697 787 potius,
1709 750 1883 780 occasione
1899 751 2105 789 hujusmodi,
2118 751 2251 782 labores
2268 753 2339 792 plu—

1298 819 1299 825 1
1327 799 1433 830 rimos
1450 802 1482 830 et
1499 810 1667 840 expensas
1691 803 1804 832 varias
1822 804 2019 842 reportavit.
2040 806 2150 840 Quare
2169 805 2258 835 idem
2276 806 2339 836 cle-

1327 853 1418 883 ricus
1436 854 1476 884 ad
1494 855 1679 892 apostolice
1695 856 1787 885 sedis
1808 865 1984 887 recurrens
2008 858 2266 896 providentiam,
2284 868 2341 889 no-

1327 906 1380 936 bis
1398 907 1572 938 humiliter
1597 909 1802 948 supplicavit
1825 912 1861 940 ut
1883 911 2062 949 providere
2083 911 2147 941 sibi
2165 920 2266 950 super
2280 912 2340 943 hoc

1327 961 1467 997 paterna
1485 961 1715 992 sollicitudine
1733 971 1941 994 curaremus.
1961 964 2045 994 Cum
2064 965 2166 1003 igitur
2188 966 2340 1003 prefatus

1327 1013 1482 1049 clericus,
1496 1023 1596 1053 quem
1612 1023 1671 1053 per
1683 1016 1843 1046 dilectum
1855 1016 1963 1046 lilium
1976 1017 2177 1055 magistrum
2189 1018 2338 1054 Petrum,

1328 1067 1601 1098 archidiaconum
1618 1069 1829 1099 Broliensem
1850 1070 1883 1099 in
1902 1070 2044 1100 ecclesia
2065 1071 2268 1110 Agennensi,
2288 1080 2339 1102 so-

1328 1120 1416 1150 cium
1434 1120 1547 1151 dilecti
1575 1122 1637 1151 filii
1665 1122 1818 1161 magistri
1850 1123 2037 1159 Michaelis,
2058 1127 2171 1154 sancte
2188 1125 2339 1155 Romane

1328 1173 1469 1204 ecclesie
1481 1174 1762 1211 vicecancellarii,
1778 1176 1967 1206 examinari
1986 1176 2128 1207 fecimus
2146 1177 2337 1216 diligenter,

1296 1237 1298 1276 j
1328 1226 1485 1257 inventus
1502 1227 1603 1258 fuerit
1622 1228 1656 1258 in
1674 1229 1865 1259 litteratura
1889 1232 2117 1268 competenter
2131 1230 2283 1269 ydoneus
2300 1231 2340 1260 ad

1327 1278 1596 1309 ecclesiasticum
1622 1279 1823 1310 beneficium
1842 1280 2073 1318 obtinendum,
2091 1291 2167 1312 cnm
2189 1291 2267 1312 cura
2288 1283 2340 1313 vel

1328 1331 1400 1361 sine
1428 1340 1520 1368 cura,
1540 1341 1613 1366 nos,
1634 1333 1706 1371 ejus
1724 1333 1918 1371 sumptibus
1945 1335 1975 1364 et
1999 1334 2175 1365 laboribus
2200 1338 2339 1373 paterno

1327 1385 1570 1424 compatientes
1579 1386 1711 1420 affectu,
1723 1387 1924 1417 mandamus
1938 1388 2110 1426 quatinus,
2122 1388 2150 1418 si
2160 1389 2339 1427 premissis

1327 1438 1452 1468 veritas
1480 1439 1694 1478 suffragatur,
1714 1441 1818 1478 tuque
1837 1440 1925 1470 circa
1940 1441 2045 1471 vitam
2064 1443 2095 1471 et
2113 1443 2337 1472 conversatio-

1325 1500 1402 1522 nem
1430 1492 1582 1530 ejusdem
1602 1493 1716 1522 clerici
1741 1493 1961 1532 inquisitione
1981 1494 2135 1533 diligenti
2156 1495 2336 1532 premissa,

1326 1553 1402 1575 eum
1415 1546 1482 1575 vite
1496 1545 1679 1576 laudabilis
1691 1548 1723 1576 et
1734 1545 1873 1576 honeste
1887 1547 2156 1577 conversationis
2172 1556 2246 1578 esse
2264 1557 2338 1586 rep-

1325 1598 1466 1636 pereris,
1490 1600 1520 1628 et
1549 1599 1635 1628 alias
1657 1607 1723 1629 non
1743 1599 1788 1629 sit
1813 1599 2033 1630 beneficiatus
2057 1600 2216 1639 aliudque
2242 1610 2338 1631 cano-

1325 1652 1438 1681 nicum
1456 1660 1523 1682 non
1540 1651 1695 1689 obsistat,
1715 1653 1825 1683 eidem
1844 1653 1964 1683 clerico
1983 1653 2022 1683 de
2042 1654 2155 1692 aliquo
2172 1654 2335 1684 beneficio

1325 1705 1555 1735 ecclesiastico
1587 1706 1788 1744 competenti
1813 1707 1973 1736 consueto
1998 1706 2192 1745 hujusmodi
2208 1708 2335 1737 secula-

1325 1757 1420 1788 ribus
1446 1758 1579 1788 clericis
1604 1759 1783 1797 assignari,
1803 1759 1844 1789 ad
1873 1760 2158 1798 presentationem
2183 1761 2336 1799 ipsorum

1325 1811 1457 1841 abbatis
1490 1813 1521 1841 et
1549 1814 1734 1842 conventus
1763 1813 1988 1843 communiter
2006 1813 2058 1843 vel
2083 1813 2221 1843 divisim
2238 1813 2338 1852 perti-

1325 1865 1477 1901 nente‚si
1496 1865 1529 1894 in
1548 1865 1710 1903 predictis
1727 1865 1862 1896 civitate
1879 1868 1936 1896 aut
1952 1866 2079 1896 diocesi
2096 1868 2191 1897 vacat
2208 1867 2249 1896 ad
2265 1876 2339 1906 pre-

1325 1926 1415 1954 sens,
1446 1927 1506 1948 seu
1533 1919 1785 1957 quamprimum
1805 1919 1845 1948 ad
1865 1919 1898 1948 id
1925 1927 1960 1949 se
1992 1919 2135 1949 facultas
2165 1919 2337 1955 obtulerit,

1324 1972 1503 2010 providere
1519 1981 1693 2010 procures,
1709 1972 1807 2011 juxta
1824 1972 1975 2011 priorum
1990 1973 2219 2011 predictarum
2236 1974 2340 2004 conti-

1325 2025 1475 2055 nentiam
1509 2025 1711 2060 litterarum,
1730 2025 1893 2056 inducens
1922 2026 2034 2064 ipsum
2063 2026 2098 2055 111
2129 2027 2339 2065 corporalem

1324 2079 1579 2117 possessionem
1595 2078 1691 2108 illius
1711 2080 1743 2108 et
1765 2079 1950 2109 defendens
1969 2079 2155 2116 inductum,
2176 2089 2240 2110 non
2265 2079 2339 2110 obs-

1325 2133 1416 2162 tante
1438 2132 1478 2162 si.
1495 2149 1527 2153 —
1544 2132 1711 2162 Volumus
1727 2133 1839 2162 autem
1858 2132 1947 2170 quod
1966 2141 2083 2162 01111165
2100 2133 2212 2162 littere
2225 2141 2242 2162 a
2261 2133 2339 2164 sede

1326 2185 1513 2224 apostolica
1539 2187 1570 2215 et
1587 2185 1660 2224 eJ'us
1680 2185 1800 2224 legatis
1819 2185 1965 2221 obtente,
1984 2194 2044 2215 nec
2060 2194 2125 2216 non
2143 2186 2340 2224 promissio-

1324 2248 1384 2269 nes
1403 2248 1422 2269 a
1445 2238 1715 2277 quibuscumque
1732 2239 1818 2268 facte
1842 2247 1943 2277 super
1962 2239 2072 2277 ipsius
2095 2239 2247 2277 magistri
2267 2247 2339 2277 pro-

1324 2293 1456 2323 visione
1475 2292 1567 2322 omni
1590 2293 1723 2322 careant
1742 2291 1861 2322 robore
1881 2292 2072 2322 firmitatis:
2097 2292 2233 2330 proviso
2249 2292 2338 2330 quod

1324 2346 1415 2376 idem
1440 2345 1584 2376 clericus
1609 2345 1649 2375 ad
1668 2345 1815 2379 ordines,
1834 2346 1933 2383 prout
1951 2345 2100 2383 requiret
2116 2354 2202 2374 onus
2217 2344 2338 2375 beneti-

1325 2399 1366 2429 cii
1384 2399 1423 2429 de
1446 2408 1511 2438 quo
1537 2398 1603 2429 sibi
1620 2398 1791 2436 provideri
1811 2398 2000 2437 contigerit,
2020 2406 2055 2428 se
2083 2398 2181 2428 saciat
2201 2399 2337 2428 statutis

1324 2452 1534 2491 temporibus
1557 2451 1750 2490 promoveri
1772 2453 1803 2481 et
1824 2451 1971 2481 resideat.
1987 2451 2214 2489 personaliter
2232 2451 2266 2480 in
2286 2460 2339 2481 eo-

1324 2506 1419 2541 dem,
1445 2505 1597 2544 alioquin
1622 2504 1816 2543 hujusmodi
1844 2504 1953 2543 gratia
1980 2503 2110 2534 nullius
2133 2504 2270 2542 penitus
2294 2504 2338 2533 sit

1324 2559 1498 2589 momenti.
1514 2559 1639 2589 Datum
1655 2557 1744 2596 apud
1759 2557 2050 2593 Urbemveterem,
2065 2566 2084 2587 x
2102 2557 2264 2587 kalendas
2283 2557 2338 2587 de-

1324 2611 1481 2648 cembris,
1502 2620 1588 2642 anno
1606 2610 1718 2641 tertio.
1742 2620 1756 2639 1)

1825 2793 1950 2825 Orvieto,
1966 2795 1999 2821 29
2014 2794 2170 2820 novembre
2186 2794 2263 2821 1263.

1414 2797 1510 2828 1169

1358 2882 1402 2913 0.,
1413 2889 1434 2908 s.
1445 2879 1691 2907 Adrianidiacono
1707 2878 1984 2913 cardinali,mandat
1996 2880 2024 2905 ut
2036 2879 2070 2905 ad
2087 2877 2332 2912 permutationem
