<?xml version="1.0" encoding="UTF-8"?>
<!DOCTYPE html PUBLIC "-//W3C//DTD XHTML 1.0 Transitional//EN"
    "http://www.w3.org/TR/xhtml1/DTD/xhtml1-transitional.dtd">
<html xmlns="http://www.w3.org/1999/xhtml" xml:lang="en" lang="en">
 <head>
  <title>
</title>
<meta http-equiv="Content-Type" content="text/html;charset=utf-8" />
  <meta name='ocr-system' content='tesseract 3.04.00' />
  <meta name='ocr-capabilities' content='ocr_page ocr_carea ocr_par ocr_line ocrx_word'/>
</head>
<body>
  <div class='ocr_page' id='page_1' title='image "./lesregistresdurb34cath/lesregistresdurb34cath_0558.png"; bbox 0 0 2519 3262; ppageno 0'>
   <div class='ocr_carea' id='block_1_1' title="bbox 268 299 1637 341">
    <p class='ocr_par' dir='ltr' id='par_1_1' title="bbox 268 299 1637 341">
     <span class='ocr_line' id='line_1_1' title="bbox 268 299 1637 341; baseline -0.009 -1"><span class='ocrx_word' id='word_1_1' title='bbox 268 311 307 341; x_wconf 75' lang='grc'>32</span> <span class='ocrx_word' id='word_1_2' title='bbox 970 302 1049 334; x_wconf 80' lang='lat' dir='ltr'>LES</span> <span class='ocrx_word' id='word_1_3' title='bbox 1072 301 1316 333; x_wconf 79' lang='lat' dir='ltr'>REGISTRES</span> <span class='ocrx_word' id='word_1_4' title='bbox 1340 300 1555 331; x_wconf 80' lang='lat' dir='ltr'>D&#39;URBAIN</span> <span class='ocrx_word' id='word_1_5' title='bbox 1579 299 1637 329; x_wconf 70' lang='lat' dir='ltr'>IV.</span> 
     </span>
    </p>
   </div>
   <div class='ocr_carea' id='block_1_2' title="bbox 221 395 1280 3040">
    <p class='ocr_par' dir='ltr' id='par_1_2' title="bbox 265 395 1278 1016">
     <span class='ocr_line' id='line_1_2' title="bbox 266 395 1276 444; baseline -0.011 -9"><span class='ocrx_word' id='word_1_6' title='bbox 266 404 415 444; x_wconf 89' lang='lat' dir='ltr'>pertulit,</span> <span class='ocrx_word' id='word_1_7' title='bbox 434 404 466 433; x_wconf 85' lang='lat' dir='ltr'>et</span> <span class='ocrx_word' id='word_1_8' title='bbox 478 403 559 441; x_wconf 86' lang='lat' dir='ltr'>quot</span> <span class='ocrx_word' id='word_1_9' title='bbox 575 400 708 431; x_wconf 86' lang='lat' dir='ltr'>labores</span> <span class='ocrx_word' id='word_1_10' title='bbox 724 400 870 438; x_wconf 79' lang='lat' dir='ltr'>quotque</span> <span class='ocrx_word' id='word_1_11' title='bbox 889 398 1047 436; x_wconf 85' lang='lat' dir='ltr'>sumptus</span> <span class='ocrx_word' id='word_1_12' title='bbox 1063 395 1276 426; x_wconf 85' lang='lat' dir='ltr'>inextimabi-</span> 
     </span>
     <span class='ocr_line' id='line_1_3' title="bbox 266 448 1276 496; baseline -0.011 -8"><span class='ocrx_word' id='word_1_13' title='bbox 266 458 316 488; x_wconf 87' lang='lat' dir='ltr'>les</span> <span class='ocrx_word' id='word_1_14' title='bbox 335 466 395 496; x_wconf 88' lang='lat' dir='ltr'>pro</span> <span class='ocrx_word' id='word_1_15' title='bbox 419 456 491 495; x_wconf 86' lang='lat' dir='ltr'>ejus</span> <span class='ocrx_word' id='word_1_16' title='bbox 513 453 708 484; x_wconf 77' lang='lat' dir='ltr'>defensione</span> <span class='ocrx_word' id='word_1_17' title='bbox 725 451 871 482; x_wconf 84' lang='lat' dir='ltr'>Romani</span> <span class='ocrx_word' id='word_1_18' title='bbox 893 449 1080 489; x_wconf 88' lang='lat' dir='ltr'>pontifices,</span> <span class='ocrx_word' id='word_1_19' title='bbox 1103 448 1276 487; x_wconf 88' lang='lat' dir='ltr'>predeces-</span> 
     </span>
     <span class='ocr_line' id='line_1_4' title="bbox 266 501 1275 546; baseline -0.01 -6"><span class='ocrx_word' id='word_1_20' title='bbox 266 518 360 540; x_wconf 90' lang='lat' dir='ltr'>sores</span> <span class='ocrx_word' id='word_1_21' title='bbox 374 508 491 544; x_wconf 88' lang='lat' dir='ltr'>nostri,</span> <span class='ocrx_word' id='word_1_22' title='bbox 506 507 562 546; x_wconf 86' lang='lat' dir='ltr'>qui</span> <span class='ocrx_word' id='word_1_23' title='bbox 577 506 669 536; x_wconf 85' lang='lat' dir='ltr'>suere</span> <span class='ocrx_word' id='word_1_24' title='bbox 684 514 743 544; x_wconf 90' lang='lat' dir='ltr'>pro</span> <span class='ocrx_word' id='word_1_25' title='bbox 759 506 922 542; x_wconf 89' lang='lat' dir='ltr'>tempore,</span> <span class='ocrx_word' id='word_1_26' title='bbox 938 502 1126 533; x_wconf 88' lang='lat' dir='ltr'>subierunt.</span> <span class='ocrx_word' id='word_1_27' title='bbox 1140 501 1181 531; x_wconf 83' lang='lat' dir='ltr'>Et</span> <span class='ocrx_word' id='word_1_28' title='bbox 1198 501 1275 530; x_wconf 89' lang='lat' dir='ltr'>licet</span> 
     </span>
     <span class='ocr_line' id='line_1_5' title="bbox 266 554 1277 602; baseline -0.01 -9"><span class='ocrx_word' id='word_1_29' title='bbox 266 563 415 602; x_wconf 86' lang='lat' dir='ltr'>predicta</span> <span class='ocrx_word' id='word_1_30' title='bbox 428 561 525 591; x_wconf 87' lang='lat' dir='ltr'>sedes</span> <span class='ocrx_word' id='word_1_31' title='bbox 544 559 737 598; x_wconf 85' lang='lat' dir='ltr'>frequenter</span> <span class='ocrx_word' id='word_1_32' title='bbox 756 566 815 596; x_wconf 89' lang='lat' dir='ltr'>pro</span> <span class='ocrx_word' id='word_1_33' title='bbox 829 557 898 593; x_wconf 88' lang='lat' dir='ltr'>illa,</span> <span class='ocrx_word' id='word_1_34' title='bbox 915 557 1168 596; x_wconf 80' lang='lat' dir='ltr'>persecutorum</span> <span class='ocrx_word' id='word_1_35' title='bbox 1185 554 1277 583; x_wconf 84' lang='lat' dir='ltr'>inva-</span> 
     </span>
     <span class='ocr_line' id='line_1_6' title="bbox 265 608 1275 653; baseline -0.009 -8"><span class='ocrx_word' id='word_1_36' title='bbox 265 617 411 646; x_wconf 88' lang='lat' dir='ltr'>lescente</span> <span class='ocrx_word' id='word_1_37' title='bbox 435 613 660 653; x_wconf 87' lang='lat' dir='ltr'>tyrampnide‚</span> <span class='ocrx_word' id='word_1_38' title='bbox 683 612 785 642; x_wconf 90' lang='lat' dir='ltr'>duras</span> <span class='ocrx_word' id='word_1_39' title='bbox 811 612 843 641; x_wconf 90' lang='lat' dir='ltr'>et</span> <span class='ocrx_word' id='word_1_40' title='bbox 868 618 1007 648; x_wconf 89' lang='lat' dir='ltr'>asperas</span> <span class='ocrx_word' id='word_1_41' title='bbox 1033 608 1275 638; x_wconf 78' lang='lat' dir='ltr'>adversitatum</span> 
     </span>
     <span class='ocr_line' id='line_1_7' title="bbox 266 660 1276 708; baseline -0.009 -10"><span class='ocrx_word' id='word_1_42' title='bbox 266 667 473 708; x_wconf 79' lang='lat' dir='ltr'>persenserit</span> <span class='ocrx_word' id='word_1_43' title='bbox 498 665 710 705; x_wconf 81' lang='lat' dir='ltr'>punctiones,</span> <span class='ocrx_word' id='word_1_44' title='bbox 735 672 906 702; x_wconf 89' lang='lat' dir='ltr'>nunquam</span> <span class='ocrx_word' id='word_1_45' title='bbox 928 664 1039 692; x_wconf 89' lang='lat' dir='ltr'>tamen</span> <span class='ocrx_word' id='word_1_46' title='bbox 1062 661 1103 691; x_wconf 91' lang='lat' dir='ltr'>ab</span> <span class='ocrx_word' id='word_1_47' title='bbox 1124 660 1276 699; x_wconf 85' lang='lat' dir='ltr'>ejusdem</span> 
     </span>
     <span class='ocr_line' id='line_1_8' title="bbox 265 714 1277 757; baseline -0.009 -6"><span class='ocrx_word' id='word_1_48' title='bbox 265 721 411 752; x_wconf 86' lang='lat' dir='ltr'>Marcbie</span> <span class='ocrx_word' id='word_1_49' title='bbox 427 720 622 750; x_wconf 87' lang='lat' dir='ltr'>defensione</span> <span class='ocrx_word' id='word_1_50' title='bbox 641 718 760 757; x_wconf 86' lang='lat' dir='ltr'>suique</span> <span class='ocrx_word' id='word_1_51' title='bbox 776 717 947 755; x_wconf 86' lang='lat' dir='ltr'>profectus</span> <span class='ocrx_word' id='word_1_52' title='bbox 958 714 1193 754; x_wconf 85' lang='lat' dir='ltr'>prosecutione</span> <span class='ocrx_word' id='word_1_53' title='bbox 1208 721 1277 743; x_wconf 89' lang='lat' dir='ltr'>ces-</span> 
     </span>
     <span class='ocr_line' id='line_1_9' title="bbox 265 766 1277 810; baseline -0.009 -6"><span class='ocrx_word' id='word_1_54' title='bbox 265 775 364 810; x_wconf 90' lang='lat' dir='ltr'>savit,</span> <span class='ocrx_word' id='word_1_55' title='bbox 387 774 446 804; x_wconf 86' lang='lat' dir='ltr'>sed</span> <span class='ocrx_word' id='word_1_56' title='bbox 464 773 563 803; x_wconf 92' lang='lat' dir='ltr'>velud</span> <span class='ocrx_word' id='word_1_57' title='bbox 589 774 706 802; x_wconf 90' lang='lat' dir='ltr'>tenera</span> <span class='ocrx_word' id='word_1_58' title='bbox 730 771 837 801; x_wconf 85' lang='lat' dir='ltr'>mater</span> <span class='ocrx_word' id='word_1_59' title='bbox 856 770 888 799; x_wconf 88' lang='lat' dir='ltr'>et</span> <span class='ocrx_word' id='word_1_60' title='bbox 906 768 1064 807; x_wconf 83' lang='lat' dir='ltr'>diligens,</span> <span class='ocrx_word' id='word_1_61' title='bbox 1090 775 1150 805; x_wconf 90' lang='lat' dir='ltr'>pro</span> <span class='ocrx_word' id='word_1_62' title='bbox 1170 766 1277 805; x_wconf 89' lang='lat' dir='ltr'>ipsius</span> 
     </span>
     <span class='ocr_line' id='line_1_10' title="bbox 265 819 1276 866; baseline -0.01 -8"><span class='ocrx_word' id='word_1_63' title='bbox 265 827 389 866; x_wconf 90' lang='lat' dir='ltr'>populo</span> <span class='ocrx_word' id='word_1_64' title='bbox 426 834 561 864; x_wconf 86' lang='lat' dir='ltr'>semper</span> <span class='ocrx_word' id='word_1_65' title='bbox 589 824 682 855; x_wconf 82' lang='lat' dir='ltr'>stetit</span> <span class='ocrx_word' id='word_1_66' title='bbox 713 825 743 853; x_wconf 89' lang='lat' dir='ltr'>et</span> <span class='ocrx_word' id='word_1_67' title='bbox 771 821 962 853; x_wconf 87' lang='lat' dir='ltr'>obfirmavit</span> <span class='ocrx_word' id='word_1_68' title='bbox 992 820 1123 850; x_wconf 85' lang='lat' dir='ltr'>vultum</span> <span class='ocrx_word' id='word_1_69' title='bbox 1159 819 1276 849; x_wconf 89' lang='lat' dir='ltr'>adver-</span> 
     </span>
     <span class='ocr_line' id='line_1_11' title="bbox 265 871 1276 918; baseline -0.011 -7"><span class='ocrx_word' id='word_1_70' title='bbox 265 889 325 910; x_wconf 91' lang='lat' dir='ltr'>sus</span> <span class='ocrx_word' id='word_1_71' title='bbox 354 879 548 918; x_wconf 84' lang='lat' dir='ltr'>pestilentie</span> <span class='ocrx_word' id='word_1_72' title='bbox 582 877 754 916; x_wconf 84' lang='lat' dir='ltr'>principes</span> <span class='ocrx_word' id='word_1_73' title='bbox 775 875 833 914; x_wconf 89' lang='lat' dir='ltr'>qui</span> <span class='ocrx_word' id='word_1_74' title='bbox 859 873 969 904; x_wconf 90' lang='lat' dir='ltr'>conati</span> <span class='ocrx_word' id='word_1_75' title='bbox 1004 874 1081 903; x_wconf 89' lang='lat' dir='ltr'>sunt</span> <span class='ocrx_word' id='word_1_76' title='bbox 1110 872 1205 901; x_wconf 90' lang='lat' dir='ltr'>illam</span> <span class='ocrx_word' id='word_1_77' title='bbox 1235 871 1276 901; x_wconf 90' lang='lat' dir='ltr'>ab</span> 
     </span>
     <span class='ocr_line' id='line_1_12' title="bbox 267 924 1278 972; baseline -0.009 -9"><span class='ocrx_word' id='word_1_78' title='bbox 267 934 377 972; x_wconf 85' lang='lat' dir='ltr'>ipsius</span> <span class='ocrx_word' id='word_1_79' title='bbox 396 932 487 963; x_wconf 88' lang='lat' dir='ltr'>sedis</span> <span class='ocrx_word' id='word_1_80' title='bbox 506 931 668 962; x_wconf 88' lang='lat' dir='ltr'>fidelitate</span> <span class='ocrx_word' id='word_1_81' title='bbox 684 928 882 959; x_wconf 78' lang='lat' dir='ltr'>subtrahere</span> <span class='ocrx_word' id='word_1_82' title='bbox 899 935 1026 965; x_wconf 88' lang='lat' dir='ltr'>sueque</span> <span class='ocrx_word' id='word_1_83' title='bbox 1047 924 1191 956; x_wconf 86' lang='lat' dir='ltr'>subdere</span> <span class='ocrx_word' id='word_1_84' title='bbox 1209 933 1278 955; x_wconf 90' lang='lat' dir='ltr'>ser-</span> 
     </span>
     <span class='ocr_line' id='line_1_13' title="bbox 266 986 377 1016; baseline -0.018 0"><span class='ocrx_word' id='word_1_85' title='bbox 266 986 377 1016; x_wconf 81' lang='lat' dir='ltr'>vituli.</span> 
     </span>
    </p>

    <p class='ocr_par' dir='ltr' id='par_1_3' title="bbox 221 1031 1280 3040">
     <span class='ocr_line' id='line_1_14' title="bbox 303 1031 1276 1077; baseline -0.01 -8"><span class='ocrx_word' id='word_1_86' title='bbox 303 1039 386 1069; x_wconf 84' lang='lat' dir='ltr'>Cum</span> <span class='ocrx_word' id='word_1_87' title='bbox 404 1038 506 1077; x_wconf 84' lang='lat' dir='ltr'>igitur</span> <span class='ocrx_word' id='word_1_88' title='bbox 528 1037 646 1067; x_wconf 87' lang='lat' dir='ltr'>borum</span> <span class='ocrx_word' id='word_1_89' title='bbox 669 1035 819 1066; x_wconf 87' lang='lat' dir='ltr'>omnium</span> <span class='ocrx_word' id='word_1_90' title='bbox 843 1033 998 1063; x_wconf 80' lang='lat' dir='ltr'>notitiam</span> <span class='ocrx_word' id='word_1_91' title='bbox 1018 1031 1185 1065; x_wconf 83' lang='lat' dir='ltr'>babeatis,</span> <span class='ocrx_word' id='word_1_92' title='bbox 1211 1039 1276 1060; x_wconf 90' lang='lat' dir='ltr'>non</span> 
     </span>
     <span class='ocr_line' id='line_1_15' title="bbox 263 1084 1277 1130; baseline -0.01 -8"><span class='ocrx_word' id='word_1_93' title='bbox 263 1092 399 1130; x_wconf 80' lang='lat' dir='ltr'>indigne</span> <span class='ocrx_word' id='word_1_94' title='bbox 420 1090 582 1120; x_wconf 86' lang='lat' dir='ltr'>miramur</span> <span class='ocrx_word' id='word_1_95' title='bbox 598 1088 687 1127; x_wconf 89' lang='lat' dir='ltr'>quod</span> <span class='ocrx_word' id='word_1_96' title='bbox 702 1096 773 1124; x_wconf 76' lang='lat' dir='ltr'>vos,</span> <span class='ocrx_word' id='word_1_97' title='bbox 791 1087 832 1117; x_wconf 92' lang='lat' dir='ltr'>ad</span> <span class='ocrx_word' id='word_1_98' title='bbox 848 1085 1034 1124; x_wconf 78' lang='lat' dir='ltr'>predictam</span> <span class='ocrx_word' id='word_1_99' title='bbox 1050 1084 1165 1114; x_wconf 90' lang='lat' dir='ltr'>sedem</span> <span class='ocrx_word' id='word_1_100' title='bbox 1179 1084 1277 1113; x_wconf 90' lang='lat' dir='ltr'>devo-</span> 
     </span>
     <span class='ocr_line' id='line_1_16' title="bbox 263 1136 1277 1178; baseline -0.009 -3"><span class='ocrx_word' id='word_1_101' title='bbox 263 1145 390 1176; x_wconf 87' lang='lat' dir='ltr'>tionem</span> <span class='ocrx_word' id='word_1_102' title='bbox 404 1143 553 1174; x_wconf 82' lang='lat' dir='ltr'>debitam</span> <span class='ocrx_word' id='word_1_103' title='bbox 565 1150 629 1172; x_wconf 87' lang='lat' dir='ltr'>non</span> <span class='ocrx_word' id='word_1_104' title='bbox 642 1141 803 1171; x_wconf 85' lang='lat' dir='ltr'>habentes</span> <span class='ocrx_word' id='word_1_105' title='bbox 814 1148 922 1178; x_wconf 86' lang='lat' dir='ltr'>neque</span> <span class='ocrx_word' id='word_1_106' title='bbox 935 1138 1214 1177; x_wconf 83' lang='lat' dir='ltr'>recognoscentes</span> <span class='ocrx_word' id='word_1_107' title='bbox 1222 1136 1277 1166; x_wconf 89' lang='lat' dir='ltr'>be-</span> 
     </span>
     <span class='ocr_line' id='line_1_17' title="bbox 264 1191 1276 1231; baseline -0.009 -3"><span class='ocrx_word' id='word_1_108' title='bbox 264 1198 383 1229; x_wconf 85' lang='lat' dir='ltr'>neticia</span> <span class='ocrx_word' id='word_1_109' title='bbox 392 1196 488 1227; x_wconf 80' lang='lat' dir='ltr'>vobis</span> <span class='ocrx_word' id='word_1_110' title='bbox 501 1195 541 1226; x_wconf 90' lang='lat' dir='ltr'>ab</span> <span class='ocrx_word' id='word_1_111' title='bbox 550 1195 610 1226; x_wconf 90' lang='lat' dir='ltr'>illa</span> <span class='ocrx_word' id='word_1_112' title='bbox 621 1194 752 1230; x_wconf 87' lang='lat' dir='ltr'>collata,</span> <span class='ocrx_word' id='word_1_113' title='bbox 765 1202 867 1223; x_wconf 86' lang='lat' dir='ltr'>suave</span> <span class='ocrx_word' id='word_1_114' title='bbox 877 1191 1113 1231; x_wconf 84' lang='lat' dir='ltr'>ipsiusjugum</span> <span class='ocrx_word' id='word_1_115' title='bbox 1125 1198 1276 1228; x_wconf 91' lang='lat' dir='ltr'>onusque</span> 
     </span>
     <span class='ocr_line' id='line_1_18' title="bbox 263 1243 1276 1288; baseline -0.009 -7"><span class='ocrx_word' id='word_1_116' title='bbox 263 1252 348 1287; x_wconf 88' lang='lat' dir='ltr'>leve,</span> <span class='ocrx_word' id='word_1_117' title='bbox 360 1259 426 1281; x_wconf 89' lang='lat' dir='ltr'>non</span> <span class='ocrx_word' id='word_1_118' title='bbox 440 1250 512 1280; x_wconf 86' lang='lat' dir='ltr'>sine</span> <span class='ocrx_word' id='word_1_119' title='bbox 528 1247 782 1288; x_wconf 83' lang='lat' dir='ltr'>ingratitudinis</span> <span class='ocrx_word' id='word_1_120' title='bbox 792 1248 823 1276; x_wconf 88' lang='lat' dir='ltr'>et</span> <span class='ocrx_word' id='word_1_121' title='bbox 834 1245 1059 1276; x_wconf 88' lang='lat' dir='ltr'>inconstantie</span> <span class='ocrx_word' id='word_1_122' title='bbox 1069 1245 1158 1280; x_wconf 88' lang='lat' dir='ltr'>nota,</span> <span class='ocrx_word' id='word_1_123' title='bbox 1168 1243 1276 1281; x_wconf 92' lang='lat' dir='ltr'>impu-</span> 
     </span>
     <span class='ocr_line' id='line_1_19' title="bbox 264 1298 1277 1341; baseline -0.01 -6"><span class='ocrx_word' id='word_1_124' title='bbox 264 1305 380 1335; x_wconf 86' lang='lat' dir='ltr'>denter</span> <span class='ocrx_word' id='word_1_125' title='bbox 392 1306 423 1334; x_wconf 88' lang='lat' dir='ltr'>et</span> <span class='ocrx_word' id='word_1_126' title='bbox 440 1302 672 1341; x_wconf 81' lang='lat' dir='ltr'>imprudenter</span> <span class='ocrx_word' id='word_1_127' title='bbox 684 1301 828 1339; x_wconf 82' lang='lat' dir='ltr'>effugere</span> <span class='ocrx_word' id='word_1_128' title='bbox 841 1308 878 1329; x_wconf 90' lang='lat' dir='ltr'>ac</span> <span class='ocrx_word' id='word_1_129' title='bbox 889 1307 1010 1337; x_wconf 88' lang='lat' dir='ltr'>aspero</span> <span class='ocrx_word' id='word_1_130' title='bbox 1022 1298 1277 1336; x_wconf 84' lang='lat' dir='ltr'>persecutorum</span> 
     </span>
     <span class='ocr_line' id='line_1_20' title="bbox 263 1349 1277 1396; baseline -0.009 -9"><span class='ocrx_word' id='word_1_131' title='bbox 263 1358 336 1396; x_wconf 87' lang='lat' dir='ltr'>ejus</span> <span class='ocrx_word' id='word_1_132' title='bbox 352 1356 500 1387; x_wconf 90' lang='lat' dir='ltr'>dominio</span> <span class='ocrx_word' id='word_1_133' title='bbox 520 1354 709 1385; x_wconf 83' lang='lat' dir='ltr'>voluntarie</span> <span class='ocrx_word' id='word_1_134' title='bbox 727 1353 814 1383; x_wconf 86' lang='lat' dir='ltr'>colla</span> <span class='ocrx_word' id='word_1_135' title='bbox 830 1351 1031 1382; x_wconf 82' lang='lat' dir='ltr'>submittere</span> <span class='ocrx_word' id='word_1_136' title='bbox 1046 1349 1277 1389; x_wconf 87' lang='lat' dir='ltr'>presumpsis-</span> 
     </span>
     <span class='ocr_line' id='line_1_21' title="bbox 262 1404 1277 1448; baseline -0.009 -7"><span class='ocrx_word' id='word_1_137' title='bbox 262 1411 320 1446; x_wconf 85' lang='lat' dir='ltr'>tis,</span> <span class='ocrx_word' id='word_1_138' title='bbox 335 1417 547 1448; x_wconf 82' lang='lat' dir='ltr'>nequaquam</span> <span class='ocrx_word' id='word_1_139' title='bbox 561 1407 815 1438; x_wconf 83' lang='lat' dir='ltr'>considerantes</span> <span class='ocrx_word' id='word_1_140' title='bbox 830 1405 918 1444; x_wconf 87' lang='lat' dir='ltr'>quod</span> <span class='ocrx_word' id='word_1_141' title='bbox 934 1405 1072 1442; x_wconf 77' lang='lat' dir='ltr'>viperea</span> <span class='ocrx_word' id='word_1_142' title='bbox 1086 1404 1277 1442; x_wconf 86' lang='lat' dir='ltr'>persecuto-</span> 
     </span>
     <span class='ocr_line' id='line_1_22' title="bbox 263 1455 1277 1502; baseline -0.009 -9"><span class='ocrx_word' id='word_1_143' title='bbox 263 1472 337 1494; x_wconf 90' lang='lat' dir='ltr'>rum</span> <span class='ocrx_word' id='word_1_144' title='bbox 357 1463 509 1502; x_wconf 88' lang='lat' dir='ltr'>ipsorum</span> <span class='ocrx_word' id='word_1_145' title='bbox 527 1460 698 1500; x_wconf 85' lang='lat' dir='ltr'>generatio</span> <span class='ocrx_word' id='word_1_146' title='bbox 724 1459 892 1497; x_wconf 87' lang='lat' dir='ltr'>subjectos</span> <span class='ocrx_word' id='word_1_147' title='bbox 913 1457 979 1487; x_wconf 87' lang='lat' dir='ltr'>sibi</span> <span class='ocrx_word' id='word_1_148' title='bbox 999 1456 1143 1495; x_wconf 90' lang='lat' dir='ltr'>populos</span> <span class='ocrx_word' id='word_1_149' title='bbox 1160 1455 1277 1485; x_wconf 87' lang='lat' dir='ltr'>cedere</span> 
     </span>
     <span class='ocr_line' id='line_1_23' title="bbox 265 1508 1277 1554; baseline -0.009 -8"><span class='ocrx_word' id='word_1_150' title='bbox 265 1515 500 1554; x_wconf 83' lang='lat' dir='ltr'>scorpionibus</span> <span class='ocrx_word' id='word_1_151' title='bbox 528 1523 564 1544; x_wconf 89' lang='lat' dir='ltr'>ac</span> <span class='ocrx_word' id='word_1_152' title='bbox 592 1514 626 1544; x_wconf 91' lang='lat' dir='ltr'>in</span> <span class='ocrx_word' id='word_1_153' title='bbox 653 1513 724 1543; x_wconf 87' lang='lat' dir='ltr'>luto</span> <span class='ocrx_word' id='word_1_154' title='bbox 753 1512 902 1551; x_wconf 85' lang='lat' dir='ltr'>affligere</span> <span class='ocrx_word' id='word_1_155' title='bbox 930 1510 1116 1541; x_wconf 88' lang='lat' dir='ltr'>consuevit.</span> <span class='ocrx_word' id='word_1_156' title='bbox 1141 1509 1228 1539; x_wconf 88' lang='lat' dir='ltr'>Nam</span> <span class='ocrx_word' id='word_1_157' title='bbox 1248 1508 1277 1538; x_wconf 88' lang='lat' dir='ltr'>si</span> 
     </span>
     <span class='ocr_line' id='line_1_24' title="bbox 265 1564 1276 1605; baseline -0.009 -5"><span class='ocrx_word' id='word_1_158' title='bbox 265 1570 359 1605; x_wconf 89' lang='lat' dir='ltr'>olim,</span> <span class='ocrx_word' id='word_1_159' title='bbox 380 1568 584 1599; x_wconf 76' lang='lat' dir='ltr'>secularium</span> <span class='ocrx_word' id='word_1_160' title='bbox 608 1566 801 1605; x_wconf 88' lang='lat' dir='ltr'>principum</span> <span class='ocrx_word' id='word_1_161' title='bbox 821 1573 957 1596; x_wconf 84' lang='lat' dir='ltr'>cesarea</span> <span class='ocrx_word' id='word_1_162' title='bbox 980 1572 1040 1593; x_wconf 89' lang='lat' dir='ltr'>vos</span> <span class='ocrx_word' id='word_1_163' title='bbox 1066 1564 1196 1593; x_wconf 87' lang='lat' dir='ltr'>artante</span> <span class='ocrx_word' id='word_1_164' title='bbox 1222 1571 1276 1600; x_wconf 90' lang='lat' dir='ltr'>po-</span> 
     </span>
     <span class='ocr_line' id='line_1_25' title="bbox 265 1615 1278 1660; baseline -0.009 -7"><span class='ocrx_word' id='word_1_165' title='bbox 265 1623 382 1657; x_wconf 81' lang='lat' dir='ltr'>tentia,</span> <span class='ocrx_word' id='word_1_166' title='bbox 407 1628 649 1660; x_wconf 87' lang='lat' dir='ltr'>nonnunquam</span> <span class='ocrx_word' id='word_1_167' title='bbox 669 1619 709 1649; x_wconf 89' lang='lat' dir='ltr'>ab</span> <span class='ocrx_word' id='word_1_168' title='bbox 725 1619 834 1658; x_wconf 90' lang='lat' dir='ltr'>ipsius</span> <span class='ocrx_word' id='word_1_169' title='bbox 853 1617 944 1648; x_wconf 78' lang='lat' dir='ltr'>sedis</span> <span class='ocrx_word' id='word_1_170' title='bbox 968 1616 1145 1647; x_wconf 90' lang='lat' dir='ltr'>devotione</span> <span class='ocrx_word' id='word_1_171' title='bbox 1173 1615 1278 1645; x_wconf 85' lang='lat' dir='ltr'>duxe-</span> 
     </span>
     <span class='ocr_line' id='line_1_26' title="bbox 265 1668 1277 1709; baseline -0.008 -3"><span class='ocrx_word' id='word_1_172' title='bbox 265 1676 341 1706; x_wconf 81' lang='lat' dir='ltr'>ritis</span> <span class='ocrx_word' id='word_1_173' title='bbox 359 1674 605 1708; x_wconf 86' lang='lat' dir='ltr'>divertendum,</span> <span class='ocrx_word' id='word_1_174' title='bbox 626 1673 678 1702; x_wconf 91' lang='lat' dir='ltr'>vis</span> <span class='ocrx_word' id='word_1_175' title='bbox 699 1674 732 1702; x_wconf 90' lang='lat' dir='ltr'>et</span> <span class='ocrx_word' id='word_1_176' title='bbox 754 1673 864 1702; x_wconf 88' lang='lat' dir='ltr'>metus</span> <span class='ocrx_word' id='word_1_177' title='bbox 881 1670 937 1709; x_wconf 89' lang='lat' dir='ltr'>qui</span> <span class='ocrx_word' id='word_1_178' title='bbox 955 1670 1072 1700; x_wconf 89' lang='lat' dir='ltr'>cadere</span> <span class='ocrx_word' id='word_1_179' title='bbox 1096 1670 1228 1708; x_wconf 88' lang='lat' dir='ltr'>poterat</span> <span class='ocrx_word' id='word_1_180' title='bbox 1244 1668 1277 1697; x_wconf 91' lang='lat' dir='ltr'>in</span> 
     </span>
     <span class='ocr_line' id='line_1_27' title="bbox 221 1722 1277 1765; baseline -0.009 -6"><span class='ocrx_word' id='word_1_181' title='bbox 221 1728 226 1737; x_wconf 85' lang='lat'><strong>¹</strong></span> <span class='ocrx_word' id='word_1_182' title='bbox 265 1730 469 1763; x_wconf 79' lang='lat' dir='ltr'>constantes,</span> <span class='ocrx_word' id='word_1_183' title='bbox 494 1736 553 1757; x_wconf 87' lang='lat' dir='ltr'>vos</span> <span class='ocrx_word' id='word_1_184' title='bbox 578 1735 679 1765; x_wconf 91' lang='lat' dir='ltr'>super</span> <span class='ocrx_word' id='word_1_185' title='bbox 704 1726 765 1755; x_wconf 94' lang='grc'>1100</span> <span class='ocrx_word' id='word_1_186' title='bbox 788 1724 926 1755; x_wconf 83' lang='lat' dir='ltr'>reddere</span> <span class='ocrx_word' id='word_1_187' title='bbox 950 1723 1059 1762; x_wconf 90' lang='lat' dir='ltr'>potuit</span> <span class='ocrx_word' id='word_1_188' title='bbox 1081 1722 1222 1752; x_wconf 79' lang='lat' dir='ltr'>forsitan</span> <span class='ocrx_word' id='word_1_189' title='bbox 1243 1722 1277 1751; x_wconf 91' lang='lat' dir='ltr'>in</span> 
     </span>
     <span class='ocr_line' id='line_1_28' title="bbox 266 1775 1276 1821; baseline -0.008 -9"><span class='ocrx_word' id='word_1_190' title='bbox 266 1782 378 1821; x_wconf 87' lang='lat' dir='ltr'>aliquo</span> <span class='ocrx_word' id='word_1_191' title='bbox 395 1782 586 1811; x_wconf 81' lang='lat' dir='ltr'>excusatos.</span> <span class='ocrx_word' id='word_1_192' title='bbox 599 1779 662 1809; x_wconf 84' lang='lat' dir='ltr'>Sed</span> <span class='ocrx_word' id='word_1_193' title='bbox 678 1787 766 1808; x_wconf 88' lang='lat' dir='ltr'>nunc</span> <span class='ocrx_word' id='word_1_194' title='bbox 778 1786 865 1813; x_wconf 88' lang='lat' dir='ltr'>cum,</span> <span class='ocrx_word' id='word_1_195' title='bbox 882 1777 1040 1815; x_wconf 88' lang='lat' dir='ltr'>operante</span> <span class='ocrx_word' id='word_1_196' title='bbox 1056 1776 1158 1814; x_wconf 86' lang='lat' dir='ltr'>Regis</span> <span class='ocrx_word' id='word_1_197' title='bbox 1170 1775 1276 1805; x_wconf 88' lang='lat' dir='ltr'>eterni</span> 
     </span>
     <span class='ocr_line' id='line_1_29' title="bbox 266 1830 1279 1872; baseline -0.009 -7"><span class='ocrx_word' id='word_1_198' title='bbox 266 1834 444 1865; x_wconf 81' lang='lat' dir='ltr'>clementia</span> <span class='ocrx_word' id='word_1_199' title='bbox 464 1841 528 1872; x_wconf 85' lang='lat' dir='ltr'>que</span> <span class='ocrx_word' id='word_1_200' title='bbox 550 1834 665 1862; x_wconf 83' lang='lat' dir='ltr'>curvat</span> <span class='ocrx_word' id='word_1_201' title='bbox 683 1831 836 1870; x_wconf 89' lang='lat' dir='ltr'>imperia,</span> <span class='ocrx_word' id='word_1_202' title='bbox 860 1830 1054 1868; x_wconf 87' lang='lat' dir='ltr'>potentatus</span> <span class='ocrx_word' id='word_1_203' title='bbox 1075 1836 1279 1867; x_wconf 87' lang='lat' dir='ltr'>persequen-</span> 
     </span>
     <span class='ocr_line' id='line_1_30' title="bbox 266 1883 1278 1925; baseline -0.007 -8"><span class='ocrx_word' id='word_1_204' title='bbox 266 1888 350 1917; x_wconf 85' lang='lat' dir='ltr'>tium</span> <span class='ocrx_word' id='word_1_205' title='bbox 371 1887 613 1925; x_wconf 86' lang='lat' dir='ltr'>imperatorum</span> <span class='ocrx_word' id='word_1_206' title='bbox 633 1886 664 1915; x_wconf 84' lang='lat' dir='ltr'>ot</span> <span class='ocrx_word' id='word_1_207' title='bbox 685 1884 876 1923; x_wconf 87' lang='lat' dir='ltr'>principum</span> <span class='ocrx_word' id='word_1_208' title='bbox 902 1883 1130 1918; x_wconf 85' lang='lat' dir='ltr'>cessaverunt,</span> <span class='ocrx_word' id='word_1_209' title='bbox 1150 1889 1210 1911; x_wconf 90' lang='lat' dir='ltr'>nec</span> <span class='ocrx_word' id='word_1_210' title='bbox 1228 1883 1278 1911; x_wconf 90' lang='lat' dir='ltr'>est</span> 
     </span>
     <span class='ocr_line' id='line_1_31' title="bbox 268 1935 1277 1980; baseline -0.007 -10"><span class='ocrx_word' id='word_1_211' title='bbox 268 1941 324 1980; x_wconf 90' lang='lat' dir='ltr'>qui</span> <span class='ocrx_word' id='word_1_212' title='bbox 344 1940 451 1979; x_wconf 82' lang='lat' dir='ltr'>possit</span> <span class='ocrx_word' id='word_1_213' title='bbox 469 1948 528 1969; x_wconf 80' lang='lat' dir='ltr'>vos</span> <span class='ocrx_word' id='word_1_214' title='bbox 558 1939 724 1968; x_wconf 78' lang='lat' dir='ltr'>violenter</span> <span class='ocrx_word' id='word_1_215' title='bbox 744 1937 866 1966; x_wconf 85' lang='lat' dir='ltr'>invitos</span> <span class='ocrx_word' id='word_1_216' title='bbox 883 1935 945 1965; x_wconf 89' lang='lat' dir='ltr'>sub</span> <span class='ocrx_word' id='word_1_217' title='bbox 968 1944 1029 1965; x_wconf 88' lang='lat' dir='ltr'>sua</span> <span class='ocrx_word' id='word_1_218' title='bbox 1049 1935 1211 1965; x_wconf 85' lang='lat' dir='ltr'>servitute</span> <span class='ocrx_word' id='word_1_219' title='bbox 1235 1938 1277 1964; x_wconf 87' lang='lat' dir='ltr'>te-</span> 
     </span>
     <span class='ocr_line' id='line_1_32' title="bbox 268 1987 1277 2029; baseline -0.007 -6"><span class='ocrx_word' id='word_1_220' title='bbox 268 2002 357 2029; x_wconf 88' lang='lat' dir='ltr'>nere,</span> <span class='ocrx_word' id='word_1_221' title='bbox 378 1993 418 2022; x_wconf 83' lang='lat' dir='ltr'>ad</span> <span class='ocrx_word' id='word_1_222' title='bbox 436 1992 529 2022; x_wconf 88' lang='lat' dir='ltr'>nulla</span> <span class='ocrx_word' id='word_1_223' title='bbox 546 1991 777 2022; x_wconf 81' lang='lat' dir='ltr'>excusationis</span> <span class='ocrx_word' id='word_1_224' title='bbox 801 1989 960 2027; x_wconf 81' lang='lat' dir='ltr'>suffragia</span> <span class='ocrx_word' id='word_1_225' title='bbox 983 1988 1138 2026; x_wconf 87' lang='lat' dir='ltr'>poteritis</span> <span class='ocrx_word' id='word_1_226' title='bbox 1155 1987 1277 2017; x_wconf 88' lang='lat' dir='ltr'>habere</span> 
     </span>
     <span class='ocr_line' id='line_1_33' title="bbox 268 2041 1278 2080; baseline -0.007 -3"><span class='ocrx_word' id='word_1_227' title='bbox 268 2054 453 2080; x_wconf 73' lang='lat' dir='ltr'>recursum,</span> <span class='ocrx_word' id='word_1_228' title='bbox 480 2045 507 2074; x_wconf 92' lang='lat' dir='ltr'>si</span> <span class='ocrx_word' id='word_1_229' title='bbox 532 2043 721 2074; x_wconf 77' lang='lat' dir='ltr'>voluntarie</span> <span class='ocrx_word' id='word_1_230' title='bbox 748 2042 941 2072; x_wconf 85' lang='lat' dir='ltr'>adversario</span> <span class='ocrx_word' id='word_1_231' title='bbox 974 2041 1113 2071; x_wconf 86' lang='lat' dir='ltr'>ecclesie</span> <span class='ocrx_word' id='word_1_232' title='bbox 1134 2041 1278 2071; x_wconf 91' lang='lat' dir='ltr'>ulterius</span> 
     </span>
     <span class='ocr_line' id='line_1_34' title="bbox 268 2094 1278 2133; baseline -0.006 -3"><span class='ocrx_word' id='word_1_233' title='bbox 268 2099 467 2131; x_wconf 77' lang='lat' dir='ltr'>adherendo,</span> <span class='ocrx_word' id='word_1_234' title='bbox 499 2106 564 2127; x_wconf 90' lang='lat' dir='ltr'>non</span> <span class='ocrx_word' id='word_1_235' title='bbox 595 2096 795 2126; x_wconf 84' lang='lat' dir='ltr'>curaveritis</span> <span class='ocrx_word' id='word_1_236' title='bbox 818 2095 857 2125; x_wconf 88' lang='lat' dir='ltr'>ad</span> <span class='ocrx_word' id='word_1_237' title='bbox 877 2095 989 2124; x_wconf 89' lang='lat' dir='ltr'>sinum</span> <span class='ocrx_word' id='word_1_238' title='bbox 1009 2094 1118 2133; x_wconf 90' lang='lat' dir='ltr'>ipsius</span> <span class='ocrx_word' id='word_1_239' title='bbox 1137 2094 1278 2124; x_wconf 85' lang='lat' dir='ltr'>ecclesie</span> 
     </span>
     <span class='ocr_line' id='line_1_35' title="bbox 269 2146 1277 2192; baseline -0.007 -10"><span class='ocrx_word' id='word_1_240' title='bbox 269 2153 325 2192; x_wconf 88' lang='lat' dir='ltr'>qui</span> <span class='ocrx_word' id='word_1_241' title='bbox 351 2160 522 2190; x_wconf 84' lang='lat' dir='ltr'>nunquam</span> <span class='ocrx_word' id='word_1_242' title='bbox 551 2150 719 2180; x_wconf 82' lang='lat' dir='ltr'>clauditur</span> <span class='ocrx_word' id='word_1_243' title='bbox 747 2149 788 2178; x_wconf 89' lang='lat' dir='ltr'>ad</span> <span class='ocrx_word' id='word_1_244' title='bbox 818 2148 911 2177; x_wconf 86' lang='lat' dir='ltr'>illam</span> <span class='ocrx_word' id='word_1_245' title='bbox 940 2146 1171 2182; x_wconf 80' lang='lat' dir='ltr'>redeuntibus,</span> <span class='ocrx_word' id='word_1_246' title='bbox 1202 2155 1277 2176; x_wconf 90' lang='lat' dir='ltr'>cum</span> 
     </span>
     <span class='ocr_line' id='line_1_36' title="bbox 269 2199 1279 2237; baseline -0.008 -2"><span class='ocrx_word' id='word_1_247' title='bbox 269 2206 359 2236; x_wconf 89' lang='lat' dir='ltr'>omni</span> <span class='ocrx_word' id='word_1_248' title='bbox 381 2204 571 2234; x_wconf 87' lang='lat' dir='ltr'>bumilitate</span> <span class='ocrx_word' id='word_1_249' title='bbox 601 2202 710 2233; x_wconf 87' lang='lat' dir='ltr'>redire</span> <span class='ocrx_word' id='word_1_250' title='bbox 729 2211 765 2231; x_wconf 86' lang='lat' dir='ltr'>ac</span> <span class='ocrx_word' id='word_1_251' title='bbox 784 2202 902 2231; x_wconf 77' lang='lat' dir='ltr'>offerre</span> <span class='ocrx_word' id='word_1_252' title='bbox 922 2200 987 2230; x_wconf 85' lang='lat' dir='ltr'>sibi</span> <span class='ocrx_word' id='word_1_253' title='bbox 1008 2199 1192 2237; x_wconf 82' lang='lat' dir='ltr'>penitentie</span> <span class='ocrx_word' id='word_1_254' title='bbox 1209 2208 1279 2228; x_wconf 92' lang='lat' dir='ltr'>mu-</span> 
     </span>
     <span class='ocr_line' id='line_1_37' title="bbox 269 2252 1275 2292; baseline -0.009 -3"><span class='ocrx_word' id='word_1_255' title='bbox 269 2268 347 2289; x_wconf 83' lang='lat' dir='ltr'>nera</span> <span class='ocrx_word' id='word_1_256' title='bbox 361 2261 391 2289; x_wconf 85' lang='lat' dir='ltr'>et</span> <span class='ocrx_word' id='word_1_257' title='bbox 405 2257 540 2288; x_wconf 86' lang='lat' dir='ltr'>contriti</span> <span class='ocrx_word' id='word_1_258' title='bbox 554 2256 665 2286; x_wconf 83' lang='lat' dir='ltr'>cordis</span> <span class='ocrx_word' id='word_1_259' title='bbox 680 2264 716 2285; x_wconf 87' lang='lat' dir='ltr'>ac</span> <span class='ocrx_word' id='word_1_260' title='bbox 730 2253 899 2284; x_wconf 86' lang='lat' dir='ltr'>humiliati</span> <span class='ocrx_word' id='word_1_261' title='bbox 916 2253 1057 2292; x_wconf 84' lang='lat' dir='ltr'>spiritus</span> <span class='ocrx_word' id='word_1_262' title='bbox 1069 2252 1275 2282; x_wconf 84' lang='lat' dir='ltr'>holocausta.</span> 
     </span>
     <span class='ocr_line' id='line_1_38' title="bbox 270 2304 1277 2349; baseline -0.008 -8"><span class='ocrx_word' id='word_1_263' title='bbox 270 2312 407 2346; x_wconf 85' lang='lat' dir='ltr'>Verum,</span> <span class='ocrx_word' id='word_1_264' title='bbox 427 2310 506 2349; x_wconf 66' lang='lat' dir='ltr'>quia,</span> <span class='ocrx_word' id='word_1_265' title='bbox 525 2308 702 2348; x_wconf 83' lang='lat' dir='ltr'>regiminis</span> <span class='ocrx_word' id='word_1_266' title='bbox 719 2307 885 2345; x_wconf 84' lang='lat' dir='ltr'>asperitas</span> <span class='ocrx_word' id='word_1_267' title='bbox 901 2315 967 2345; x_wconf 84' lang='lat' dir='ltr'>qua</span> <span class='ocrx_word' id='word_1_268' title='bbox 986 2315 1046 2335; x_wconf 79' lang='lat' dir='ltr'>vos</span> <span class='ocrx_word' id='word_1_269' title='bbox 1072 2305 1155 2335; x_wconf 87' lang='lat' dir='ltr'>sorte</span> <span class='ocrx_word' id='word_1_270' title='bbox 1172 2304 1277 2343; x_wconf 81' lang='lat' dir='ltr'>aliqui</span> 
     </span>
     <span class='ocr_line' id='line_1_39' title="bbox 268 2358 1276 2404; baseline -0.009 -9"><span class='ocrx_word' id='word_1_271' title='bbox 268 2364 391 2404; x_wconf 85' lang='lat' dir='ltr'>quibus</span> <span class='ocrx_word' id='word_1_272' title='bbox 406 2365 476 2394; x_wconf 86' lang='lat' dir='ltr'>erat</span> <span class='ocrx_word' id='word_1_273' title='bbox 491 2364 567 2392; x_wconf 89' lang='lat' dir='ltr'>tunc</span> <span class='ocrx_word' id='word_1_274' title='bbox 577 2361 725 2392; x_wconf 88' lang='lat' dir='ltr'>Marchia</span> <span class='ocrx_word' id='word_1_275' title='bbox 735 2360 852 2390; x_wconf 89' lang='lat' dir='ltr'>eadem</span> <span class='ocrx_word' id='word_1_276' title='bbox 867 2368 884 2389; x_wconf 88' lang='lat' dir='ltr'>a</span> <span class='ocrx_word' id='word_1_277' title='bbox 896 2359 984 2389; x_wconf 84' lang='lat' dir='ltr'>dicta</span> <span class='ocrx_word' id='word_1_278' title='bbox 994 2358 1072 2388; x_wconf 88' lang='lat' dir='ltr'>sede</span> <span class='ocrx_word' id='word_1_279' title='bbox 1083 2358 1276 2394; x_wconf 84' lang='lat' dir='ltr'>commissa,</span> 
     </span>
     <span class='ocr_line' id='line_1_40' title="bbox 268 2410 1278 2456; baseline -0.009 -8"><span class='ocrx_word' id='word_1_280' title='bbox 268 2418 405 2456; x_wconf 85' lang='lat' dir='ltr'>injustis</span> <span class='ocrx_word' id='word_1_281' title='bbox 435 2426 494 2446; x_wconf 85' lang='lat' dir='ltr'>vos</span> <span class='ocrx_word' id='word_1_282' title='bbox 516 2414 682 2445; x_wconf 80' lang='lat' dir='ltr'>vexabant</span> <span class='ocrx_word' id='word_1_283' title='bbox 706 2412 940 2444; x_wconf 76' lang='lat' dir='ltr'>occasionibus</span> <span class='ocrx_word' id='word_1_284' title='bbox 957 2414 987 2442; x_wconf 92' lang='lat' dir='ltr'>et</span> <span class='ocrx_word' id='word_1_285' title='bbox 1006 2410 1166 2441; x_wconf 86' lang='lat' dir='ltr'>indebitis</span> <span class='ocrx_word' id='word_1_286' title='bbox 1183 2419 1278 2440; x_wconf 77' lang='lat' dir='ltr'>exac-</span> 
     </span>
     <span class='ocr_line' id='line_1_41' title="bbox 269 2463 1278 2502; baseline -0.009 -1"><span class='ocrx_word' id='word_1_287' title='bbox 269 2470 420 2501; x_wconf 81' lang='lat' dir='ltr'>tionibus</span> <span class='ocrx_word' id='word_1_288' title='bbox 438 2468 674 2502; x_wconf 86' lang='lat' dir='ltr'>molestabant,</span> <span class='ocrx_word' id='word_1_289' title='bbox 687 2475 823 2497; x_wconf 90' lang='lat' dir='ltr'>causam</span> <span class='ocrx_word' id='word_1_290' title='bbox 838 2465 934 2496; x_wconf 88' lang='lat' dir='ltr'>vobis</span> <span class='ocrx_word' id='word_1_291' title='bbox 952 2463 1149 2495; x_wconf 89' lang='lat' dir='ltr'>rebellionis</span> <span class='ocrx_word' id='word_1_292' title='bbox 1164 2463 1278 2502; x_wconf 85' lang='lat' dir='ltr'>hujus-</span> 
     </span>
     <span class='ocr_line' id='line_1_42' title="bbox 269 2517 1277 2560; baseline -0.008 -6"><span class='ocrx_word' id='word_1_293' title='bbox 269 2524 358 2554; x_wconf 83' lang='lat' dir='ltr'>modi</span> <span class='ocrx_word' id='word_1_294' title='bbox 373 2523 495 2553; x_wconf 89' lang='lat' dir='ltr'>dicitur</span> <span class='ocrx_word' id='word_1_295' title='bbox 506 2521 693 2560; x_wconf 84' lang='lat' dir='ltr'>prebuisse,</span> <span class='ocrx_word' id='word_1_296' title='bbox 706 2529 779 2550; x_wconf 89' lang='lat' dir='ltr'>cum</span> <span class='ocrx_word' id='word_1_297' title='bbox 792 2521 902 2549; x_wconf 89' lang='lat' dir='ltr'>tamen</span> <span class='ocrx_word' id='word_1_298' title='bbox 916 2518 1006 2548; x_wconf 90' lang='lat' dir='ltr'>nulle</span> <span class='ocrx_word' id='word_1_299' title='bbox 1019 2517 1277 2548; x_wconf 85' lang='lat' dir='ltr'>tribulationum</span> 
     </span>
     <span class='ocr_line' id='line_1_43' title="bbox 270 2570 1280 2615; baseline -0.008 -9"><span class='ocrx_word' id='word_1_300' title='bbox 270 2586 353 2615; x_wconf 83' lang='lat' dir='ltr'>aque</span> <span class='ocrx_word' id='word_1_301' title='bbox 371 2577 517 2606; x_wconf 82' lang='lat' dir='ltr'>vestram</span> <span class='ocrx_word' id='word_1_302' title='bbox 535 2583 612 2613; x_wconf 85' lang='lat' dir='ltr'>erga</span> <span class='ocrx_word' id='word_1_303' title='bbox 630 2573 795 2612; x_wconf 86' lang='lat' dir='ltr'>prefatam</span> <span class='ocrx_word' id='word_1_304' title='bbox 813 2571 990 2602; x_wconf 86' lang='lat' dir='ltr'>ecclesiam</span> <span class='ocrx_word' id='word_1_305' title='bbox 1010 2570 1207 2601; x_wconf 86' lang='lat' dir='ltr'>debuissent</span> <span class='ocrx_word' id='word_1_306' title='bbox 1224 2578 1280 2599; x_wconf 80' lang='lat' dir='ltr'>ex-</span> 
     </span>
     <span class='ocr_line' id='line_1_44' title="bbox 268 2623 1279 2668; baseline -0.008 -8"><span class='ocrx_word' id='word_1_307' title='bbox 268 2630 421 2668; x_wconf 71' lang='lat' dir='ltr'>tinguere</span> <span class='ocrx_word' id='word_1_308' title='bbox 433 2628 620 2663; x_wconf 88' lang='lat' dir='ltr'>caritatem,</span> <span class='ocrx_word' id='word_1_309' title='bbox 635 2635 708 2663; x_wconf 88' lang='lat' dir='ltr'>nos,</span> <span class='ocrx_word' id='word_1_310' title='bbox 723 2625 941 2664; x_wconf 88' lang='lat' dir='ltr'>conjicientes</span> <span class='ocrx_word' id='word_1_311' title='bbox 956 2633 997 2654; x_wconf 84' lang='lat' dir='ltr'>ex</span> <span class='ocrx_word' id='word_1_312' title='bbox 1010 2623 1181 2662; x_wconf 89' lang='lat' dir='ltr'>preteritis</span> <span class='ocrx_word' id='word_1_313' title='bbox 1197 2631 1279 2662; x_wconf 87' lang='lat' dir='ltr'>qua-</span> 
     </span>
     <span class='ocr_line' id='line_1_45' title="bbox 269 2675 1279 2721; baseline -0.008 -8"><span class='ocrx_word' id='word_1_314' title='bbox 269 2683 345 2714; x_wconf 87' lang='lat' dir='ltr'>liter</span> <span class='ocrx_word' id='word_1_315' title='bbox 373 2682 424 2721; x_wconf 84' lang='lat' dir='ltr'>agi</span> <span class='ocrx_word' id='word_1_316' title='bbox 451 2680 570 2711; x_wconf 84' lang='lat' dir='ltr'>debeat</span> <span class='ocrx_word' id='word_1_317' title='bbox 599 2680 633 2710; x_wconf 91' lang='lat' dir='ltr'>in</span> <span class='ocrx_word' id='word_1_318' title='bbox 659 2679 782 2709; x_wconf 87' lang='lat' dir='ltr'>futuris</span> <span class='ocrx_word' id='word_1_319' title='bbox 804 2687 841 2708; x_wconf 88' lang='lat' dir='ltr'>ac</span> <span class='ocrx_word' id='word_1_320' title='bbox 865 2678 1017 2708; x_wconf 84' lang='lat' dir='ltr'>volentes</span> <span class='ocrx_word' id='word_1_321' title='bbox 1039 2675 1136 2706; x_wconf 82' lang='lat' dir='ltr'>vobis</span> <span class='ocrx_word' id='word_1_322' title='bbox 1160 2676 1194 2706; x_wconf 94' lang='lat' dir='ltr'>in</span> <span class='ocrx_word' id='word_1_323' title='bbox 1219 2676 1279 2706; x_wconf 88' lang='lat' dir='ltr'>hac</span> 
     </span>
     <span class='ocr_line' id='line_1_46' title="bbox 270 2729 1279 2775; baseline -0.007 -10"><span class='ocrx_word' id='word_1_324' title='bbox 270 2737 362 2775; x_wconf 88' lang='lat' dir='ltr'>parte</span> <span class='ocrx_word' id='word_1_325' title='bbox 393 2734 585 2774; x_wconf 84' lang='lat' dir='ltr'>specialiter</span> <span class='ocrx_word' id='word_1_326' title='bbox 603 2733 792 2771; x_wconf 84' lang='lat' dir='ltr'>providere,</span> <span class='ocrx_word' id='word_1_327' title='bbox 810 2731 870 2761; x_wconf 86' lang='lat' dir='ltr'>tali</span> <span class='ocrx_word' id='word_1_328' title='bbox 888 2738 1032 2769; x_wconf 89' lang='lat' dir='ltr'>persone</span> <span class='ocrx_word' id='word_1_329' title='bbox 1050 2729 1279 2759; x_wconf 86' lang='lat' dir='ltr'>ecclesiastice</span> 
     </span>
     <span class='ocr_line' id='line_1_47' title="bbox 269 2782 1277 2826; baseline -0.008 -7"><span class='ocrx_word' id='word_1_330' title='bbox 269 2797 383 2819; x_wconf 87' lang='lat' dir='ltr'>curam</span> <span class='ocrx_word' id='word_1_331' title='bbox 400 2789 431 2818; x_wconf 90' lang='lat' dir='ltr'>et</span> <span class='ocrx_word' id='word_1_332' title='bbox 445 2787 594 2826; x_wconf 86' lang='lat' dir='ltr'>regimen</span> <span class='ocrx_word' id='word_1_333' title='bbox 607 2786 716 2824; x_wconf 88' lang='lat' dir='ltr'>ipsius</span> <span class='ocrx_word' id='word_1_334' title='bbox 731 2784 878 2815; x_wconf 86' lang='lat' dir='ltr'>Marchie</span> <span class='ocrx_word' id='word_1_335' title='bbox 893 2783 1054 2813; x_wconf 81' lang='lat' dir='ltr'>duximus</span> <span class='ocrx_word' id='word_1_336' title='bbox 1068 2782 1277 2813; x_wconf 90' lang='lat' dir='ltr'>committen-</span> 
     </span>
     <span class='ocr_line' id='line_1_48' title="bbox 271 2835 1280 2880; baseline -0.008 -8"><span class='ocrx_word' id='word_1_337' title='bbox 271 2842 347 2872; x_wconf 87' lang='lat' dir='ltr'>dam</span> <span class='ocrx_word' id='word_1_338' title='bbox 365 2841 461 2880; x_wconf 86' lang='lat' dir='ltr'>cujus</span> <span class='ocrx_word' id='word_1_339' title='bbox 482 2840 560 2870; x_wconf 86' lang='lat' dir='ltr'>fidei</span> <span class='ocrx_word' id='word_1_340' title='bbox 578 2839 774 2869; x_wconf 89' lang='lat' dir='ltr'>firmitatem</span> <span class='ocrx_word' id='word_1_341' title='bbox 797 2837 831 2867; x_wconf 94' lang='lat' dir='ltr'>in</span> <span class='ocrx_word' id='word_1_342' title='bbox 848 2836 965 2867; x_wconf 90' lang='lat' dir='ltr'>multis</span> <span class='ocrx_word' id='word_1_343' title='bbox 985 2836 1100 2866; x_wconf 85' lang='lat' dir='ltr'>arduis</span> <span class='ocrx_word' id='word_1_344' title='bbox 1115 2835 1185 2873; x_wconf 89' lang='lat' dir='ltr'>jam</span> <span class='ocrx_word' id='word_1_345' title='bbox 1202 2844 1280 2874; x_wconf 90' lang='lat' dir='ltr'>pro-</span> 
     </span>
     <span class='ocr_line' id='line_1_49' title="bbox 271 2889 1278 2932; baseline -0.008 -7"><span class='ocrx_word' id='word_1_346' title='bbox 271 2894 383 2925; x_wconf 87' lang='lat' dir='ltr'>batam</span> <span class='ocrx_word' id='word_1_347' title='bbox 406 2893 537 2932; x_wconf 79' lang='lat' dir='ltr'>prefata</span> <span class='ocrx_word' id='word_1_348' title='bbox 562 2892 703 2922; x_wconf 89' lang='lat' dir='ltr'>ecclesia</span> <span class='ocrx_word' id='word_1_349' title='bbox 728 2890 960 2929; x_wconf 85' lang='lat' dir='ltr'>experimento</span> <span class='ocrx_word' id='word_1_350' title='bbox 983 2889 1139 2927; x_wconf 81' lang='lat' dir='ltr'>cognovit</span> <span class='ocrx_word' id='word_1_351' title='bbox 1159 2889 1191 2918; x_wconf 88' lang='lat' dir='ltr'>et</span> <span class='ocrx_word' id='word_1_352' title='bbox 1214 2896 1278 2927; x_wconf 90' lang='lat' dir='ltr'>que</span> 
     </span>
     <span class='ocr_line' id='line_1_50' title="bbox 270 2941 1277 2984; baseline -0.007 -7"><span class='ocrx_word' id='word_1_353' title='bbox 270 2956 330 2978; x_wconf 86' lang='lat' dir='ltr'>vos</span> <span class='ocrx_word' id='word_1_354' title='bbox 348 2947 381 2977; x_wconf 89' lang='lat' dir='ltr'>in</span> <span class='ocrx_word' id='word_1_355' title='bbox 401 2946 491 2977; x_wconf 91' lang='lat' dir='ltr'>omni</span> <span class='ocrx_word' id='word_1_356' title='bbox 506 2945 710 2984; x_wconf 82' lang='lat' dir='ltr'>benignitate</span> <span class='ocrx_word' id='word_1_357' title='bbox 729 2953 766 2974; x_wconf 88' lang='lat' dir='ltr'>ac</span> <span class='ocrx_word' id='word_1_358' title='bbox 781 2943 988 2973; x_wconf 87' lang='lat' dir='ltr'>humanitate</span> <span class='ocrx_word' id='word_1_359' title='bbox 1005 2941 1162 2972; x_wconf 86' lang='lat' dir='ltr'>tractabit</span> <span class='ocrx_word' id='word_1_360' title='bbox 1181 2941 1277 2971; x_wconf 88' lang='lat' dir='ltr'>sciet·</span> 
     </span>
     <span class='ocr_line' id='line_1_51' title="bbox 271 2993 1275 3040; baseline -0.008 -9"><span class='ocrx_word' id='word_1_361' title='bbox 271 3009 335 3040; x_wconf 85' lang='lat' dir='ltr'>que</span> <span class='ocrx_word' id='word_1_362' title='bbox 347 2999 529 3030; x_wconf 82' lang='lat' dir='ltr'>Marchiam</span> <span class='ocrx_word' id='word_1_363' title='bbox 546 2999 655 3038; x_wconf 88' lang='lat' dir='ltr'>ipsam</span> <span class='ocrx_word' id='word_1_364' title='bbox 667 2996 932 3036; x_wconf 87' lang='lat' dir='ltr'>lucidisjustitie</span> <span class='ocrx_word' id='word_1_365' title='bbox 948 3004 984 3026; x_wconf 87' lang='lat' dir='ltr'>ac</span> <span class='ocrx_word' id='word_1_366' title='bbox 996 2995 1088 3034; x_wconf 84' lang='lat' dir='ltr'>pacis</span> <span class='ocrx_word' id='word_1_367' title='bbox 1105 2993 1275 3033; x_wconf 80' lang='lat' dir='ltr'>operibuS,</span> 
     </span>
    </p>
   </div>
   <div class='ocr_carea' id='block_1_3' title="bbox 1332 391 2350 2026">
    <p class='ocr_par' dir='ltr' id='par_1_4' title="bbox 1333 391 2343 485">
     <span class='ocr_line' id='line_1_52' title="bbox 1333 391 2343 433; baseline -0.003 -9"><span class='ocrx_word' id='word_1_368' title='bbox 1333 402 1397 433; x_wconf 88' lang='lat' dir='ltr'>que</span> <span class='ocrx_word' id='word_1_369' title='bbox 1407 393 1585 432; x_wconf 89' lang='lat' dir='ltr'>potissime</span> <span class='ocrx_word' id='word_1_370' title='bbox 1597 392 1861 431; x_wconf 87' lang='lat' dir='ltr'>requirunturin</span> <span class='ocrx_word' id='word_1_371' title='bbox 1875 391 2022 430; x_wconf 79' lang='lat' dir='ltr'>preside,</span> <span class='ocrx_word' id='word_1_372' title='bbox 2036 392 2170 422; x_wconf 88' lang='lat' dir='ltr'>auctore</span> <span class='ocrx_word' id='word_1_373' title='bbox 2184 391 2343 427; x_wconf 87' lang='lat' dir='ltr'>Domino,</span> 
     </span>
     <span class='ocr_line' id='line_1_53' title="bbox 1335 445 1695 485; baseline -0.006 -9"><span class='ocrx_word' id='word_1_374' title='bbox 1335 446 1479 477; x_wconf 87' lang='lat' dir='ltr'>feliciter</span> <span class='ocrx_word' id='word_1_375' title='bbox 1495 445 1695 485; x_wconf 86' lang='lat' dir='ltr'>gubernare.</span> 
     </span>
    </p>

    <p class='ocr_par' dir='ltr' id='par_1_5' title="bbox 1332 498 2350 2026">
     <span class='ocr_line' id='line_1_54' title="bbox 1373 498 2345 538; baseline -0.003 -9"><span class='ocrx_word' id='word_1_376' title='bbox 1373 499 1519 538; x_wconf 88' lang='lat' dir='ltr'>Ideoque</span> <span class='ocrx_word' id='word_1_377' title='bbox 1538 498 1795 528; x_wconf 88' lang='lat' dir='ltr'>universitatem</span> <span class='ocrx_word' id='word_1_378' title='bbox 1816 499 1965 527; x_wconf 78' lang='lat' dir='ltr'>vestram</span> <span class='ocrx_word' id='word_1_379' title='bbox 1982 504 2172 532; x_wconf 89' lang='lat' dir='ltr'>monemus,</span> <span class='ocrx_word' id='word_1_380' title='bbox 2187 505 2345 535; x_wconf 83' lang='lat' dir='ltr'>rogamus</span> 
     </span>
     <span class='ocr_line' id='line_1_55' title="bbox 1333 549 2342 588; baseline -0.003 -6"><span class='ocrx_word' id='word_1_381' title='bbox 1333 554 1365 583; x_wconf 88' lang='lat' dir='ltr'>et</span> <span class='ocrx_word' id='word_1_382' title='bbox 1401 552 1576 582; x_wconf 87' lang='lat' dir='ltr'>hortamur</span> <span class='ocrx_word' id='word_1_383' title='bbox 1602 552 1728 581; x_wconf 87' lang='lat' dir='ltr'>attente</span> <span class='ocrx_word' id='word_1_384' title='bbox 1762 559 1798 580; x_wconf 88' lang='lat' dir='ltr'>ac</span> <span class='ocrx_word' id='word_1_385' title='bbox 1831 549 2050 580; x_wconf 88' lang='lat' dir='ltr'>obsecramur</span> <span class='ocrx_word' id='word_1_386' title='bbox 2085 557 2145 588; x_wconf 89' lang='lat' dir='ltr'>per</span> <span class='ocrx_word' id='word_1_387' title='bbox 2178 549 2342 588; x_wconf 83' lang='lat' dir='ltr'>aspersio·</span> 
     </span>
     <span class='ocr_line' id='line_1_56' title="bbox 1333 601 2344 643; baseline -0.004 -8"><span class='ocrx_word' id='word_1_388' title='bbox 1333 614 1408 636; x_wconf 91' lang='lat' dir='ltr'>nem</span> <span class='ocrx_word' id='word_1_389' title='bbox 1441 604 1616 643; x_wconf 85' lang='lat' dir='ltr'>sanguinis</span> <span class='ocrx_word' id='word_1_390' title='bbox 1643 603 1748 633; x_wconf 85' lang='lat' dir='ltr'>Jhesu</span> <span class='ocrx_word' id='word_1_391' title='bbox 1773 603 1911 637; x_wconf 83' lang='lat' dir='ltr'>Christi,</span> <span class='ocrx_word' id='word_1_392' title='bbox 1941 611 2000 641; x_wconf 90' lang='lat' dir='ltr'>per</span> <span class='ocrx_word' id='word_1_393' title='bbox 2029 601 2217 641; x_wconf 85' lang='lat' dir='ltr'>apostolica</span> <span class='ocrx_word' id='word_1_394' title='bbox 2249 601 2344 632; x_wconf 79' lang='lat' dir='ltr'>vobis</span> 
     </span>
     <span class='ocr_line' id='line_1_57' title="bbox 1333 655 2346 696; baseline -0.004 -8"><span class='ocrx_word' id='word_1_395' title='bbox 1333 658 1458 696; x_wconf 89' lang='lat' dir='ltr'>scripta</span> <span class='ocrx_word' id='word_1_396' title='bbox 1480 657 1722 687; x_wconf 85' lang='lat' dir='ltr'>nichilominus</span> <span class='ocrx_word' id='word_1_397' title='bbox 1738 656 1891 686; x_wconf 89' lang='lat' dir='ltr'>districte</span> <span class='ocrx_word' id='word_1_398' title='bbox 1908 655 2124 694; x_wconf 85' lang='lat' dir='ltr'>precipiendo</span> <span class='ocrx_word' id='word_1_399' title='bbox 2147 655 2346 685; x_wconf 86' lang='lat' dir='ltr'>mandantes</span> 
     </span>
     <span class='ocr_line' id='line_1_58' title="bbox 1333 708 2348 750; baseline -0.004 -9"><span class='ocrx_word' id='word_1_400' title='bbox 1333 711 1505 750; x_wconf 81' lang='lat' dir='ltr'>quatinus,</span> <span class='ocrx_word' id='word_1_401' title='bbox 1531 710 1617 740; x_wconf 90' lang='lat' dir='ltr'>sicut</span> <span class='ocrx_word' id='word_1_402' title='bbox 1642 710 1789 739; x_wconf 85' lang='lat' dir='ltr'>divinam</span> <span class='ocrx_word' id='word_1_403' title='bbox 1815 717 1928 739; x_wconf 90' lang='lat' dir='ltr'>caram</span> <span class='ocrx_word' id='word_1_404' title='bbox 1948 708 2081 738; x_wconf 90' lang='lat' dir='ltr'>habetis</span> <span class='ocrx_word' id='word_1_405' title='bbox 2103 708 2259 747; x_wconf 84' lang='lat' dir='ltr'>gratiam,</span> <span class='ocrx_word' id='word_1_406' title='bbox 2282 709 2348 738; x_wconf 87' lang='lat' dir='ltr'>sta·</span> 
     </span>
     <span class='ocr_line' id='line_1_59' title="bbox 1332 761 2346 803; baseline -0.003 -9"><span class='ocrx_word' id='word_1_407' title='bbox 1332 764 1394 794; x_wconf 88' lang='lat' dir='ltr'>tim</span> <span class='ocrx_word' id='word_1_408' title='bbox 1413 764 1558 803; x_wconf 74' lang='lat' dir='ltr'>receptis</span> <span class='ocrx_word' id='word_1_409' title='bbox 1582 762 1809 802; x_wconf 73' lang='lat' dir='ltr'>presentibus,</span> <span class='ocrx_word' id='word_1_410' title='bbox 1841 761 1882 792; x_wconf 89' lang='lat' dir='ltr'>de</span> <span class='ocrx_word' id='word_1_411' title='bbox 1909 761 2104 800; x_wconf 89' lang='lat' dir='ltr'>hujusmodi</span> <span class='ocrx_word' id='word_1_412' title='bbox 2126 761 2346 791; x_wconf 85' lang='lat' dir='ltr'>conversione</span> 
     </span>
     <span class='ocr_line' id='line_1_60' title="bbox 1334 813 2348 855; baseline -0.003 -9"><span class='ocrx_word' id='word_1_413' title='bbox 1334 819 1445 847; x_wconf 83' lang='lat' dir='ltr'>vestra</span> <span class='ocrx_word' id='word_1_414' title='bbox 1465 817 1609 847; x_wconf 82' lang='lat' dir='ltr'>sollicite</span> <span class='ocrx_word' id='word_1_415' title='bbox 1630 816 1776 855; x_wconf 86' lang='lat' dir='ltr'>cogitare</span> <span class='ocrx_word' id='word_1_416' title='bbox 1798 817 1829 846; x_wconf 92' lang='lat' dir='ltr'>et</span> <span class='ocrx_word' id='word_1_417' title='bbox 1849 815 1889 845; x_wconf 91' lang='lat' dir='ltr'>ad</span> <span class='ocrx_word' id='word_1_418' title='bbox 1909 814 2024 844; x_wconf 89' lang='lat' dir='ltr'>dulces</span> <span class='ocrx_word' id='word_1_419' title='bbox 2050 815 2235 844; x_wconf 85' lang='lat' dir='ltr'>memorate</span> <span class='ocrx_word' id='word_1_420' title='bbox 2255 813 2348 844; x_wconf 88' lang='lat' dir='ltr'>sedis</span> 
     </span>
     <span class='ocr_line' id='line_1_61' title="bbox 1333 867 2348 908; baseline -0.005 -8"><span class='ocrx_word' id='word_1_421' title='bbox 1333 870 1524 908; x_wconf 76' lang='lat' dir='ltr'>amplexuS,</span> <span class='ocrx_word' id='word_1_422' title='bbox 1543 878 1606 908; x_wconf 88' lang='lat' dir='ltr'>que</span> <span class='ocrx_word' id='word_1_423' title='bbox 1624 878 1683 899; x_wconf 88' lang='lat' dir='ltr'>vos</span> <span class='ocrx_word' id='word_1_424' title='bbox 1703 868 1856 899; x_wconf 75' lang='lat' dir='ltr'>extensis</span> <span class='ocrx_word' id='word_1_425' title='bbox 1880 867 2029 898; x_wconf 88' lang='lat' dir='ltr'>brachiis</span> <span class='ocrx_word' id='word_1_426' title='bbox 2045 867 2229 897; x_wconf 87' lang='lat' dir='ltr'>clementer</span> <span class='ocrx_word' id='word_1_427' title='bbox 2247 873 2348 904; x_wconf 77' lang='lat' dir='ltr'>expe-</span> 
     </span>
     <span class='ocr_line' id='line_1_62' title="bbox 1332 919 2347 962; baseline -0.004 -9"><span class='ocrx_word' id='word_1_428' title='bbox 1332 923 1372 953; x_wconf 88' lang='lat' dir='ltr'>tit</span> <span class='ocrx_word' id='word_1_429' title='bbox 1388 925 1420 953; x_wconf 88' lang='lat' dir='ltr'>et</span> <span class='ocrx_word' id='word_1_430' title='bbox 1437 925 1624 962; x_wconf 78' lang='lat' dir='ltr'>exspectat,</span> <span class='ocrx_word' id='word_1_431' title='bbox 1645 922 1735 953; x_wconf 89' lang='lat' dir='ltr'>omni</span> <span class='ocrx_word' id='word_1_432' title='bbox 1754 930 1894 960; x_wconf 89' lang='lat' dir='ltr'>prorsus</span> <span class='ocrx_word' id='word_1_433' title='bbox 1910 921 2074 951; x_wconf 89' lang='lat' dir='ltr'>dilatione</span> <span class='ocrx_word' id='word_1_434' title='bbox 2091 929 2128 950; x_wconf 89' lang='lat' dir='ltr'>ac</span> <span class='ocrx_word' id='word_1_435' title='bbox 2146 919 2347 950; x_wconf 85' lang='lat' dir='ltr'>difficultate</span> 
     </span>
     <span class='ocr_line' id='line_1_63' title="bbox 1332 972 2349 1012; baseline -0.005 -5"><span class='ocrx_word' id='word_1_436' title='bbox 1332 976 1484 1012; x_wconf 90' lang='lat' dir='ltr'>remotis,</span> <span class='ocrx_word' id='word_1_437' title='bbox 1502 976 1612 1006; x_wconf 88' lang='lat' dir='ltr'>redire</span> <span class='ocrx_word' id='word_1_438' title='bbox 1631 976 1757 1006; x_wconf 89' lang='lat' dir='ltr'>curetis</span> <span class='ocrx_word' id='word_1_439' title='bbox 1775 976 1821 1010; x_wconf 91' lang='lat' dir='ltr'>ut,</span> <span class='ocrx_word' id='word_1_440' title='bbox 1841 975 1927 1004; x_wconf 92' lang='lat' dir='ltr'>sicut</span> <span class='ocrx_word' id='word_1_441' title='bbox 1945 974 2090 1004; x_wconf 90' lang='lat' dir='ltr'>aliorum</span> <span class='ocrx_word' id='word_1_442' title='bbox 2108 973 2148 1003; x_wconf 91' lang='lat' dir='ltr'>de</span> <span class='ocrx_word' id='word_1_443' title='bbox 2166 973 2242 1012; x_wconf 88' lang='lat' dir='ltr'>ipsa</span> <span class='ocrx_word' id='word_1_444' title='bbox 2261 972 2349 1002; x_wconf 84' lang='lat' dir='ltr'>Mar-</span> 
     </span>
     <span class='ocr_line' id='line_1_64' title="bbox 1333 1026 2348 1068; baseline -0.004 -9"><span class='ocrx_word' id='word_1_445' title='bbox 1333 1029 1407 1059; x_wconf 88' lang='lat' dir='ltr'>chia</span> <span class='ocrx_word' id='word_1_446' title='bbox 1420 1030 1584 1068; x_wconf 90' lang='lat' dir='ltr'>preduces</span> <span class='ocrx_word' id='word_1_447' title='bbox 1602 1028 1717 1058; x_wconf 85' lang='lat' dir='ltr'>fuistis</span> <span class='ocrx_word' id='word_1_448' title='bbox 1732 1028 1766 1058; x_wconf 93' lang='lat' dir='ltr'>in</span> <span class='ocrx_word' id='word_1_449' title='bbox 1786 1027 1915 1058; x_wconf 93' lang='lat' dir='ltr'>lubrico</span> <span class='ocrx_word' id='word_1_450' title='bbox 1942 1026 2132 1057; x_wconf 77' lang='lat' dir='ltr'>aversionis</span> <span class='ocrx_word' id='word_1_451' title='bbox 2150 1035 2169 1056; x_wconf 85' lang='lat' dir='ltr'>a</span> <span class='ocrx_word' id='word_1_452' title='bbox 2184 1026 2256 1056; x_wconf 91' lang='lat' dir='ltr'>Deo</span> <span class='ocrx_word' id='word_1_453' title='bbox 2277 1027 2310 1056; x_wconf 87' lang='lat' dir='ltr'>et</span> <span class='ocrx_word' id='word_1_454' title='bbox 2329 1033 2348 1055; x_wconf 87' lang='lat' dir='ltr'>a</span> 
     </span>
     <span class='ocr_line' id='line_1_65' title="bbox 1332 1078 2347 1120; baseline -0.003 -9"><span class='ocrx_word' id='word_1_455' title='bbox 1332 1082 1411 1112; x_wconf 85' lang='lat' dir='ltr'>sede</span> <span class='ocrx_word' id='word_1_456' title='bbox 1429 1081 1590 1120; x_wconf 89' lang='lat' dir='ltr'>predicta,</span> <span class='ocrx_word' id='word_1_457' title='bbox 1615 1081 1663 1111; x_wconf 85' lang='lat' dir='ltr'>sic</span> <span class='ocrx_word' id='word_1_458' title='bbox 1687 1081 1719 1111; x_wconf 93' lang='lat' dir='ltr'>in</span> <span class='ocrx_word' id='word_1_459' title='bbox 1737 1081 1880 1111; x_wconf 88' lang='lat' dir='ltr'>consilio</span> <span class='ocrx_word' id='word_1_460' title='bbox 1903 1079 2109 1110; x_wconf 83' lang='lat' dir='ltr'>reversionis</span> <span class='ocrx_word' id='word_1_461' title='bbox 2131 1078 2172 1109; x_wconf 90' lang='lat' dir='ltr'>ad</span> <span class='ocrx_word' id='word_1_462' title='bbox 2189 1078 2297 1109; x_wconf 89' lang='lat' dir='ltr'>Deum</span> <span class='ocrx_word' id='word_1_463' title='bbox 2314 1079 2347 1108; x_wconf 84' lang='lat' dir='ltr'>et</span> 
     </span>
     <span class='ocr_line' id='line_1_66' title="bbox 1333 1131 2345 1168; baseline -0.004 -3"><span class='ocrx_word' id='word_1_464' title='bbox 1333 1135 1449 1165; x_wconf 89' lang='lat' dir='ltr'>sedem</span> <span class='ocrx_word' id='word_1_465' title='bbox 1464 1134 1605 1165; x_wconf 89' lang='lat' dir='ltr'>eandem</span> <span class='ocrx_word' id='word_1_466' title='bbox 1628 1134 1730 1164; x_wconf 87' lang='lat' dir='ltr'>duces</span> <span class='ocrx_word' id='word_1_467' title='bbox 1754 1133 1951 1164; x_wconf 82' lang='lat' dir='ltr'>efficiamini</span> <span class='ocrx_word' id='word_1_468' title='bbox 1974 1132 2184 1168; x_wconf 89' lang='lat' dir='ltr'>eorumdem,</span> <span class='ocrx_word' id='word_1_469' title='bbox 2203 1134 2234 1162; x_wconf 90' lang='lat' dir='ltr'>et</span> <span class='ocrx_word' id='word_1_470' title='bbox 2257 1131 2345 1161; x_wconf 84' lang='lat' dir='ltr'>sicut</span> 
     </span>
     <span class='ocr_line' id='line_1_67' title="bbox 1334 1184 2345 1226; baseline -0.004 -8"><span class='ocrx_word' id='word_1_471' title='bbox 1334 1196 1428 1218; x_wconf 90' lang='lat' dir='ltr'>arma</span> <span class='ocrx_word' id='word_1_472' title='bbox 1445 1189 1561 1218; x_wconf 90' lang='lat' dir='ltr'>contra</span> <span class='ocrx_word' id='word_1_473' title='bbox 1580 1187 1750 1226; x_wconf 87' lang='lat' dir='ltr'>justitiam</span> <span class='ocrx_word' id='word_1_474' title='bbox 1779 1187 1872 1217; x_wconf 92' lang='lat' dir='ltr'>sedis</span> <span class='ocrx_word' id='word_1_475' title='bbox 1887 1186 2038 1226; x_wconf 71' lang='lat' dir='ltr'>eiusdem</span> <span class='ocrx_word' id='word_1_476' title='bbox 2065 1186 2098 1215; x_wconf 92' lang='lat' dir='ltr'>in</span> <span class='ocrx_word' id='word_1_477' title='bbox 2124 1184 2345 1215; x_wconf 88' lang='lat' dir='ltr'>subversione</span> 
     </span>
     <span class='ocr_line' id='line_1_68' title="bbox 1334 1237 2348 1280; baseline -0.003 -10"><span class='ocrx_word' id='word_1_478' title='bbox 1334 1241 1427 1280; x_wconf 87' lang='lat' dir='ltr'>pacis</span> <span class='ocrx_word' id='word_1_479' title='bbox 1442 1240 1553 1279; x_wconf 90' lang='lat' dir='ltr'>ipsius</span> <span class='ocrx_word' id='word_1_480' title='bbox 1569 1240 1717 1270; x_wconf 90' lang='lat' dir='ltr'>Marchie</span> <span class='ocrx_word' id='word_1_481' title='bbox 1733 1239 2008 1278; x_wconf 88' lang='lat' dir='ltr'>persecutoribus</span> <span class='ocrx_word' id='word_1_482' title='bbox 2025 1238 2166 1269; x_wconf 88' lang='lat' dir='ltr'>ecclesie</span> <span class='ocrx_word' id='word_1_483' title='bbox 2189 1237 2348 1276; x_wconf 88' lang='lat' dir='ltr'>dampna-</span> 
     </span>
     <span class='ocr_line' id='line_1_69' title="bbox 1334 1290 2348 1331; baseline -0.004 -7"><span class='ocrx_word' id='word_1_484' title='bbox 1334 1294 1450 1324; x_wconf 88' lang='lat' dir='ltr'>biliter</span> <span class='ocrx_word' id='word_1_485' title='bbox 1475 1293 1672 1330; x_wconf 86' lang='lat' dir='ltr'>advenistis,</span> <span class='ocrx_word' id='word_1_486' title='bbox 1699 1293 1748 1323; x_wconf 88' lang='lat' dir='ltr'>sic</span> <span class='ocrx_word' id='word_1_487' title='bbox 1766 1301 1804 1323; x_wconf 91' lang='lat' dir='ltr'>ea</span> <span class='ocrx_word' id='word_1_488' title='bbox 1820 1293 1854 1322; x_wconf 93' lang='lat' dir='ltr'>in</span> <span class='ocrx_word' id='word_1_489' title='bbox 1869 1292 2071 1331; x_wconf 85' lang='lat' dir='ltr'>obsequium</span> <span class='ocrx_word' id='word_1_490' title='bbox 2087 1290 2220 1330; x_wconf 83' lang='lat' dir='ltr'>justitie</span> <span class='ocrx_word' id='word_1_491' title='bbox 2239 1299 2275 1320; x_wconf 91' lang='lat' dir='ltr'>ac</span> <span class='ocrx_word' id='word_1_492' title='bbox 2291 1299 2348 1329; x_wconf 89' lang='lat' dir='ltr'>pa-</span> 
     </span>
     <span class='ocr_line' id='line_1_70' title="bbox 1334 1343 2346 1383; baseline -0.004 -6"><span class='ocrx_word' id='word_1_493' title='bbox 1334 1348 1383 1378; x_wconf 88' lang='lat' dir='ltr'>cis</span> <span class='ocrx_word' id='word_1_494' title='bbox 1396 1355 1495 1377; x_wconf 88' lang='lat' dir='ltr'>usum</span> <span class='ocrx_word' id='word_1_495' title='bbox 1513 1347 1644 1377; x_wconf 90' lang='lat' dir='ltr'>utiliter</span> <span class='ocrx_word' id='word_1_496' title='bbox 1658 1345 1875 1382; x_wconf 76' lang='lat' dir='ltr'>convertatis,</span> <span class='ocrx_word' id='word_1_497' title='bbox 1893 1345 2012 1375; x_wconf 88' lang='lat' dir='ltr'>scituri</span> <span class='ocrx_word' id='word_1_498' title='bbox 2026 1353 2086 1383; x_wconf 91' lang='lat' dir='ltr'>pro</span> <span class='ocrx_word' id='word_1_499' title='bbox 2104 1346 2194 1374; x_wconf 89' lang='lat' dir='ltr'>certo</span> <span class='ocrx_word' id='word_1_500' title='bbox 2210 1343 2300 1383; x_wconf 88' lang='lat' dir='ltr'>quod</span> <span class='ocrx_word' id='word_1_501' title='bbox 2312 1343 2346 1373; x_wconf 92' lang='lat' dir='ltr'>in</span> 
     </span>
     <span class='ocr_line' id='line_1_71' title="bbox 1334 1397 2347 1436; baseline -0.005 -5"><span class='ocrx_word' id='word_1_502' title='bbox 1334 1400 1434 1431; x_wconf 91' lang='lat' dir='ltr'>nobis</span> <span class='ocrx_word' id='word_1_503' title='bbox 1461 1400 1656 1435; x_wconf 87' lang='lat' dir='ltr'>invenietis,</span> <span class='ocrx_word' id='word_1_504' title='bbox 1685 1399 1785 1429; x_wconf 86' lang='lat' dir='ltr'>dante</span> <span class='ocrx_word' id='word_1_505' title='bbox 1801 1398 1961 1434; x_wconf 89' lang='lat' dir='ltr'>Domino,</span> <span class='ocrx_word' id='word_1_506' title='bbox 1976 1397 2259 1433; x_wconf 78' lang='lat' dir='ltr'>miserIcordiam,</span> <span class='ocrx_word' id='word_1_507' title='bbox 2275 1405 2347 1436; x_wconf 85' lang='lat' dir='ltr'>gra-</span> 
     </span>
     <span class='ocr_line' id='line_1_72' title="bbox 1334 1450 2348 1491; baseline -0.005 -7"><span class='ocrx_word' id='word_1_508' title='bbox 1334 1455 1418 1484; x_wconf 88' lang='lat' dir='ltr'>tiam</span> <span class='ocrx_word' id='word_1_509' title='bbox 1443 1455 1474 1484; x_wconf 89' lang='lat' dir='ltr'>et</span> <span class='ocrx_word' id='word_1_510' title='bbox 1500 1453 1650 1483; x_wconf 87' lang='lat' dir='ltr'>favorem</span> <span class='ocrx_word' id='word_1_511' title='bbox 1670 1454 1702 1483; x_wconf 89' lang='lat' dir='ltr'>et</span> <span class='ocrx_word' id='word_1_512' title='bbox 1725 1453 1758 1482; x_wconf 93' lang='lat' dir='ltr'>in</span> <span class='ocrx_word' id='word_1_513' title='bbox 1782 1452 1934 1491; x_wconf 88' lang='lat' dir='ltr'>predicta</span> <span class='ocrx_word' id='word_1_514' title='bbox 1956 1451 2100 1482; x_wconf 89' lang='grc'>00010513</span> <span class='ocrx_word' id='word_1_515' title='bbox 2125 1450 2287 1489; x_wconf 84' lang='lat' dir='ltr'>quicquid</span> <span class='ocrx_word' id='word_1_516' title='bbox 2313 1450 2348 1479; x_wconf 92' lang='lat' dir='ltr'>in</span> 
     </span>
     <span class='ocr_line' id='line_1_73' title="bbox 1334 1503 2346 1547; baseline -0.004 -10"><span class='ocrx_word' id='word_1_517' title='bbox 1334 1507 1479 1547; x_wconf 82' lang='lat' dir='ltr'>benigna</span> <span class='ocrx_word' id='word_1_518' title='bbox 1491 1508 1523 1537; x_wconf 88' lang='lat' dir='ltr'>et</span> <span class='ocrx_word' id='word_1_519' title='bbox 1539 1507 1595 1546; x_wconf 89' lang='lat' dir='ltr'>pia</span> <span class='ocrx_word' id='word_1_520' title='bbox 1607 1508 1713 1536; x_wconf 90' lang='lat' dir='ltr'>matre</span> <span class='ocrx_word' id='word_1_521' title='bbox 1731 1505 1904 1536; x_wconf 77' lang='lat' dir='ltr'>consuevit</span> <span class='ocrx_word' id='word_1_522' title='bbox 1918 1513 1936 1535; x_wconf 88' lang='lat' dir='ltr'>a</span> <span class='ocrx_word' id='word_1_523' title='bbox 1947 1504 2028 1534; x_wconf 87' lang='lat' dir='ltr'>filiis</span> <span class='ocrx_word' id='word_1_524' title='bbox 2038 1503 2196 1534; x_wconf 70' lang='lat' dir='ltr'>inveniri.</span> <span class='ocrx_word' id='word_1_525' title='bbox 2208 1503 2243 1534; x_wconf 86' lang='lat' dir='ltr'>Si</span> <span class='ocrx_word' id='word_1_526' title='bbox 2255 1511 2346 1537; x_wconf 74' lang='lat' dir='ltr'>vero,</span> 
     </span>
     <span class='ocr_line' id='line_1_74' title="bbox 1335 1556 2345 1600; baseline -0.005 -9"><span class='ocrx_word' id='word_1_527' title='bbox 1335 1561 1424 1600; x_wconf 92' lang='lat' dir='ltr'>quod</span> <span class='ocrx_word' id='word_1_528' title='bbox 1441 1560 1542 1596; x_wconf 87' lang='lat' dir='ltr'>absit,</span> <span class='ocrx_word' id='word_1_529' title='bbox 1561 1560 1594 1589; x_wconf 91' lang='lat' dir='ltr'>in</span> <span class='ocrx_word' id='word_1_530' title='bbox 1613 1560 1747 1598; x_wconf 85' lang='lat' dir='ltr'>incepta</span> <span class='ocrx_word' id='word_1_531' title='bbox 1763 1558 1890 1588; x_wconf 90' lang='lat' dir='ltr'>duritia</span> <span class='ocrx_word' id='word_1_532' title='bbox 1903 1557 2072 1588; x_wconf 80' lang='lat' dir='ltr'>duxeritis</span> <span class='ocrx_word' id='word_1_533' title='bbox 2081 1556 2345 1596; x_wconf 87' lang='lat' dir='ltr'>persistendum,</span> 
     </span>
     <span class='ocr_line' id='line_1_75' title="bbox 1335 1609 2350 1654; baseline -0.005 -10"><span class='ocrx_word' id='word_1_534' title='bbox 1335 1614 1520 1654; x_wconf 84' lang='lat' dir='ltr'>pertinacie</span> <span class='ocrx_word' id='word_1_535' title='bbox 1535 1615 1646 1643; x_wconf 85' lang='lat' dir='ltr'>vestre</span> <span class='ocrx_word' id='word_1_536' title='bbox 1669 1613 1730 1643; x_wconf 90' lang='lat' dir='ltr'>erit</span> <span class='ocrx_word' id='word_1_537' title='bbox 1746 1612 1883 1651; x_wconf 89' lang='lat' dir='ltr'>penitus</span> <span class='ocrx_word' id='word_1_538' title='bbox 1900 1620 1965 1642; x_wconf 92' lang='lat' dir='ltr'>non</span> <span class='ocrx_word' id='word_1_539' title='bbox 1983 1610 2158 1641; x_wconf 72' lang='lat' dir='ltr'>severitati</span> <span class='ocrx_word' id='word_1_540' title='bbox 2174 1609 2350 1640; x_wconf 83' lang='lat' dir='ltr'>ecclesias·</span> 
     </span>
     <span class='ocr_line' id='line_1_76' title="bbox 1335 1662 2348 1706; baseline -0.005 -9"><span class='ocrx_word' id='word_1_541' title='bbox 1335 1668 1399 1697; x_wconf 90' lang='lat' dir='ltr'>tice</span> <span class='ocrx_word' id='word_1_542' title='bbox 1418 1667 1668 1706; x_wconf 87' lang='lat' dir='ltr'>imputandum.</span> <span class='ocrx_word' id='word_1_543' title='bbox 1687 1666 1759 1696; x_wconf 90' lang='lat' dir='ltr'>Nos</span> <span class='ocrx_word' id='word_1_544' title='bbox 1785 1665 1875 1695; x_wconf 89' lang='lat' dir='ltr'>enim</span> <span class='ocrx_word' id='word_1_545' title='bbox 1898 1672 2111 1704; x_wconf 85' lang='lat' dir='ltr'>nequaquam</span> <span class='ocrx_word' id='word_1_546' title='bbox 2129 1662 2348 1693; x_wconf 88' lang='lat' dir='ltr'>dissimulare</span> 
     </span>
     <span class='ocr_line' id='line_1_77' title="bbox 1335 1716 2349 1760; baseline -0.005 -10"><span class='ocrx_word' id='word_1_547' title='bbox 1335 1721 1525 1760; x_wconf 85' lang='lat' dir='ltr'>poterimus</span> <span class='ocrx_word' id='word_1_548' title='bbox 1543 1720 1636 1758; x_wconf 84' lang='lat' dir='ltr'>quin,</span> <span class='ocrx_word' id='word_1_549' title='bbox 1650 1720 1677 1749; x_wconf 85' lang='lat' dir='ltr'>si</span> <span class='ocrx_word' id='word_1_550' title='bbox 1697 1718 1967 1749; x_wconf 89' lang='lat' dir='ltr'>misericordiam</span> <span class='ocrx_word' id='word_1_551' title='bbox 1986 1716 2197 1757; x_wconf 75' lang='lat' dir='ltr'>spreveritis,</span> <span class='ocrx_word' id='word_1_552' title='bbox 2214 1717 2349 1754; x_wconf 88' lang='lat' dir='ltr'>ceptum</span> 
     </span>
     <span class='ocr_line' id='line_1_78' title="bbox 1336 1768 2349 1811; baseline -0.006 -7"><span class='ocrx_word' id='word_1_553' title='bbox 1336 1774 1499 1804; x_wconf 86' lang='lat' dir='ltr'>adversus</span> <span class='ocrx_word' id='word_1_554' title='bbox 1522 1782 1582 1804; x_wconf 89' lang='lat' dir='ltr'>vos</span> <span class='ocrx_word' id='word_1_555' title='bbox 1607 1781 1666 1811; x_wconf 88' lang='lat' dir='ltr'>per</span> <span class='ocrx_word' id='word_1_556' title='bbox 1689 1772 1805 1803; x_wconf 89' lang='lat' dir='ltr'>sedem</span> <span class='ocrx_word' id='word_1_557' title='bbox 1829 1771 2015 1811; x_wconf 85' lang='lat' dir='ltr'>predictam</span> <span class='ocrx_word' id='word_1_558' title='bbox 2038 1770 2144 1809; x_wconf 83' lang='lat' dir='ltr'>rigide</span> <span class='ocrx_word' id='word_1_559' title='bbox 2168 1768 2349 1808; x_wconf 88' lang='lat' dir='ltr'>discipline</span> 
     </span>
     <span class='ocr_line' id='line_1_79' title="bbox 1332 1822 2347 1866; baseline -0.005 -9"><span class='ocrx_word' id='word_1_560' title='bbox 1332 1828 1499 1866; x_wconf 85' lang='lat' dir='ltr'>judicium</span> <span class='ocrx_word' id='word_1_561' title='bbox 1527 1835 1746 1865; x_wconf 80' lang='lat' dir='ltr'>exequamur,</span> <span class='ocrx_word' id='word_1_562' title='bbox 1776 1826 1834 1864; x_wconf 90' lang='lat' dir='ltr'>qui</span> <span class='ocrx_word' id='word_1_563' title='bbox 1865 1825 1974 1864; x_wconf 84' lang='lat' dir='ltr'>parati</span> <span class='ocrx_word' id='word_1_564' title='bbox 2005 1832 2136 1859; x_wconf 83' lang='lat' dir='ltr'>sumuS,</span> <span class='ocrx_word' id='word_1_565' title='bbox 2162 1822 2347 1854; x_wconf 89' lang='lat' dir='ltr'>secundum</span> 
     </span>
     <span class='ocr_line' id='line_1_80' title="bbox 1336 1876 2346 1920; baseline -0.005 -9"><span class='ocrx_word' id='word_1_566' title='bbox 1336 1881 1550 1920; x_wconf 81' lang='lat' dir='ltr'>Apostolum,</span> <span class='ocrx_word' id='word_1_567' title='bbox 1580 1880 1828 1910; x_wconf 86' lang='lat' dir='ltr'>contumaciam</span> <span class='ocrx_word' id='word_1_568' title='bbox 1852 1880 1886 1909; x_wconf 92' lang='lat' dir='ltr'>in</span> <span class='ocrx_word' id='word_1_569' title='bbox 1910 1878 2136 1908; x_wconf 87' lang='lat' dir='ltr'>obedientiam</span> <span class='ocrx_word' id='word_1_570' title='bbox 2161 1876 2346 1907; x_wconf 78' lang='lat' dir='ltr'>vindicare.</span> 
     </span>
     <span class='ocr_line' id='line_1_81' title="bbox 1335 1930 2347 1970; baseline -0.004 -6"><span class='ocrx_word' id='word_1_571' title='bbox 1335 1935 1459 1966; x_wconf 88' lang='lat' dir='ltr'>Datum</span> <span class='ocrx_word' id='word_1_572' title='bbox 1477 1933 1635 1969; x_wconf 61' lang='lat' dir='ltr'>viterbii,</span> <span class='ocrx_word' id='word_1_573' title='bbox 1657 1944 1678 1963; x_wconf 85' lang='grc'>11</span> <span class='ocrx_word' id='word_1_574' title='bbox 1703 1933 1779 1963; x_wconf 88' lang='lat' dir='ltr'>idus</span> <span class='ocrx_word' id='word_1_575' title='bbox 1795 1931 1996 1963; x_wconf 81' lang='lat' dir='ltr'>decembris,</span> <span class='ocrx_word' id='word_1_576' title='bbox 2011 1931 2226 1970; x_wconf 86' lang='lat' dir='ltr'>pontificatus</span> <span class='ocrx_word' id='word_1_577' title='bbox 2239 1930 2347 1960; x_wconf 89' lang='lat' dir='ltr'>nostri</span> 
     </span>
     <span class='ocr_line' id='line_1_82' title="bbox 1336 1987 1596 2026; baseline -0.004 -9"><span class='ocrx_word' id='word_1_578' title='bbox 1336 1996 1423 2017; x_wconf 86' lang='lat' dir='ltr'>anno</span> <span class='ocrx_word' id='word_1_579' title='bbox 1439 1987 1560 2026; x_wconf 88' lang='lat' dir='ltr'>primo.</span> <span class='ocrx_word' id='word_1_580' title='bbox 1582 1998 1596 2016; x_wconf 84' lang='lat'>»</span> 
     </span>
    </p>
   </div>
   <div class='ocr_carea' id='block_1_4' title="bbox 1425 2142 2274 2178">
    <p class='ocr_par' dir='ltr' id='par_1_6' title="bbox 1425 2142 2274 2178">
     <span class='ocr_line' id='line_1_83' title="bbox 1425 2142 2274 2178; baseline 0 -10"><span class='ocrx_word' id='word_1_581' title='bbox 1425 2148 1522 2178; x_wconf 73' lang='lat'><strong>2879</strong></span> <span class='ocrx_word' id='word_1_582' title='bbox 1836 2142 1959 2175; x_wconf 71' lang='lat' dir='ltr'>Viterbe,</span> <span class='ocrx_word' id='word_1_583' title='bbox 1976 2142 2010 2170; x_wconf 76' lang='lat'>23</span> <span class='ocrx_word' id='word_1_584' title='bbox 2026 2142 2178 2169; x_wconf 71' lang='lat' dir='ltr'>decembre</span> <span class='ocrx_word' id='word_1_585' title='bbox 2198 2142 2274 2169; x_wconf 64' lang='lat'><strong>1201.</strong></span> 
     </span>
    </p>
   </div>
   <div class='ocr_carea' id='block_1_5' title="bbox 1336 2226 2348 2458">
    <p class='ocr_par' dir='ltr' id='par_1_7' title="bbox 1336 2226 2348 2458">
     <span class='ocr_line' id='line_1_84' title="bbox 1372 2226 2347 2264; baseline -0.004 -7"><span class='ocrx_word' id='word_1_586' title='bbox 1372 2231 1512 2257; x_wconf 73' lang='lat' dir='ltr'>Abbatem</span> <span class='ocrx_word' id='word_1_587' title='bbox 1543 2238 1566 2256; x_wconf 88' lang='grc'>5.</span> <span class='ocrx_word' id='word_1_588' title='bbox 1587 2229 1715 2264; x_wconf 67' lang='lat' dir='ltr'>Dionysii</span> <span class='ocrx_word' id='word_1_589' title='bbox 1743 2228 1771 2255; x_wconf 85' lang='lat' dir='ltr'>iu</span> <span class='ocrx_word' id='word_1_590' title='bbox 1795 2228 1915 2254; x_wconf 80' lang='lat' dir='ltr'>Francia</span> <span class='ocrx_word' id='word_1_591' title='bbox 1938 2230 2172 2254; x_wconf 73' lang='lat' dir='ltr'>conservatorem</span> <span class='ocrx_word' id='word_1_592' title='bbox 2197 2226 2347 2254; x_wconf 84' lang='lat' dir='ltr'>constituit.</span> 
     </span>
     <span class='ocr_line' id='line_1_85' title="bbox 1336 2275 2346 2312; baseline -0.003 -8"><span class='ocrx_word' id='word_1_593' title='bbox 1336 2278 1477 2312; x_wconf 71' lang='lat' dir='ltr'>privilegii</span> <span class='ocrx_word' id='word_1_594' title='bbox 1498 2278 1648 2308; x_wconf 78' lang='lat' dir='ltr'>Ludovico,</span> <span class='ocrx_word' id='word_1_595' title='bbox 1678 2277 1738 2312; x_wconf 83' lang='lat' dir='ltr'>regi</span> <span class='ocrx_word' id='word_1_596' title='bbox 1760 2277 1946 2309; x_wconf 82' lang='lat' dir='ltr'>Francorum,</span> <span class='ocrx_word' id='word_1_597' title='bbox 1967 2275 2106 2307; x_wconf 74' lang='lat' dir='ltr'>concessi,</span> <span class='ocrx_word' id='word_1_598' title='bbox 2132 2275 2181 2310; x_wconf 91' lang='lat' dir='ltr'>qui</span> <span class='ocrx_word' id='word_1_599' title='bbox 2206 2275 2346 2310; x_wconf 82' lang='lat' dir='ltr'>quasdam</span> 
     </span>
     <span class='ocr_line' id='line_1_86' title="bbox 1336 2323 2346 2359; baseline -0.003 -6"><span class='ocrx_word' id='word_1_600' title='bbox 1336 2327 1437 2353; x_wconf 82' lang='lat' dir='ltr'>domos</span> <span class='ocrx_word' id='word_1_601' title='bbox 1454 2327 1501 2353; x_wconf 83' lang='grc' dir='ltr'>1)οἰ</span> <span class='ocrx_word' id='word_1_602' title='bbox 1518 2327 1546 2353; x_wconf 89' lang='grc'>111</span> <span class='ocrx_word' id='word_1_603' title='bbox 1564 2326 1771 2357; x_wconf 63' lang='lat' dir='ltr'>Pontis-arensi,</span> <span class='ocrx_word' id='word_1_604' title='bbox 1787 2325 2009 2359; x_wconf 77' lang='lat' dir='ltr'>Compendiensi</span> <span class='ocrx_word' id='word_1_605' title='bbox 2023 2328 2049 2351; x_wconf 89' lang='lat' dir='ltr'>et</span> <span class='ocrx_word' id='word_1_606' title='bbox 2067 2324 2244 2351; x_wconf 60' lang='lat' dir='ltr'>Vei-nonensi</span> <span class='ocrx_word' id='word_1_607' title='bbox 2260 2323 2346 2357; x_wconf 63' lang='lat' dir='ltr'>villis,</span> 
     </span>
     <span class='ocr_line' id='line_1_87' title="bbox 1338 2372 2348 2410; baseline -0.003 -8"><span class='ocrx_word' id='word_1_608' title='bbox 1338 2375 1586 2410; x_wconf 71' lang='lat' dir='ltr'>liothomagensis,</span> <span class='ocrx_word' id='word_1_609' title='bbox 1604 2374 1817 2401; x_wconf 80' lang='lat' dir='ltr'>Suessionensis</span> <span class='ocrx_word' id='word_1_610' title='bbox 1843 2376 1869 2400; x_wconf 82' lang='lat' dir='ltr'>et</span> <span class='ocrx_word' id='word_1_611' title='bbox 1886 2373 2066 2400; x_wconf 81' lang='lat' dir='ltr'>Ebroicensis</span> <span class='ocrx_word' id='word_1_612' title='bbox 2087 2373 2256 2405; x_wconf 81' lang='lat' dir='ltr'>diocesium,</span> <span class='ocrx_word' id='word_1_613' title='bbox 2271 2372 2348 2400; x_wconf 79' lang='lat' dir='ltr'>aedi-</span> 
     </span>
     <span class='ocr_line' id='line_1_88' title="bbox 1337 2423 1944 2458; baseline -0.003 -8"><span class='ocrx_word' id='word_1_614' title='bbox 1337 2424 1421 2451; x_wconf 82' lang='lat' dir='ltr'>ticare</span> <span class='ocrx_word' id='word_1_615' title='bbox 1437 2424 1524 2458; x_wconf 84' lang='lat' dir='ltr'>cupit.</span> <span class='ocrx_word' id='word_1_616' title='bbox 1542 2425 1639 2458; x_wconf 66' lang='lat' dir='ltr'>(Auen.</span> <span class='ocrx_word' id='word_1_617' title='bbox 1661 2424 1732 2450; x_wconf 65' lang='lat' dir='ltr'>Nn.</span> <span class='ocrx_word' id='word_1_618' title='bbox 1750 2431 1763 2448; x_wconf 89' lang='grc'>1,</span> <span class='ocrx_word' id='word_1_619' title='bbox 1779 2423 1841 2449; x_wconf 28' lang='lat'>25⁷3.</span> <span class='ocrx_word' id='word_1_620' title='bbox 1859 2427 1890 2448; x_wconf 72' lang='grc' dir='ltr'>11ο</span> <span class='ocrx_word' id='word_1_621' title='bbox 1905 2423 1944 2457; x_wconf 85' lang='grc'>3.)</span> 
     </span>
    </p>
   </div>
   <div class='ocr_carea' id='block_1_6' title="bbox 1337 2511 2349 3030">
    <p class='ocr_par' dir='ltr' id='par_1_8' title="bbox 1337 2511 2349 3030">
     <span class='ocr_line' id='line_1_89' title="bbox 1378 2511 2345 2553; baseline -0.004 -8"><span class='ocrx_word' id='word_1_622' title='bbox 1378 2525 1395 2545; x_wconf 86' lang='grc'>((</span> <span class='ocrx_word' id='word_1_623' title='bbox 1410 2514 1550 2544; x_wconf 67' lang='grc' dir='ltr'>ζ’νὸαιηιε</span> <span class='ocrx_word' id='word_1_624' title='bbox 1565 2514 1732 2553; x_wconf 71' lang='lat' dir='ltr'>episcopus,</span> <span class='ocrx_word' id='word_1_625' title='bbox 1744 2523 1846 2543; x_wconf 76' lang='lat' dir='ltr'>servus</span> <span class='ocrx_word' id='word_1_626' title='bbox 1857 2522 2011 2542; x_wconf 75' lang='lat' dir='ltr'>serrorum</span> <span class='ocrx_word' id='word_1_627' title='bbox 2030 2512 2095 2548; x_wconf 73' lang='lat' dir='ltr'>Dei,</span> <span class='ocrx_word' id='word_1_628' title='bbox 2114 2511 2224 2542; x_wconf 76' lang='lat' dir='ltr'>dilecto</span> <span class='ocrx_word' id='word_1_629' title='bbox 2233 2511 2298 2551; x_wconf 81' lang='lat' dir='ltr'>filio</span> <span class='ocrx_word' id='word_1_630' title='bbox 2312 2534 2318 2540; x_wconf 95' lang='lat'>.</span> <span class='ocrx_word' id='word_1_631' title='bbox 2338 2534 2345 2541; x_wconf 92' lang='lat'>.</span> 
     </span>
     <span class='ocr_line' id='line_1_90' title="bbox 1337 2564 2347 2601; baseline -0.003 -4"><span class='ocrx_word' id='word_1_632' title='bbox 1337 2568 1441 2597; x_wconf 75' lang='lat' dir='ltr'>abbati</span> <span class='ocrx_word' id='word_1_633' title='bbox 1458 2568 1634 2597; x_wconf 71' lang='lat' dir='ltr'>monasterii</span> <span class='ocrx_word' id='word_1_634' title='bbox 1657 2577 1679 2597; x_wconf 93' lang='lat' dir='ltr'>s.</span> <span class='ocrx_word' id='word_1_635' title='bbox 1702 2567 1837 2596; x_wconf 73' lang='lat' dir='ltr'>Dionisii</span> <span class='ocrx_word' id='word_1_636' title='bbox 1857 2567 1886 2595; x_wconf 82' lang='lat' dir='ltr'>in</span> <span class='ocrx_word' id='word_1_637' title='bbox 1905 2565 2050 2601; x_wconf 79' lang='lat' dir='ltr'>Francia,</span> <span class='ocrx_word' id='word_1_638' title='bbox 2072 2564 2255 2595; x_wconf 72' lang='lat' dir='ltr'>Purisiensis</span> <span class='ocrx_word' id='word_1_639' title='bbox 2279 2564 2347 2595; x_wconf 79' lang='lat' dir='ltr'>dio-</span> 
     </span>
     <span class='ocr_line' id='line_1_91' title="bbox 1337 2619 2348 2660; baseline -0.002 -10"><span class='ocrx_word' id='word_1_640' title='bbox 1337 2621 1420 2657; x_wconf 74' lang='lat' dir='ltr'>cesis,</span> <span class='ocrx_word' id='word_1_641' title='bbox 1434 2620 1596 2650; x_wconf 67' lang='lat' dir='ltr'>salutemet</span> <span class='ocrx_word' id='word_1_642' title='bbox 1615 2619 1811 2660; x_wconf 76' lang='lat' dir='ltr'>apostolicam</span> <span class='ocrx_word' id='word_1_643' title='bbox 1829 2619 2076 2649; x_wconf 76' lang='lat' dir='ltr'>benedictionem.</span> <span class='ocrx_word' id='word_1_644' title='bbox 2091 2619 2187 2654; x_wconf 84' lang='lat' dir='ltr'>Cum,</span> <span class='ocrx_word' id='word_1_645' title='bbox 2202 2619 2287 2649; x_wconf 83' lang='lat' dir='ltr'>sicut</span> <span class='ocrx_word' id='word_1_646' title='bbox 2305 2626 2348 2649; x_wconf 80' lang='lat' dir='ltr'>ex</span> 
     </span>
     <span class='ocr_line' id='line_1_92' title="bbox 1337 2671 2349 2713; baseline -0.002 -9"><span class='ocrx_word' id='word_1_647' title='bbox 1337 2677 1433 2713; x_wconf 88' lang='lat' dir='ltr'>parte</span> <span class='ocrx_word' id='word_1_648' title='bbox 1451 2674 1619 2704; x_wconf 81' lang='lat' dir='ltr'>carissimi</span> <span class='ocrx_word' id='word_1_649' title='bbox 1637 2674 1670 2703; x_wconf 95' lang='lat' dir='ltr'>in</span> <span class='ocrx_word' id='word_1_650' title='bbox 1689 2673 1823 2704; x_wconf 86' lang='lat' dir='ltr'>Christo</span> <span class='ocrx_word' id='word_1_651' title='bbox 1840 2673 1902 2703; x_wconf 85' lang='lat' dir='ltr'>filii</span> <span class='ocrx_word' id='word_1_652' title='bbox 1918 2672 2025 2703; x_wconf 89' lang='lat' dir='ltr'>nostri</span> <span class='ocrx_word' id='word_1_653' title='bbox 2050 2672 2234 2708; x_wconf 77' lang='lat' dir='ltr'>Lodowici,</span> <span class='ocrx_word' id='word_1_654' title='bbox 2251 2671 2349 2702; x_wconf 89' lang='lat' dir='ltr'>illus-</span> 
     </span>
     <span class='ocr_line' id='line_1_93' title="bbox 1337 2723 2345 2767; baseline -0.004 -9"><span class='ocrx_word' id='word_1_655' title='bbox 1337 2728 1400 2758; x_wconf 90' lang='lat' dir='ltr'>tris</span> <span class='ocrx_word' id='word_1_656' title='bbox 1415 2727 1512 2767; x_wconf 66' lang='lat' dir='ltr'>:regis</span> <span class='ocrx_word' id='word_1_657' title='bbox 1531 2728 1750 2763; x_wconf 83' lang='lat' dir='ltr'>Francorum,</span> <span class='ocrx_word' id='word_1_658' title='bbox 1779 2726 1841 2756; x_wconf 85' lang='lat' dir='ltr'>fuit</span> <span class='ocrx_word' id='word_1_659' title='bbox 1859 2725 2071 2765; x_wconf 85' lang='lat' dir='ltr'>propositum</span> <span class='ocrx_word' id='word_1_660' title='bbox 2096 2733 2209 2755; x_wconf 85' lang='lat' dir='ltr'>coram</span> <span class='ocrx_word' id='word_1_661' title='bbox 2234 2723 2345 2759; x_wconf 86' lang='lat' dir='ltr'>nobis,</span> 
     </span>
     <span class='ocr_line' id='line_1_94' title="bbox 1338 2776 2347 2820; baseline -0.003 -10"><span class='ocrx_word' id='word_1_662' title='bbox 1338 2781 1410 2820; x_wconf 86' lang='lat' dir='ltr'>ipse</span> <span class='ocrx_word' id='word_1_663' title='bbox 1430 2781 1463 2810; x_wconf 93' lang='lat' dir='ltr'>in</span> <span class='ocrx_word' id='word_1_664' title='bbox 1479 2780 1726 2816; x_wconf 67' lang='lat' dir='ltr'>Pontisaoensi,</span> <span class='ocrx_word' id='word_1_665' title='bbox 1752 2778 2027 2818; x_wconf 74' lang='lat' dir='ltr'>compendiensi,</span> <span class='ocrx_word' id='word_1_666' title='bbox 2049 2778 2261 2808; x_wconf 77' lang='lat' dir='ltr'>Vernonensi</span> <span class='ocrx_word' id='word_1_667' title='bbox 2286 2776 2347 2807; x_wconf 73' lang='lat' dir='ltr'>vil-</span> 
     </span>
     <span class='ocr_line' id='line_1_95' title="bbox 1337 2830 2347 2872; baseline -0.003 -9"><span class='ocrx_word' id='word_1_668' title='bbox 1337 2834 1392 2868; x_wconf 89' lang='lat' dir='ltr'>lis,</span> <span class='ocrx_word' id='word_1_669' title='bbox 1427 2833 1722 2872; x_wconf 80' lang='lat' dir='ltr'>Rothomagensis,</span> <span class='ocrx_word' id='word_1_670' title='bbox 1764 2831 2023 2862; x_wconf 79' lang='lat' dir='ltr'>Suessionensis</span> <span class='ocrx_word' id='word_1_671' title='bbox 2057 2833 2089 2862; x_wconf 86' lang='lat' dir='ltr'>et</span> <span class='ocrx_word' id='word_1_672' title='bbox 2129 2830 2347 2861; x_wconf 89' lang='lat' dir='ltr'>Ebroicensis</span> 
     </span>
     <span class='ocr_line' id='line_1_96' title="bbox 1337 2882 2346 2925; baseline -0.003 -9"><span class='ocrx_word' id='word_1_673' title='bbox 1337 2886 1535 2922; x_wconf 84' lang='lat' dir='ltr'>dioc-esium,</span> <span class='ocrx_word' id='word_1_674' title='bbox 1555 2885 1720 2925; x_wconf 84' lang='lat' dir='ltr'>quasdam</span> <span class='ocrx_word' id='word_1_675' title='bbox 1738 2885 1856 2915; x_wconf 87' lang='lat' dir='ltr'>domos</span> <span class='ocrx_word' id='word_1_676' title='bbox 1872 2884 1935 2915; x_wconf 92' lang='lat' dir='ltr'>Dei</span> <span class='ocrx_word' id='word_1_677' title='bbox 1953 2883 2102 2914; x_wconf 83' lang='lat' dir='ltr'>edificari</span> <span class='ocrx_word' id='word_1_678' title='bbox 2121 2892 2180 2914; x_wconf 85' lang='lat' dir='ltr'>seu</span> <span class='ocrx_word' id='word_1_679' title='bbox 2195 2882 2346 2914; x_wconf 90' lang='lat' dir='ltr'>construi</span> 
     </span>
     <span class='ocr_line' id='line_1_97' title="bbox 1339 2935 2346 2977; baseline -0.004 -8"><span class='ocrx_word' id='word_1_680' title='bbox 1339 2939 1464 2975; x_wconf 85' lang='lat' dir='ltr'>fecerit,</span> <span class='ocrx_word' id='word_1_681' title='bbox 1486 2947 1547 2969; x_wconf 87' lang='lat' dir='ltr'>nos</span> <span class='ocrx_word' id='word_1_682' title='bbox 1563 2939 1738 2977; x_wconf 87' lang='lat' dir='ltr'>cupientes</span> <span class='ocrx_word' id='word_1_683' title='bbox 1749 2940 1785 2968; x_wconf 86' lang='lat' dir='ltr'>ut</span> <span class='ocrx_word' id='word_1_684' title='bbox 1801 2937 1918 2968; x_wconf 89' lang='lat' dir='ltr'>eedem</span> <span class='ocrx_word' id='word_1_685' title='bbox 1933 2937 2066 2971; x_wconf 84' lang='lat' dir='ltr'>domus,</span> <span class='ocrx_word' id='word_1_686' title='bbox 2080 2937 2178 2976; x_wconf 77' lang='lat' dir='ltr'>juxta</span> <span class='ocrx_word' id='word_1_687' title='bbox 2193 2936 2248 2966; x_wconf 90' lang='lat' dir='ltr'>sui</span> <span class='ocrx_word' id='word_1_688' title='bbox 2259 2935 2346 2966; x_wconf 87' lang='lat' dir='ltr'>desi-</span> 
     </span>
     <span class='ocr_line' id='line_1_98' title="bbox 1338 2990 2346 3030; baseline -0.003 -7"><span class='ocrx_word' id='word_1_689' title='bbox 1338 2992 1423 3023; x_wconf 89' lang='lat' dir='ltr'>derii</span> <span class='ocrx_word' id='word_1_690' title='bbox 1446 2994 1572 3026; x_wconf 75' lang='lat' dir='ltr'>votum,</span> <span class='ocrx_word' id='word_1_691' title='bbox 1596 2990 1833 3030; x_wconf 85' lang='lat' dir='ltr'>spiritualibus</span> <span class='ocrx_word' id='word_1_692' title='bbox 1854 2990 1953 3020; x_wconf 87' lang='lat' dir='ltr'>bonis</span> <span class='ocrx_word' id='word_1_693' title='bbox 1967 2990 2142 3028; x_wconf 80' lang='lat' dir='ltr'>proficiant</span> <span class='ocrx_word' id='word_1_694' title='bbox 2161 2991 2194 3020; x_wconf 88' lang='lat' dir='ltr'>et</span> <span class='ocrx_word' id='word_1_695' title='bbox 2215 2990 2346 3028; x_wconf 85' lang='lat' dir='ltr'>tempo·</span> 
     </span>
    </p>
   </div>
  </div>
 </body>
</html>
