2519 3262
1020 157 1260 194 TROISIEME
1290 156 1451 193 ANNEE.

198 245 295 275 vobis
316 246 525 278 auctoritate.
555 247 744 276 districtius
773 246 966 276 inhibemus
989 255 1029 277 ne
1057 247 1118 277 hoc
1134 255 1209 285 pre-

197 299 291 328 textu
311 299 535 329 communiter
552 299 604 329 vel
623 300 761 329 divisim
779 300 818 330 de
835 299 1027 338 hujusmodi
1047 300 1209 330 decanatu

198 359 234 381 ac
248 351 443 389 magisterio
465 352 632 382 scolarum
646 355 676 382 et
695 352 861 390 prebenda
875 352 1034 390 predictis
1051 361 1209 382 eorumve

197 404 414 441 pertinentiis
443 406 472 434 et
497 404 682 438 beneficiis7
705 414 767 444 que
792 405 914 435 ibidem
941 405 1067 435 ratione
1084 404 1210 443 predic·
1237 425 1238 451 ;

197 458 307 486 torum
327 456 464 492 obtinet,
481 459 659 496 presertim
675 467 749 487 cum
764 467 865 496 super
882 458 1060 496 premissis
1074 466 1209 495 respon·
1237 465 1238 469 ¹

197 509 329 539 sionem
356 510 465 548 ipsius
490 511 734 550 archiepiscopi
766 514 995 549 expectemus,
1027 511 1208 548 quicquam

196 562 332 600 penitus
353 564 574 602 attemptetis‚
604 563 731 602 absque
758 565 872 593 nostra
901 562 1036 593 licentia
1055 561 1207 600 speciali,

197 614 340 645 faciente
369 616 503 654 plenam
525 619 556 646 et
582 624 779 655 expressam
805 616 845 646 de
866 615 994 645 indulto
1016 615 1208 653 hujusmodi

197 669 415 699 mentionem.
437 670 507 699 Nos
525 669 614 699 enim
634 678 673 699 ex
691 678 778 699 nunc
796 669 1008 699 decernimus
1026 669 1159 698 irritum
1178 669 1209 698 et

195 721 306 754 inane,
327 722 354 751 si
379 723 574 761 superbiis,
597 724 710 752 contra
731 723 881 752 tenorem
904 723 1018 751 nostre
1036 720 1207 750 inhibitio-

196 774 260 809 nis,
288 774 417 813 aliquid
444 775 594 805 extiterit
621 777 868 813 attemptatum.
896 775 1020 805 Datum
1045 774 1132 812 apud
1152 774 1207 804 Ur-

194 827 433 865 bemveterem,
454 838 486 858 111
507 837 613 858 nonas
631 828 831 864 decembris,
852 836 938 858 aimo
956 828 1066 858 tertio.
1086 838 1100 855 >J

753 980 879 1012 Orvieto,
896 982 911 1008 5
928 980 1040 1016 janvier
1058 981 1134 1007 1204.

283 983 382 1013 2424

229 1065 332 1092 Abbati
362 1068 389 1092 et
413 1065 567 1092 conventui
594 1065 762 1092 monasterii
789 1073 811 1092 s.
832 1065 973 1092 Vincentii
998 1065 1206 1092 Laudunensis.

193 1114 302 1140 ordinis
324 1122 347 1140 5.
368 1114 524 1145 Benedicti,
546 1115 663 1140 mandat
681 1117 711 1140 ut
729 1114 900 1146 Johannom,
918 1115 1062 1148 quondam
1082 1114 1207 1149 priorem

192 1162 225 1188 de
248 1163 453 1193 Monte—acuto,
483 1163 531 1197 qui
557 1163 585 1189 in
612 1171 697 1190 causa
721 1163 796 1189 inter
824 1163 917 1197 ipsum
938 1165 966 1189 ct
992 1163 1147 1190 Henricum
1174 1164 1208 1189 de

192 1211 307 1238 abbatia
322 1221 344 1238 s.
369 1211 478 1238 Nicolai
496 1212 523 1238 in
539 1213 638 1243 110500,
657 1211 765 1238 ordinis
791 1221 814 1238 s.
833 1212 991 1245 Benedicti,
1011 1212 1207 1239 Laudunensis

192 1260 325 1293 diocesis,
337 1263 446 1287 exorta.
465 1261 625 1292 succubuit,
645 1261 672 1287 in
687 1261 816 1295 ipsorum
832 1262 1008 1288 monasterio
1024 1269 1208 1288 commoran-

190 1312 262 1343 tem,
280 1310 408 1336 fraterna
424 1312 549 1337 tractent
565 1310 695 1336 caritate.
715 1310 794 1344 [Rau.
812 1311 855 1340 29,
874 1310 920 1337 t'ol.
939 1311 990 1338 282
1009 1316 1046 1344 νο,
1063 1315 1094 1336 11ο
1115 1310 1207 1342 1475.)

231 1422 247 1442 ((
264 1412 377 1441 Abbati
393 1417 419 1441 et
449 1412 613 1441 conventui
626 1411 803 1440 monasterii
821 1411 920 1440 sancti
954 1410 1101 1440 Vincentii
1128 1411 1206 1440 Laza-

192 1465 346 1501 dunensis,
376 1464 493 1494 ordinis
523 1465 625 1493 sancti
659 1464 829 1494 Benedicti.
858 1465 1063 1494 Monasterio
1099 1465 1206 1494 sancti
1236 1481 1237 1490 1

191 1518 325 1548 Nicolai
344 1518 377 1547 in
392 1519 509 1551 Bosco,
530 1518 659 1547 ordinis
680 1517 787 1547 sancti
803 1517 987 1550 Benedicti,
1009 1517 1208 1547 Laudunen-

192 1572 240 1601 sis
255 1571 413 1605 diocesis,
434 1571 565 1601 abbatis
582 1571 745 1610 regimine
762 1571 934 1606 destituto,
952 1570 1095 1600 dilectus
1114 1570 1206 1600 filius

190 1624 373 1657 Johannes,
392 1624 562 1662 quondam
577 1624 668 1662 prior
680 1624 719 1653 de
732 1623 956 1657 Monteacuto,
970 1623 1207 1653 Landunensis
1235 1634 1236 1651 1

191 1677 348 1713 diocesis,
368 1680 446 1707 tunc
465 1677 663 1707 monasterii
688 1677 791 1707 vestri
813 1677 1008 1711 monachus,
1028 1677 1151 1710 extitit,
1171 1679 1207 1706 ut
1235 1681 1236 1686 ¹

191 1731 327 1766 asserit,
348 1730 381 1759 111
398 1730 566 1763 abbatem,
585 1730 784 1760 auctoritate
810 1730 997 1768 apostolica
1014 1730 1205 1768 deputatus,

193 1783 258 1813 sibi
273 1792 410 1813 munere
421 1783 667 1813 benedictionis
678 1783 844 1821 impenso.
857 1782 920 1812 Sed
930 1783 1146 1821 postmodum
1160 1783 1207 1812 in-
1235 1775 1236 1785 ³

192 1837 241 1866 ter
258 1845 335 1866 eum
351 1837 382 1866 et
398 1836 596 1871 Henricmn,
618 1835 786 1871 abbatem,
809 1838 887 1865 tunc
902 1835 1103 1865 monachum
1121 1835 1206 1873 ejus-

192 1889 267 1919 dem
291 1889 489 1919 monasterii
507 1889 613 1918 sancti
629 1888 773 1924 Nicolai,
793 1897 891 1927 quem
915 1888 1023 1926 ipsius
1041 1890 1206 1918 monaste-

190 1942 233 1972 rii
249 1944 433 1973 conventus
454 1942 486 1971 in
505 1941 600 1972 illius
618 1941 774 1972 abbatem
793 1941 976 1980 elegerant,
990 1950 1092 1979 super
1108 1940 1207 1971 abba-

190 1995 237 2026 tia
269 1995 419 2034 ejusdem
452 1995 648 2025 monasterii
682 1994 872 2033 questionis
903 1996 1019 2024 exorta
1052 1994 1205 2029 materia,
1234 1998 1236 2037 J

191 2049 304 2078 dilecti
325 2049 385 2078 tilii
401 2049 507 2078 nostri
530 2048 714 2083 Ancherus,
736 2047 827 2077 tituli
847 2049 960 2077 sancte
978 2047 1155 2084 Praxedis,
1175 2048 1205 2077 et

189 2102 408 2135 Guillelmus,
438 2101 529 2131 tituli
553 2101 658 2131 sancti
684 2101 787 2131 Marci
806 2100 986 2139 presbiteri
1003 2101 1203 2135 cardinales,

193 2164 337 2194 quorum
367 2155 571 2185 ordinationi
600 2156 714 2193 partes
732 2163 767 2184 se
796 2154 1006 2184 concorditer
1024 2154 1205 2184 summise-

190 2211 276 2243 rant,
308 2208 396 2237 dicto
426 2208 571 2238 Henrico
594 2207 764 2238 abbatiam
793 2207 1026 2246 adjudicantes
1052 2207 1204 2243 eandem,

192 2261 258 2300 ipsi
277 2260 422 2291 Jobanni
443 2260 674 2299 imposuerunt
691 2262 893 2299 perpetuum
912 2259 1086 2290 silentium
1104 2268 1206 2298 super

191 2323 241 2348 ea,
266 2314 473 2349 ordinantes,
494 2313 693 2343 auctoritate
713 2315 828 2343 nostra
845 2313 920 2343 viva
937 2312 1003 2343 sibi
1020 2322 1100 2343 voce
1118 2322 1206 2343 com—

191 2367 307 2403 missa,
321 2366 410 2405 quod
423 2366 512 2396 idem
528 2366 699 2396 ‚Iohannes
713 2374 772 2404 pro
789 2374 850 2396 sua
865 2366 1072 2406 provisione,
1091 2375 1207 2405 quam-

191 2420 248 2450 diu
267 2420 403 2453 vixerit,
416 2421 545 2449 curtem
558 2428 622 2458 que
638 2419 761 2449 dicitur
778 2418 930 2458 Ckooqm‘,
946 2428 1022 2449 cum
1039 2419 1207 2458 pertinen-

190 2473 249 2503 tiis
281 2473 365 2507 suis,
390 2472 432 2502 ad
458 2472 648 2511 predictum
675 2473 919 2503 monasterium
946 2473 1054 2503 sancti
1074 2472 1206 2503 Nicolai

192 2527 412 2565 spectantem,
430 2525 567 2564 pacifice
584 2524 703 2555 habeat
722 2526 753 2555 et
772 2525 897 2564 quiete,
917 2527 1016 2564 prout
1030 2525 1064 2555 in
1082 2525 1207 2556 litteris

192 2579 270 2610 inde
297 2578 461 2609 confectis
484 2580 516 2609 et
544 2578 669 2617 sigillis
692 2578 844 2617 ipsorum
868 2578 1093 2609 cardinalium
1119 2587 1207 2609 com-

193 2633 347 2669 munitis,
368 2632 502 2671 plenius
517 2631 718 2666 continetur,
736 2640 863 2670 nosque
887 2632 976 2670 quod
994 2640 1053 2670 per
1071 2632 1207 2663 eosdem

192 2685 382 2717 cardinales
399 2685 433 2715 in
451 2685 512 2715 hac
525 2686 618 2723 parte
636 2684 761 2714 factum
775 2685 901 2720 extitit,
919 2687 1030 2715 ratum
1046 2685 1206 2716 habentes

194 2741 225 2769 et
242 2741 386 2777 gratum,
407 2738 440 2767 id
455 2746 513 2776 per
531 2739 665 2767 nostras
682 2737 844 2766 duximus
857 2737 989 2767 litteras
1006 2738 1208 2768 confirman-

194 2792 286 2822 dum.
305 2792 375 2822 Nos
392 2791 508 2830 igitur,
527 2790 637 2829 ipsius
649 2789 815 2820 ,Iohannis
832 2790 1140 2828 supplicationibus
1159 2792 1207 2821 in-

194 2845 323 2881 clinati,
341 2844 600 2874 universitatem
627 2844 775 2873 vestram
794 2851 964 2882 rogamus,
979 2852 1158 2874 monemus
1175 2846 1208 2875 et

325 2897 462 2925 Urinam
485 2896 537 2924 lv.
558 2898 579 2922 t.
601 2895 655 2922 111.
679 2897 742 2930 Req.
762 2896 820 2922 ord.

2218 171 2277 200 409

1268 246 1442 275 hortamur
1469 247 1594 275 attente
1619 254 1678 284 per
1701 247 1888 284 apostolica
1917 247 2013 277 vobis
2037 249 2163 287 scripta
2187 260 2277 280 man-

1267 299 1385 328 dantes
1403 298 1563 336 quatinus
1577 298 1688 336 ipsum
1704 299 1890 329 «Iohannem
1909 309 2019 338 quem,
2039 301 2105 330 biis
2121 310 2186 331 non
2204 303 2276 332 obs-

1265 351 1428 386 tantibus,
1449 351 1647 380 monachum
1667 352 1807 389 predicti
1828 353 2025 383 monasterii
2044 355 2149 384 vestri
2169 364 2272 384 rema-

1266 412 1344 433 nere
1360 403 1530 439 volumus,
1550 412 1609 441 pro
1631 405 1744 433 nostra
1762 406 1793 433 et
1811 405 1994 442 apostolice
2013 406 2105 435 sedis
2126 415 2277 435 reveren-

1266 456 1323 490 tia,
1356 456 1503 486 t‘raterna
1530 456 1563 486 in
1586 457 1731 486 Domino
1756 457 1905 493 caritate,
1939 461 2035 495 prout
2068 460 2176 489 status
2205 460 2277 497 ejus

1266 508 1383 547 exigit,
1403 517 1477 538 cum
1497 509 1584 547 apud
1603 509 1690 538 idem
1709 511 1859 538 vestrum
1879 511 2123 541 monasterium
2143 520 2277 542 manere

1266 561 1423 595 voluerit,
1447 563 1590 592 tractare
1610 562 1748 598 curetis,
1766 562 1832 592 hiis
1850 571 1914 601 que
1930 564 2118 594 cardinales
2136 565 2275 603 predicti

1267 614 1509 645 ordinaverunt
1536 624 1595 653 pro
1620 615 1705 653 ipso,
1739 615 1772 645 in
1791 615 1949 645 omnibus
1975 618 2005 646 et
2025 626 2083 654 per
2100 618 2213 647 onmia
2231 619 2276 647 ni-

1266 667 1471 698 chilominus
1496 667 1561 697 sibi
1583 668 1699 697 salvis.
1719 669 1840 698 Preces
1862 672 1893 698 et
1911 670 2105 699 mandatum
2124 672 2276 701 nostrum

1268 721 1300 750 in
1328 721 1388 751 hac
1414 723 1508 759 parte
1537 721 1649 751 taliter
1680 721 1853 759 impleturi
1875 723 1962 760 quod
1993 723 2182 753 devotionis
2206 733 2278 754 ves-

1267 776 1316 804 tre
1339 774 1642 812 promptitudinem
1671 775 1905 804 commendare
1941 775 2061 805 merito
2090 778 2275 806 teneamur.

1267 827 1427 866 Alioquin
1448 828 1570 858 dilecto
1599 828 1710 858 filio..
1732 828 1869 857 ofliciali
1897 829 2127 865 Laudunensi,
2158 830 2277 859 damus

1266 889 1325 919 per
1344 882 1478 911 nostras
1505 881 1637 911 litteras
1664 881 1697 910 in
1715 881 1884 911 mandatis
1915 883 1949 911 ut
1968 891 2028 912 vos
2049 883 2089 912 ad
2111 883 2155 918 id,
2174 883 2279 913 moni-

1266 933 1357 964 tione
1382 933 1563 972 premissa,
1588 942 1647 972 per
1671 942 1849 964 censuram
1868 934 2146 972 ecclesiasticam,
2168 936 2279 974 appel-

1266 986 1392 1017 latione
1413 988 1553 1023 remota,
1571 986 1762 1025 compellat.
1780 987 1853 1017 Non
1872 987 2024 1018 obstante
2040 988 2069 1018 si
2086 1006 2134 1018 -—.
2155 989 2278 1019 Datum

1267 1039 1356 1078 apud
1372 1039 1662 1075 Urbemveterem,
1681 1039 1779 1070 nonis
1799 1040 1959 1078 januarii,
1979 1049 2065 1071 anno
2084 1042 2194 1072 tertio.
2218 1052 2231 1070 »

1768 1199 1891 1226 Orvieto.
1910 1201 1943 1227 23
1959 1200 2111 1226 decembre
2129 1200 2204 1228 1203.

1357 1200 1453 1231 2425

1301 1283 1523 1318 Archiepiscopo
1551 1283 1766 1310 Tarentasiensi
1793 1284 1910 1310 mandat
1935 1286 1962 1310 ut
1989 1283 2129 1318 magistro
2157 1284 2276 1310 Δ1111111110

1265 1334 1299 1359 de
1318 1333 1397 1366 Gaio,
1410 1333 1549 1359 canonico
1569 1332 1759 1363 Gebennensi‚
1776 1333 1847 1368 juris
1868 1333 1996 1359 canonici
2013 1334 2177 1367 professori,
2195 1342 2278 1360 cano-

1265 1382 1394 1408 nicatum
1423 1382 1450 1408 in
1476 1381 1597 1408 ecclesia
1621 1382 1794 1408 Lausanensi
1816 1382 1955 1408 conserat.
1977 1382 2054 1416 (nm.
2074 1383 2117 1413 29,
2141 1382 2187 1409 sol.
2213 1383 2275 1413 283,

1265 1436 1297 1457 n⁰
1316 1431 1407 1463 1476.)

1306 1547 1320 1564 (ι
1340 1536 1581 1576 Arclziepiscopo
1608 1537 1843 1566 Tarenmsiensi.
1860 1537 1968 1576 Digne
1988 1546 2086 1576 agere.
2105 1537 2274 1567 credimus

1265 1606 1312 1618 —.
1331 1589 1456 1620 Datum
1482 1589 1571 1628 apud
1588 1589 1875 1626 Urbemveterem,
1896 1600 1915 1619 x
1932 1590 2094 1620 kalendas
2112 1590 2272 1629 januarii,

1265 1651 1352 1673 anno
1371 1644 1480 1673 tertio.
1506 1655 1518 1670 n

1356 1803 1453 1834 242ss
1818 1802 1942 1829 Orvieto.
1963 1802 2104 1837 ijanvier
2127 1802 2202 1828 1264.

1301 1886 1439 1920 Episcopo
1468 1886 1604 1921 Bergensi
1630 1887 1748 1913 mandat
1768 1888 1797 1913 ut
1825 1887 1977 1913 ecclesian]
2005 1895 2029 1913 s.
2048 1886 2152 1913 Mariae
2170 1887 2203 1913 de
2224 1887 2276 1913 Sli-

1263 1936 1359 1968 drum,
1376 1935 1607 1969 Stawangrensis
1624 1935 1758 1967 (11000515,
1772 1935 1927 1967 1110513110,
1943 1935 2059 1970 pauperi
2076 1935 2191 1968 clerico,
2209 1944 2274 1962 con-

1265 1984 1346 2011 serat.
1366 1984 1442 2017 (lino.
1460 1984 1504 2016 29,
1525 1983 1573 2010 fol.
1593 1983 1656 2011 283.
1673 1990 1701 2009 11ο
1719 1984 1801 2011 [4772
1818 1984 1965 2011 Porrflasr
1986 1984 2092 2019 187117.)

1305 2102 1319 2121 t(
1338 2114 1344 2120 .
1362 2092 1525 2130 ,episcopo
1543 2091 1698 2130 Bet-gensi.
1718 2092 1813 2125 Cum,
1833 2091 1919 2121 sicut
1937 2092 2128 2130 accepimus
2144 2109 2192 2120 ——.
2214 2092 2276 2122 Da-

1263 2147 1335 2174 tum
1353 2145 1441 2183 apud
1460 2144 1748 2180 Urbemveterem,
1768 2154 1788 2174 11
1806 2153 1912 2174 nonas
1927 2145 2088 2183 januarii,
2109 2154 2195 2175 anno
2213 2146 2276 2175 ter-

1263 2198 1322 2228 tio.
1343 2208 1357 2227 »

1355 2357 1451 2388 2427

1806 2355 1930 2388 Orvieto,
1952 2356 1980 2382 11
1996 2355 2108 2390 janvier
2127 2357 2202 2383 1264.

1300 2439 1439 2473 Episcopo
1460 2438 1661 2465 Cameracensi
1688 2438 1805 2464 mandat
1823 2441 1853 2464 ut
1871 2437 2007 2465 Mauricio
2027 2439 2061 2465 de
2077 2439 2138 2469 Hal,
2157 2441 2275 2474 pauperi

1263 2487 1367 2514 clerico
1384 2486 1599 2514 Cameracensis
1615 2486 1748 2517 diocesis,
1765 2487 1799 2513 de
1815 2486 1910 2521 aliquo
1925 2486 2121 2515 ecclesiastico
2138 2489 2276 2516 beneficio

1263 2537 1298 2563 ad
1313 2536 1497 2564 collationem
1521 2536 1683 2563 abbatissae
1706 2538 1734 2562 et
1752 2538 1908 2562 conventus
1934 2537 1967 2562 de
1988 2536 2215 2572 Corchenberge,
2233 2546 2276 2565 or-

1263 2585 1339 2612 dinis
1366 2594 1389 2612 s.
1407 2584 1564 2617 Benedicti,
1587 2583 1806 2611 Cameracensis
1831 2583 1965 2616 diocesis,
1997 2588 2155 2619 spectante,
2183 2587 2275 2621 provi-

1263 2634 1339 2660 deat.
1357 2634 1437 2667 (Rae.
1455 2634 1500 2665 29.
1515 2632 1561 2659 fol.
1577 2633 1638 2664 283,
1653 2637 1683 2658 n⁰
1701 2632 1788 2664 1478.)

1305 2748 1320 2768 «
1336 2738 1493 2778 Episcopo
1514 2737 1735 2768 Canmracensi.
1755 2738 1969 2769 Constitutus
1988 2739 2021 2769 in
2039 2741 2209 2778 presentia
2224 2757 2274 2770 ·-.

1265 2792 1391 2822 Datum
1408 2791 1496 2830 apud
1518 2790 1808 2827 Urbemveterem,
1837 2800 1874 2821 111
1898 2791 1975 2822 idus
1996 2792 2155 2831 januarii,
2189 2803 2275 2825 anno

1264 2844 1377 2875 tertio.
1396 2854 1411 2873 ›)

2119 2900 2152 2925 52
