2519 3262
1063 210 1301 248 'I'ROISIEME
1329 209 1491 246 ANNEE.

235 303 301 330 lano
318 303 390 335 1.,ς.
414 304 521 330 Nicolai
539 304 567 330 in
586 304 705 330 Cat-rere
730 303 860 329 Tulliano
877 303 991 329 diaconi
1014 302 1181 333 cardinalis,
1195 304 1252 328 trc-

236 360 354 379 censum
371 353 405 378 ‹10
426 354 591 387 Syroucort,
607 352 749 380 'l‘ullcnsis
771 352 904 381 diocesis,
928 353 1076 377 vacantem
1102 358 1152 384 per
1176 358 1251 376 nior-

237 403 295 428 tem
311 402 428 433 Juliani,
453 401 648 428 archidiaconi
670 401 816 431 Α1161611515,
834 400 879 434 11111
901 408 966 426 eum
982 408 998 426 a
1010 398 1184 425 monasterio
1201 399 1252 424 Ro-

238 450 393 476 maricensi
415 451 540 481 tenebat,
558 450 680 477 confert.
700 450 777 481 (nm.
797 450 841 482 29,
863 449 909 475 sol.
932 449 980 475 105
995 452 1035 479 νο,
1054 452 1086 474 n⁰
1100 447 1174 478 7122.)

278 565 294 585 «
311 555 461 593 ,11119131πο
479 554 639 584 Ber-nardo
660 554 695 584 de
719 553 848 585 Littera,
865 561 1013 581 canonico
1039 551 1249 587 Ambmnensz,
1282 558 1284 586 1
1310 566 1465 604 gatorum
1492 565 1565 604 ejus
1588 566 1719 596 litteras
1737 566 1972 604 impetrarunt,
1993 568 2049 595 aut
2066 566 2093 595 Si
2117 567 2149 596 in
2167 576 2205 596 ea
2226 576 2321 605 apos,

238 607 398 648 capellano
414 607 519 637 dilecti
539 606 598 647 filii
617 607 715 636 nostri
737 606 781 641 J.⁷
799 616 822 635 s.
839 605 959 634 Nzcolaz
978 614 1008 633 m
1030 604 1159 634 Cat-cere
1182 603 1250 632 Tul·
1282 618 1284 655 1
1309 618 1411 648 tolica
1428 618 1479 648 νε,1
1498 618 1563 648 alja
1587 619 1707 657 quavis
1734 619 1932 649 auctoritate
1953 619 1984 648 in
2004 620 2182 649 CHHOHUUS
2213 620 2319 658 aliqui

238 661 321 690 liano
339 661 462 690 diaconi
479 660 655 690 cardinalis.
674 660 744 690 Tua
773 667 874 697 quam
895 658 935 687 ad
955 675 1003 686 —.
1021 658 1145 687 Datum
1163 657 1251 695 apud

238 714 526 748 Urbemveterem,
544 723 587 742 vn
608 712 772 742 kalendas
789 711 882 747 maii,
901 720 986 741 anno
1006 710 1117 741 tertio.
1136 721 1150 739 »

815 877 939 908 Orvieto,
957 878 991 905 28
1006 877 1077 903 avril
1101 877 1177 904 1201.

330 881 425 911 1663

272 963 445 997 Episcopum
468 962 678 989 Virdunensem
703 964 731 988 et
755 961 880 989 electum
908 962 1064 988 Metensem
1085 961 1250 995 praedictae

236 1011 400 1039 collationis
416 1012 534 1046 deputat
550 1013 727 1038 executores.
747 1011 824 1043 (Res.
837 1012 881 1041 29,
901 1010 948 1037 t'ol.
969 1011 1017 1038 165
1035 1016 1071 1044 v0,
1092 1019 1123 1036 no
1140 1010 1214 1045 713.)

276 1127 290 1146 (1
308 1116 467 1156 Episcopo
492 1115 676 1146 Vir-dunensi
692 1121 719 1146 et
740 1116 849 1146 dilecto
867 1116 934 1156 silio
955 1141 961 1146 .
981 1116 1092 1147 ‚electo
1110 1116 1249 1146 Metensi.

234 1170 377 1201 Devotio
398 1179 497 1209 quam
518 1170 559 1200 ad
574 1188 624 1201 ἡ.
640 1171 765 1201 Datum
784 1171 872 1209 apud
889 1170 1179 1208 Urbemveterem,
1200 1180 1251 1200 1111

234 1224 398 1254 kalendas
414 1224 506 1257 maii,
526 1232 612 1254 anno
626 1224 737 1254 tertio.
758 1234 772 1253 „

782 1387 907 1419 Orvicto,
927 1388 958 1414 13
972 1388 1076 1414 1'evricr
1101 1389 1177 1415 1204.

328 1388 424 1419 1664

272 1471 402 1506 Philippo
419 1472 453 1498 de
470 1471 645 1506 Florhengcs
663 1472 797 1506 episcopo
811 1472 1023 1499 thesaurariam
1039 1472 1177 1499 ecclesiae
1198 1473 1252 1500 Me-

234 1519 323 1546 tensis
343 1519 479 1546 restituit.
500 1520 577 1553 (REG.
599 1521 643 1551 20,
664 1519 712 1547 fol.
736 1521 794 1552 100,
819 1526 847 1547 11ο
865 1521 940 1549 711.)

276 1639 292 1658 1(
319 1628 491 1657 Venerabili
521 1627 617 1667 fratri
636 1627 782 1668 Philippo
814 1628 849 1658 cle
879 1628 1065 1668 Florlzenyes
1095 1629 1248 1669 episcopo,

237 1682 429 1711 thesaurario
447 1680 567 1711 ecclesie
582 1681 736 1711 Mecensis.
756 1682 947 1712 Desideriis
961 1683 1030 1712 tuis
1047 1682 1080 1712 in
1100 1699 1149 1712 —.
1163 1683 1249 1713 Sane

235 1735 354 1773 petitio
372 1737 430 1765 tua
458 1734 556 1765 nobis
586 1735 737 1765 exhibita
753 1735 946 1765 continebat
965 1735 1064 1774 quod,
1086 1735 1249 1766 electione

235 1788 361 1818 dudum
381 1788 420 1818 (16
439 1789 471 1818 16
491 1787 659 1818 celebrata
686 1788 720 1818 in
745 1788 888 1818 Metensi
910 1787 1052 1818 ecclesia
1078 1796 1137 1826 per
1158 1788 1249 1818 Hen-

234 1841 354 1877 ricum‚
373 1841 431 1880 qui
451 1850 486 1871 se
510 1842 596 1880 gerit
614 1850 674 1880 pro
691 1841 892 1871 Treverensi
913 1841 1030 1874 616610,
1050 1840 1249 1870 confirmata

233 1896 266 1925 et
291 1894 355 1924 tibi
386 1903 525 1924 munere
545 1894 811 1924 consecrationis
833 1894 998 1933 impenso,
1024 1893 1160 1933 quidam
1178 1893 1247 1924 the-

234 1947 424 1978 saurariam
445 1948 478 1978 et
498 1947 704 1986 prebendam
727 1956 823 1986 quas⁷
850 1947 1045 1986 hujusmodi
1072 1947 1249 1978 electionis

233 2003 397 2039 tempore,
419 2001 453 2031 in
468 2001 584 2031 eadem
602 2001 744 2031 ecclesia
760 2000 949 2038 obtinebas,
969 2000 1035 2030 sibi
1052 2009 1112 2039 per
1128 2009 1248 2031 execu-

230 2055 323 2084 tores
341 2054 390 2085 eis
407 2054 585 2093 deputatos
605 2063 624 2085 a
641 2055 720 2085 sede
735 2055 923 2093 apostolica
941 2056 972 2085 et
988 2054 1119 2093 legatos
1137 2054 1247 2093 ipsius

232 2116 457 2146 procuravere
479 2108 624 2138 conferri
639 2109 670 2138 et
690 2108 779 2147 apud
808 2108 922 2138 sedem
944 2107 1053 2146 ipsam
1073 2116 1176 2146 super
1197 2107 1248 2138 eis

233 2161 321 2192 inter
338 2161 432 2200 ipsos
459 2161 593 2201 questio
619 2161 814 2192 ventilatur.
834 2162 919 2192 Sane
936 2169 997 2191 nos
1016 2161 1248 2192 confirmatio-

233 2223 308 2245 nem
323 2214 521 2254 hujusmodi
536 2216 569 2245 et
583 2223 717 2245 omnem
732 2214 910 2245 memorati
930 2214 1029 2245 electi
1046 2222 1247 2253 processum

231 2276 292 2307 pro
307 2269 339 2299 te
364 2267 517 2299 habitum
536 2277 577 2298 ex
592 2268 694 2298 certis
713 2268 826 2298 causis
848 2267 1060 2298 cassavimus
1081 2269 1112 2297 et
1139 2267 1249 2297 irrita-

232 2321 346 2351 vimus
368 2322 400 2351 et
419 2329 515 2351 cassa
534 2322 566 2351 et
598 2321 694 2352 irrita
714 2321 947 2351 nuntiavimus
978 2329 1015 2351 ac
1034 2321 1248 2351 decrevimus

235 2374 364 2404 nullius
381 2375 527 2405 existere
542 2374 726 2411 firmitatis,
746 2377 849 2413 tuque
862 2375 919 2414 jus
934 2374 1024 2413 quod
1040 2374 1102 2405 tibi
1119 2383 1160 2404 ex
1176 2383 1247 2413 pre-

237 2428 325 2459 dicta
335 2428 498 2458 electione
512 2427 621 2458 fuerat
632 2427 850 2467 acquisitum,
865 2427 969 2459 libere
984 2428 1018 2458 in
1035 2428 1162 2458 nostris
1178 2436 1248 2458 ma-

233 2481 335 2512 nibus
357 2481 549 2520 resignasti.
566 2481 637 2511 Nos
653 2481 778 2520 itaque,
797 2481 951 2512 nolentes
971 2481 1060 2520 quod
1076 2481 1248 2512 thesaura-

234 2536 285 2566 ria
301 2537 333 2565 et
363 2534 534 2573 prebenda
566 2534 729 2573 predictis
748 2542 924 2564 remaneas
950 2534 1146 2572 destitutus,
1176 2534 1248 2565 the-

233 2588 422 2619 saurariam
451 2589 483 2617 et
502 2587 707 2626 prebendam
735 2587 871 2618 easdem
891 2587 953 2617 tibi
972 2587 1188 2618 restituimus
1207 2588 1246 2618 de

233 2642 342 2682 gratia
359 2640 644 2680 speciali-tibique
665 2641 705 2671 de
723 2649 809 2671 novo
828 2641 1049 2680 providemus
1069 2641 1109 2671 de
1127 2641 1198 2671 illis
1216 2642 1249 2671 et

233 2696 273 2726 de
299 2695 383 2734 ipsis
409 2696 440 2725 te
463 2703 523 2733 per
546 2695 699 2725 nostrum
733 2693 872 2724 anulum
897 2694 1111 2730 investimus,
1135 2694 1248 2725 decer-

233 2750 352 2779 nentes
370 2748 506 2779 irritum
516 2749 548 2778 et
567 2748 665 2778 inane
684 2747 713 2778 si
731 2756 829 2778 secus
848 2747 887 2778 de
905 2747 1115 2778 thesauraria
1131 2749 1161 2778 et
1176 2757 1250 2787 pre·

232 2801 341 2833 benda
370 2801 512 2840 prefatis
544 2800 731 2840 apostolica
765 2800 817 2831 vel
854 2801 975 2840 quavis
1007 2801 1207 2831 auctoritate
1231 2810 1250 2831 a

234 2864 405 2895 quoquam
431 2854 610 2894 contigerit
637 2854 842 2893 attemptari.
875 2854 949 2884 Non
977 2853 1132 2885 obstante
1160 2854 1250 2893 quod

234 2908 480 2940 thesaurariam
509 2909 541 2939 et
559 2907 763 2947 prebendam
792 2907 973 2946 resignasti
991 2907 1127 2937 easdem
1145 2916 1205 2938 seu
1222 2910 1248 2937 si

2260 220 2317 247 :253

1281 318 1283 347 ¹}
1309 301 1520 331 thesauraria
1539 302 1571 330 61
1597 300 1767 339 prebenda
1796 301 1924 339 prefate
1949 301 2185 340 1116111611511111
2217 312 2319 340 super

1309 354 1358 384 eis
1392 353 1536 392 litigant,
1558 355 1615 384 aut
1636 353 1894 392 quibuscunque
1919 354 1997 383 aliis
2023 354 2087 383 sint
2120 364 2317 393 quacunque

1309 406 1509 436 auctoritate
1531 406 1663 441 collate,
1693 406 1815 445 quibus
1838 416 1938 445 super
1957 407 2040 446 ipsis
2059 410 2258 446 perpetuum
2275 409 2318 437 si-

1282 462 1283 489 1
1310 459 1453 488 lentium
1465 459 1627 489 duximus
1642 460 1896 498 imponendum,
1915 461 2013 490 sensi
2027 460 2129 499 aliqui
2142 461 2199 490 alii
2218 469 2320 499 super

1309 512 1503 550 provisione
1523 521 1583 542 sua
1601 513 1634 542 in
1655 513 1745 542 dicta
1768 513 1909 542 ecclesia
1927 513 2018 542 sedis
2037 513 2186 551 ejusdem
2205 513 2254 543 vel
2275 514 2319 543 le-

1311 673 1388 701 sunt
1416 672 1541 710 recepti
1563 672 1616 701 vel
1641 673 1676 702 111
1706 672 1913 710 recipiantur
1931 672 2102 707 insistant,
2121 673 2244 711 quibus
2262 683 2320 712 per

1310 725 1369 755 hoc
1387 725 1497 763 quoad
1516 725 1763 756 assecutionem
1776 725 1920 755 aliorum
1938 728 2191 764 personatuum,
2211 727 2320 765 ‹ligni-

1309 780 1415 808 tatum
1429 778 1482 808 vel
1500 777 1744 816 prebendarum
1763 778 1989 817 prejudicium
2009 779 2139 809 nullum
2161 780 2228 813 liat,
2249 780 2320 810 sive

1310 831 1646 870 aliquaindulgentia
1665 831 1755 861 sedis
1765 832 1914 870 predicte
1933 832 1972 862 de
1988 840 2053 870 qua
2069 832 2231 871 cujusque
2250 834 2320 863 toto

1308 886 1424 914 tenore
1451 885 1491 914 de
1518 884 1620 914 verbo
1649 884 1691 914 ad
1711 884 1850 915 verbum
1870 886 2023 923 oporteat
2047 885 2080 915 in
2103 885 2320 923 presentibus

1308 938 1443 976 plenam
1464 939 1496 968 et
1523 946 1721 976 expressam
1749 938 1957 969 mentionem
1978 938 2049 968 [ieri
2079 940 2110 968 et
2134 947 2192 977 per
2219 948 2319 978 quam

1308 991 1447 1021 effectus
1469 991 1679 1029 presentium
1696 991 1853 1030 impediri
1872 992 1981 1022 valeat
2001 992 2052 1022 vel
2069 992 2207 1022 ditt'erri.
2224 992 2319 1022 Nulli

1309 1053 1387 1084 ergo
1414 1045 1527 1075 nostre
1556 1045 1795 1082 restitutionis,
1820 1045 2040 1084 provisionis,
2059 1045 2259 1075 investiture
2289 1047 2321 1075 et

1309 1098 1563 1128 constitutionis
1594 1100 1656 1128 etc.
1686 1116 1734 1128 -—.
1759 1099 1883 1129 Datum
1906 1098 1994 1136 apud
2031 1098 2319 1133 Urbemveterem,

1309 1151 1387 1181 idus
1407 1150 1581 1187 februarii,
1600 1160 1686 1181 anno
1706 1152 1817 1182 tertio.
1837 1162 1850 1179 »

1404 1317 1497 1348 1665
1851 1316 1975 1346 Orricto,
1996 1318 2026 1344 13
2047 1316 2150 1344 fcvrier
2172 1318 2247 1344 1261.

1344 1402 1499 1427 Cantorem
1527 1401 1646 1436 majoris
1673 1402 1699 1427 et
1721 1402 1863 1427 decanum
1891 1410 1913 1428 s.
1944 1401 2099 1428 salvatoris
2133 1403 2318 1430 ecclesiarum

1308 1450 1479 1476 Metensium
1510 1450 1673 1483 praedictae
1697 1450 1863 1477 collationis
1892 1453 2056 1477 executores
2088 1452 2214 1485 deputat.
2240 1452 2317 1478 (nm.

1308 1500 1352 1529 29,
1368 1498 1416 1525 sol.
1439 1499 1498 1530 loo,
1514 1503 1545 1524 n⁰
1557 1499 1633 1533 715.)

1349 1618 1363 1633 «
1389 1605 1518 1635 Cantori
1548 1606 1674 1645 majoris
1694 1611 1721 1635 et
1741 1630 1746 1635 .
1771 1630 1776 1634 .
1797 1606 1910 1635 decana
1932 1616 1955 1634 s.
1985 1606 2159 1635 Salvator-is
2183 1607 2320 1635 eci-lesia-

1309 1669 1376 1688 rmn
1404 1658 1592 1689 Metensium.
1613 1659 1803 1689 Desideriis
1827 1659 2032 1689 venerabilis
2051 1659 2166 1689 fratris
2191 1678 2238 1688 —.
2257 1661 2317 1690 Da-

1308 1714 1380 1742 tum
1391 1712 1481 1750 apud
1496 1712 1786 1747 Urbemveterem,
1803 1712 1879 1742 idus
1895 1712 2068 1748 februarii⁷
2081 1713 2286 1743 annotertio.
2306 1722 2319 1741 »

1885 1880 2008 1910 Orvieto,
2025 1881 2059 1907 22
2079 1880 2149 1906 avril
2173 1880 2248 1907 1202.

1398 1881 1495 1912 1666

1343 1965 1472 1991 ltolando
1490 1965 1524 1990 de
1538 1963 1703 1994 Ferentino,
1727 1964 1832 1990 rectori
1850 1964 1986 1991 ccclesiae
2003 1973 2025 1991 s.
2042 1964 2175 1991 Vallerici
2193 1965 2226 1990 de
2245 1965 2320 1990 Wal-

1307 2013 1399 2044 lectis,
1428 2013 1670 2047 Rothomagensis
1688 2013 1824 2046 diocesis,
1853 2013 2000 2047 capellano
2018 2013 2054 2043 J.‚
2088 2022 2126 2040 ss.
2154 2014 2273 2040 (Iosmae
2293 2015 2321 2039 et

1306 2062 1439 2089 Damiani
1453 2063 1567 2089 diaconi
1578 2062 1745 2093 cardinalis,
1760 2062 1963 2089 canonicatum
1980 2062 2118 2089 eeclesiae
2135 2063 2321 2089 llerlcbeccn-

1306 2111 1358 2146 sis,
1380 2111 1568 2139 Tornacensis
1582 2111 1715 2142 diocesis,
1733 2114 1762 2138 et
1777 2112 1972 2146 praebendam
1987 2111 2107 2138 confert.
2122 2112 2199 2146 (Rue.
2210 2113 2253 2142 ΞΕ),
2272 2111 2319 2138 sol.

1306 2161 1368 2194 166,
1385 2167 1414 2188 n⁰
1435 2162 1510 2194 716.)

1347 2278 1361 2294 11
1382 2266 1521 2296 Rolando
1538 2266 1574 2296 de
1589 2266 1766 2303 Ferentino,
1787 2267 1898 2295 reclori
1914 2265 2036 2296 ecclesie
2056 2267 2156 2295 sancti
2180 2266 2323 2296 Vnum-ici

1306 2320 1342 2350 de
1378 2319 1544 2356 {Valla-lis,
1567 2319 1821 2359 Rothomaqensis
1854 2319 1991 2355 diocesis,
2027 2319 2189 2360 capellano
2217 2319 2323 2349 dilecti

1305 2373 1368 2414 filii
1381 2374 1477 2403 nostri
1498 2374 1541 2410 J.,
1558 2379 1731 2403 sanctorum
1753 2373 1860 2403 Cosme
1877 2378 1904 2402 et
1919 2373 2064 2402 Damiani
2082 2373 2205 2402 diaconi
2222 2373 2322 2402 cardi·

1306 2427 1397 2458 nalis.
1415 2426 1684 2466 Suffragantihus
1699 2426 1767 2465 Atibi
1786 2426 1965 2457 nobilitate
1982 2426 2128 2466 generis,
2147 2426 2322 2458 honestate

1306 2490 1452 2516 morum,
1483 2481 1676 2511 litterarum
1697 2480 1839 2510 scientia
1864 2481 1895 2510 et
1921 2479 2153 2510 laudabilibus
2177 2480 2321 2517 meritis,

1305 2535 1405 2574 prout
1421 2534 1560 2573 dignum
1574 2532 1808 2564 testimonium
1826 2532 1997 2571 perhibuit
2019 2541 2121 2572 super
2138 2532 2205 2562 hiis
2222 2533 2322 2563 dilec-

1304 2589 1361 2619 tus
1390 2587 1482 2617 filius
1518 2588 1633 2617 noster
1663 2586 1708 2622 J„
1732 2588 1926 2616 sanctorum
1959 2585 2081 2616 Cosme
2108 2588 2139 2616 et
2163 2586 2322 2616 Damiani

1305 2641 1468 2672 diaconus
1487 2639 1683 2677 cardinalis,
1705 2639 1763 2678 qui
1794 2648 1854 2678 pro
1884 2641 1916 2669 te
1933 2638 2033 2669 nobis
2050 2639 2225 2669 humiliter
2244 2648 2323 2678 sup-

1305 2695 1456 2734 plicavit,
1488 2701 1668 2732 personam
1700 2694 1793 2723 tuam
1824 2691 1971 2722 libenter
1986 2692 2162 2730 apostolici
2194 2692 2323 2723 favoris

1306 2748 1415 2787 gratia
1432 2748 1660 2786 prevenimus.
1686 2745 1793 2784 Digne
1818 2745 1955 2784 quidem
1990 2744 2220 2775 benemeritos
2251 2754 2323 2784 gra-

1305 2802 1392 2832 tiose
1412 2800 1636 2839 respici1nus;
1668 2808 1744 2829 nam
1759 2800 1791 2829 et
1821 2799 1901 2838 ipsi,
1921 2799 2001 2829 dum
2022 2807 2057 2828 se
2076 2798 2233 2828 honorari
2252 2807 2323 2837 per-

1307 2854 1495 2893 spexerint,
1520 2854 1553 2883 et
1580 2853 1638 2883 alii
1662 2861 1779 2883 eorum
1805 2852 1961 2891 exemplo
1995 2851 2036 2881 ad
2061 2852 2231 2890 querenda
2259 2852 2323 2881 vir-

1306 2909 1417 2938 tutum
1444 2907 1558 2938 studia
1577 2906 1699 2937 fortius
1721 2906 1928 2936 animantur.
1959 2905 2118 2935 Volentes
2136 2904 2247 2943 itaque
2267 2905 2321 2934 de-
