2519 3262
238 238 275 268 10
991 235 1233 267 REGISTRES
1264 234 1478 265 D'URBAIN
1508 234 1566 265 lv.

237 321 479 351 monasterium
495 321 680 359 predictum
695 320 790 349 vobis
806 322 949 353 tenetur,
961 328 1002 349 ex
1016 320 1133 354 altera,
1145 328 1242 357 ques·
1274 340 1276 345 ,

236 372 326 403 tione
344 372 493 408 suborta,
506 381 566 402 nos
584 373 706 403 dilecto
723 373 793 402 tilio
811 372 969 407 Geraldo7
984 371 1096 401 abbati
1115 379 1245 401 monas-

237 426 312 455 terii
330 426 538 458 Lesatensis‚
550 426 721 463 capellano
739 426 852 454 nostro
867 434 904 454 ac
918 424 1032 462 palatii
1052 424 1246 453 0051110011-

237 487 350 508 sarum
370 479 517 517 generali
537 479 694 511 auditori,
716 487 851 508 cansam
871 477 1064 515 hujusmodi
1084 477 1245 506 duximus

238 532 524 562 committemlam.
555 532 645 562 Idem
672 540 750 561 voro
771 530 977 568 capellanus,
996 530 1139 567 cognitis
1157 530 1245 569 ejus-

237 585 311 614 dem
335 594 434 615 cause
463 585 592 614 meritis
620 586 651 614 et
677 584 764 622 juris
791 583 906 613 ordino
938 583 1114 613 observato
1141 592 1178 613 ac
1204 583 1244 613 de

236 638 484 676 pronuntiando
495 638 629 667 obtenta
646 646 664 666 a
680 636 776 665 nobis
795 636 947 674 plenaria
964 637 1140 674 potestate,
1158 635 1244 671 diffi:

236 690 374 720 nitivam
396 700 456 729 pro
482 690 578 719 vobis
597 689 798 719 sententiam
828 689 1066 727 promulgavit,
1093 690 1192 727 prout
1209 689 1243 718 in

235 743 459 773 instrumento
479 743 623 781 publico,
643 742 764 772 exinde
785 742 946 777 confecto,
963 742 1113 780 sigillato
1129 742 1242 781 sigillo

235 797 313 826 dieti
343 796 484 829 abbatis,
510 796 643 834 plenius
671 795 873 825 continetur.
891 796 962 825 Nos
985 795 1099 834 igitur,
1118 795 1242 825 vestris

235 848 539 887 supplimitionibus
558 848 722 882 inclinati,
741 848 927 886 prefflctam
948 848 1150 878 sententiam
1169 857 1244 887 pro-

235 902 308 931 vido
326 902 439 937 latam,
454 902 558 931 ratam
576 902 607 931 et
625 901 758 931 firmam
772 900 944 938 habentos,
957 910 1029 931 eam
1043 901 1242 932 auctoritate

233 954 415 993 apostolica
437 954 675 984 confirmamus
689 956 719 984 et
737 954 907 992 presentis
919 955 1037 993 scripti
1053 955 1241 992 patrocinio

233 1008 491 1044 conmmnimns,
522 1007 739 1037 instrumenti
766 1007 907 1045 predicti
932 1009 1083 1038 tenorem
1106 1017 1242 1046 presen-

231 1060 322 1090 tibus
343 1060 445 1090 inseri
467 1060 633 1095 faciendo,
653 1060 710 1099 qui
727 1060 806 1090 talis
824 1063 873 1090 est
890 1072 894 1090 z

271 1123 285 1142 (‹
300 1113 452 1142 [niversis
462 1118 614 1153 presentes
631 1113 749 1143 litteras
764 1114 954 1152 inspecturis,
966 1114 1065 1152 frater
1079 1113 1239 1149 Ger-aldus,

230 1166 320 1195 abbas
339 1167 513 1196 monasterii
527 1167 706 1202 Lesatensis,
718 1166 832 1196 domini
843 1177 920 1206 pape
937 1167 1112 1206 capellanus
1126 1173 1154 1197 ec
1171 1177 1240 1197 cau-

229 1229 328 1249 sarum
349 1220 462 1259 palatii
483 1220 578 1260 ipsius
598 1219 747 1259 yeneralz's
767 1219 901 1256 (iudicor,
920 1219 1047 1249 salutem
1065 1221 1095 1249 in
1113 1221 1240 1250 Domino

229 1273 455 1312 sempilermnn.
479 1274 561 1303 Orta
590 1274 715 1303 dudum
740 1273 827 1303 inter
849 1273 1067 1303 Franciscum
1092 1276 1123 1304 et
1140 1274 1240 1304 Fran-

229 1326 344 1356 ketum
372 1326 585 1357 Rembertini
609 1326 742 1361 11111105,
767 1326 858 1356 cives
884 1328 915 1356 et
938 1329 1142 1357 mercatores
1166 1328 1240 1357 1³10-

228 1379 462 1417 rentinos,pr0
479 1388 515 1410 se
536 1379 620 1418 ipsis
634 1381 665 1409 et
686 1388 800 1409 eorum
824 1380 937 1414 sociis,
950 1388 990 1409 ex
1008 1382 1102 1418 parte
1120 1389 1196 1417 una,
1209 1384 1239 1410 et

230 1432 426 1471 religiosum
440 1433 550 1462 virum
570 1433 708 1463 fratrem
723 1432 922 1469 Johannem,
938 1432 1092 1463 abbatem
1106 1442 1239 1463 monas-

227 1485 291 1516 teri
308 1486 578 1520 Virziliacensis,
597 1486 727 1516 ordinis
747 1486 854 1516 sancti
873 1486 1058 1522 Benedicti,
1072 1487 1239 1517 Eduensis

228 1538 385 1574 diocesis,
420 1548 461 1568 ex
498 1538 614 1575 altera,
651 1547 752 1577 super
783 1538 987 1577 quibusdam
1018 1540 1239 1577 pecuniarum

228 1592 388 1627 summis,
418 1592 591 1630 dampnis,
628 1592 789 1630 expensis
824 1593 855 1622 et
886 1592 1068 1628 interesse,
1096 1593 1239 1623 materia

228 1645 428 1684 questionis,
452 1645 690 1675 sanctissimus
716 1646 811 1683 pater
834 1646 865 1674 et
886 1645 1043 1675 dominus
1067 1645 1237 1682 Urbanus,

228 1697 343 1727 divina
358 1698 570 1736 providentia
587 1699 799 1728 sacrosancte
819 1698 971 1728 Romane
990 1699 1131 1729 00010510
1150 1708 1240 1730 51101-

228 1759 304 1780 mus
320 1751 483 1788 pontifex,
502 1760 562 1781 nos
575 1759 676 1789 super
691 1751 885 1790 hujusmodi
904 1752 1037 1790 negotio
1050 1753 1238 1783 auditorem

227 1803 313 1842 ipsis
334 1804 486 1842 partibus
503 1804 688 1842 deputavit.
708 1804 990 1842 Comparentibus
1007 1805 1119 1843 itaque
1139 1806 1238 1836 dictis

229 1856 347 1886 abbate
366 1865 425 1895 pro
440 1866 486 1893 se,
504 1866 539 1887 ac
557 1857 737 1887 Francisco
754 1858 785 1887 et
798 1858 966 1888 Franketo
984 1866 1043 1896 pro
1062 1867 1097 1888 se
1112 1860 1144 1889 et
1159 1859 1238 1889 aliis

229 1917 345 1940 eorum
362 1910 464 1939 sociis
480 1909 705 1948 personahter
718 1918 826 1940 coram
840 1910 949 1944 001115,
962 1919 1021 1949 pro
1038 1914 1131 1949 parte
1149 1913 1236 1950 ipso-

228 1971 303 1992 rum
320 1964 544 1993 mercatorum
557 1962 695 1993 libellus
710 1962 844 1993 oblatus
861 1963 973 1994 extitit
987 1964 1019 1993 in
1038 1964 1095 1994 hec
1114 1965 1215 1995 verba
1230 1976 1235 1995 ;

266 2025 282 2045 (1
300 2016 419 2045 (loram
446 2015 552 2051 vobis,
577 2015 764 2045 venerande
792 2017 886 2054 pater
905 2016 1040 2046 domine
1057 2019 1110 2053 (1.,
1132 2017 1237 2048 abbas

228 2077 244 2097 »
262 2069 458 2099 monasterii
488 2069 699 2104 Lesatemis,
729 2069 856 2099 domini
889 2078 973 2108 pape
1005 2070 1178 2108 capellano
1205 2073 1237 2101 et

227 2130 244 2151 ›)
262 2130 438 2152 causarum
456 2122 573 2160 palatii
595 2122 705 2161 ipsius
723 2122 871 2161 generali
897 2123 1061 2159 auditore,
1082 2123 1235 2162 partibus

226 2175 414 2205 »auditore
438 2184 609 2211 concesso,
630 2176 821 2214 proponunt
850 2175 1053 2206 lerant-,iscus
1076 2178 1108 2206 et
1132 2177 1235 2207 Fran-

227 2237 241 2257 »
259 2228 358 2258 ketus
374 2228 496 2258 fratres
511 2230 542 2258 et
555 2228 651 2264 socii,
665 2228 756 2258 cives
771 2230 802 2258 et
817 2230 1019 2259 mercatores
1037 2229 1232 2266 Florentini,

225 2289 242 2310 ›)
261 2290 321 2311 suo
339 2282 370 2311 et
384 2281 553 2311 sociorum
566 2290 704 2311 suorum
718 2281 864 2318 nomine,
876 2283 992 2312 contra
1005 2282 1234 2314 venerabilem

224 2335 293 2364 »et
321 2334 519 2373 religiosum
549 2335 660 2364 virum
692 2334 832 2365 fratrem
858 2334 1057 2372 Johannem,
1078 2335 1233 2367 abbatem

223 2387 455 2417 »monasterii
474 2387 744 2424 virziliacensis,
765 2387 894 2418 ordinis
917 2388 1025 2418 sancti
1048 2389 1231 2426 Benedicti,

222 2447 240 2469 ›)
256 2440 425 2470 Eduensis
446 2440 603 2477 diocesis,
632 2441 664 2471 et
692 2440 842 2480 ejusdem
869 2442 1066 2472 monasterii
1091 2451 1234 2473 conven-

222 2500 240 2522 »
258 2493 340 2527 tum,
361 2493 510 2523 dicent-es
541 2493 641 2532 quod,
670 2502 745 2524 cum
772 2493 881 2524 eidem
911 2494 1023 2525 abbati
1055 2496 1233 2535 recipienti

221 2552 239 2575 ›)
257 2546 391 2576 nomine
409 2555 469 2576 suo
487 2548 519 2576 et
536 2546 615 2576 dicti
632 2548 817 2577 conventus
836 2556 872 2577 ac
890 2548 1088 2579 monasterii
1108 2558 1233 2580 100100-

222 2607 237 2628 11
255 2598 401 2637 rati‚pro
420 2599 603 2629 eorundem
617 2599 826 2630 utilitatibus
840 2601 874 2630 in
891 2600 1019 2631 domini
1035 2610 1120 2641 pape
1139 2603 1241 2639 0111111,

220 2658 238 2680 »
256 2652 468 2690 peragendis,
496 2654 629 2682 centum
656 2654 687 2683 et
717 2654 900 2692 nonaginta
928 2654 1034 2684 libras
1064 2656 1167 2693 paris.
1197 2656 1231 2686 10

219 2710 237 2733 1)
254 2713 320 2735 una
346 2706 438 2743 parte
467 2707 582 2735 mutuo
610 2706 849 2743 concesserint,
884 2707 985 2738 certis
1017 2708 1066 2738 eis
1094 2708 1167 2739 loco
1199 2711 1232 2740 et

219 2763 237 2786 ›)
254 2757 399 2788 termino
416 2758 668 2796 persolvendas,
681 2761 779 2798 prout
799 2760 832 2789 in
851 2760 986 2799 publico
1005 2761 1230 2792 instrumento

218 2817 236 2839 »
253 2809 329 2840 inde
348 2811 497 2841 confecto
514 2812 666 2850 apparet,
683 2812 722 2842 de
741 2820 808 2851 qua
824 2813 993 2844 solutione
1010 2815 1229 2853 pecuniejam

217 2863 309 2893 »diu
339 2864 504 2893 terminus
532 2866 582 2894 est
609 2864 765 2903 elapsus;
793 2867 825 2896 et
855 2865 889 2896 in
918 2867 986 2897 alia
1013 2869 1109 2906 parte
1133 2868 1228 2906 quin-

217 2916 411 2955 »quaginta
439 2916 545 2946 libras
575 2917 678 2955 paris.
707 2918 795 2948 infra
825 2921 952 2950 rectum
984 2923 1225 2959 pagamentum

1306 327 1323 346 »
1340 318 1568 348 nundinarum
1606 319 1714 348 sancti
1751 319 1916 349 Johannis
1950 320 2128 351 'l'recensis
2160 322 2316 360 proximo

1308 380 1324 399 »
1342 373 1559 401 venturarum
1577 372 1665 410 apud
1685 372 1808 401 Trecas
1825 373 2066 410 persolvendas
2081 374 2202 408 eidem,
2216 376 2316 413 prout

1308 432 1324 452 »
1342 424 1376 453 in
1405 424 1540 462 publico
1572 424 1795 455 instrumento
1826 425 1900 455 inde
1928 426 2076 456 00010010
2108 430 2258 465 apparet,
2285 429 2317 458 et

1307 485 1324 506 »
1341 479 1498 515 pretextu
1526 477 1649 515 prioris
1668 486 1800 507 51110100
1828 478 1956 516 prefate
1977 479 2062 517 ipsis
2079 481 2108 509 ct
2132 487 2247 510 eorum
2267 489 2318 510 so-

1307 538 1324 558 »
1339 530 1401 559 ciis
1418 539 1483 560 non
1505 530 1614 560 solute
1630 530 1702 560 loco
1719 533 1748 560 et
1768 531 1911 560 termino
1930 531 2078 566 statutis,
2094 532 2174 562 dieti
2190 541 2318 562 merca·

1306 591 1323 611 »
1341 584 1431 613 tores
1453 592 1488 613 so
1505 585 1535 613 et
1557 583 1666 613 socios
1684 592 1765 613 51105
1782 584 1985 622 expendisse
2007 594 2042 613 ac
2060 585 2318 623 ‹lampnificatos

1306 644 1322 664 »
1340 644 1414 665 esse
1446 636 1558 666 dicant
1592 636 1678 666 ultra
1710 637 1876 674 oct‹;·gi1na
1911 637 2017 666 libras
2050 637 2169 675 paris„
2199 639 2318 675 petunt

1305 697 1322 717 »
1341 697 1426 719 nunc
1442 689 1523 719 dicti
1540 689 1742 719 Franciseus
1759 692 1789 719 et
1809 690 2009 720 Franketus.
2022 700 2082 719 5110
2096 692 2127 720 et
2147 691 2317 720 sociorum

1305 742 1474 772 »nomine
1505 751 1657 777 suorum,
1687 742 1857 780 predictos
1882 742 2037 773 abbatem
2063 745 2093 773 ct
2114 746 2316 773 conventum

1305 804 1321 823 ›)
1340 796 1372 825 et
1387 795 1514 825 dictum
1530 795 1775 825 monasterinm
1793 795 1878 833 ipsis
1892 795 2137 826 mercatoribus
2153 798 2183 826 et
2200 804 2317 826 eorum

1305 856 1322 876 »
1339 848 1441 878 sociis
1460 848 1501 878 ad
1519 848 1767 878 restitutionem
1785 848 1872 878 dicte
1898 849 2038 886 1100111110
2063 858 2138 878 01101
2157 848 2317 879 omnibus

1305 910 1321 929 »
1339 901 1507 940 dampnis,
1534 902 1694 940 expensis
1714 904 1745 932 et
1765 902 1930 932 interesse
1949 902 2122 940 predictis,
2152 911 2188 932 ae
2215 903 2317 932 etiam

1304 964 1320 983 »
1339 955 1372 985 in
1391 955 1491 985 dictis
1511 955 1748 985 instrumentis
1771 955 1938 985 contentis
1956 963 2015 994 per
2033 964 2091 985 vos
2109 955 2265 994 compelli
2284 956 2316 986 et

1304 1017 1320 1037 »
1339 1008 1588 1038 sententialiter
1607 1008 1860 1047 condempnari.
1880 1018 1896 1037 »

1342 1062 1453 1092 «Lite
1480 1061 1584 1100 igitur
1610 1070 1723 1091 coram
1756 1061 1854 1091 nobis
1882 1061 2092 1100 superdicto
2119 1061 2235 1092 libello
2256 1069 2316 1100 per

1302 1115 1553 1145 confessionem
1588 1115 1669 1145 dicti
1702 1114 1834 1144 abbatis
1867 1115 2018 1152 legitime
2051 1116 2250 1150 contestata,
2279 1122 2317 1145 ac

1302 1168 1475 1206 productis
1492 1177 1552 1207 pro
1567 1170 1661 1207 parte
1678 1168 1845 1198 dictorum
1869 1170 2094 1198 mercatorum
2112 1168 2317 1198 instrumen-

1303 1222 1346 1252 tis
1372 1222 1492 1257 mutui,
1514 1230 1572 1260 per
1597 1230 1660 1260 que
1680 1221 1783 1251 etiam
1806 1220 1904 1251 001115
1934 1223 2064 1251 constat
2089 1221 2197 1251 dictas
2219 1228 2316 1259 pecu—

1302 1275 1435 1305 niarum
1454 1284 1606 1305 summas
1629 1275 1698 1305 1010
1718 1275 1807 1305 dicto
1832 1274 1945 1304 abbati
1961 1276 2144 1310 mutuatas,
2160 1283 2196 1304 ac
2215 1274 2315 1312 plene

1302 1328 1472 1358 intellecta
1498 1328 1718 1366 responsione
1751 1328 1831 1357 dieti
1863 1327 1996 1357 abbatis
2031 1327 2223 1357 confitentis
2248 1326 2315 1356 sibi

1301 1382 1371 1411 1010
1389 1381 1511 1411 dictam
1528 1381 1705 1419 pecuniam
1719 1390 1735 1410 a
1748 1381 1848 1411 dietis
1865 1380 2110 1410 mercatoribus
2126 1382 2314 1410 mutuatam

1302 1436 1331 1464 et
1348 1443 1407 1472 per
1425 1435 1536 1472 ipsum
1555 1442 1751 1464 conversam
1777 1434 1810 1464 in
1830 1434 2013 1464 utilitatem
2033 1433 2231 1463 monasterii
2248 1440 2313 1463 010-

1300 1488 1434 1523 morati,
1456 1489 1487 1517 et
1515 1488 1603 1525 quod
1622 1487 1763 1525 predicti
1786 1489 1990 1517 mercatores
2020 1487 2164 1525 dampna
2190 1495 2230 1516 ex
2252 1486 2313 1516 1100

1300 1541 1516 1570 incurrerunt
1543 1541 1659 1579 gravia
1682 1543 1711 1570 et
1737 1549 1918 1578 expensas,
1947 1540 2037 1578 quod
2064 1540 2153 1570 dicta
2170 1539 2313 1578 pecunia

1300 1594 1350 1624 eis
1367 1602 1433 1624 non
1451 1593 1515 1624 suit
1530 1593 1668 1623 statutis
1685 1593 1757 1623 1000
1775 1595 1807 1623 et
1824 1593 1968 1623 termino
1987 1593 2170 1631 persoluta,
2187 1592 2313 1623 auditis

1300 1655 1433 1685 quoque
1452 1648 1484 1676 et
1503 1646 1684 1676 intellectis
1708 1654 1772 1684 (1110
1797 1648 1910 1684 partes
1930 1645 2107 1675 voluerunt
2126 1653 2313 1684 proponere

1300 1709 1412 1730 coram
1430 1699 1528 1729 nobis
1544 1702 1575 1730 et
1593 1700 1728 1729 denmm
1745 1699 1903 1729 concluso
1920 1699 1953 1728 in
1970 1707 2071 1728 causa
2085 1697 2311 1737 husjusmodi,

1300 1761 1373 1788 nos,
1388 1752 1502 1783 habito
1527 1753 1679 1782 virorum
1704 1752 1908 1791 prudentum
1939 1752 2092 1788 00051110,
2111 1760 2148 1782 ac
2166 1760 2311 1790 pronun-

1298 1807 1405 1837 tiandi
1425 1815 1527 1845 super
1552 1806 1714 1845 predictis
1737 1806 1824 1835 inter
1843 1807 1956 1844 partes
1981 1805 2117 1835 easdem
2141 1805 2278 1835 obtenta
2295 1813 2314 1835 a

1300 1860 1436 1890 domino
1454 1869 1539 1898 papa
1552 1859 1704 1898 plenaria
1715 1860 1880 1897 potestate
1895 1867 2055 1888 concessa
2069 1857 2166 1888 nobis
2177 1857 2312 1888 oraculo

1299 1912 1374 1942 vive
1392 1913 1494 1948 vocis,
1514 1911 1728 1950 presentibus
1744 1912 1885 1950 Ilugone
1902 1911 1942 1941 de
1959 1910 2080 1941 Trebis
2097 1910 2219 1941 elerico
2236 1918 2311 1949 pro-

1299 1967 1451 1996 curatore
1479 1966 1559 1995 dicti
1579 1965 1723 2001 abbatis,
1742 1964 1884 1995 habente
1904 1963 1944 1994 ab
1965 1964 2038 2002 ipso
2057 1963 2252 1994 mandatum
2270 1963 2311 1993 ad

1298 2020 1502 2049 sententiam
1523 2019 1737 2053 audiendam,
1757 2026 1792 2047 ac
1820 2018 1908 2047 dicto
1933 2017 2113 2047 Franciseo
2137 2025 2197 2055 pro
2221 2025 2256 2047 se
2279 2019 2311 2047 et

1298 2072 1398 2102 dictis
1416 2073 1488 2111 ejus
1511 2073 1611 2102 tratre
1637 2074 1667 2102 et
1694 2071 1796 2101 sociis
1826 2073 1855 2101 et
1885 2079 1960 2100 01101
1987 2070 2149 2100 instantia
2177 2072 2310 2100 senten·

1297 2124 1378 2154 tiam
1395 2125 1466 2154 tieri
1486 2124 1690 2162 petentibus,
1706 2124 1768 2154 Dei
1789 2124 1923 2153 nomine
1940 2124 2106 2159 invocato,
2120 2123 2152 2153 in
2173 2122 2311 2162 seriptis

1297 2178 1544 2207 sententialiter
1562 2178 1849 2215 condempnamus
1864 2177 1991 2207 dietum
2009 2176 2197 2206 Johannem
2211 2175 2311 2206 ahba—

1294 2231 1361 2261 tem
1377 2231 1656 2260 Virziliacensem
1666 2232 1698 2260 et
1712 2230 1838 2260 dietum
1854 2230 2042 2268 Hugonem,
2059 2231 2309 2268 procuratorem

1295 2293 1396 2314 suum
1416 2285 1621 2322 presentem,
1645 2283 1718 2321 ejus
1742 2283 1889 2315 nomine,
1915 2283 1948 2312 in
1974 2282 2134 2312 trecentis
2158 2283 2189 2312 et
2212 2282 2310 2320 quiu-

1294 2337 1403 2367 decim
1431 2335 1530 2366 libris
1560 2336 1664 2374 paris,
1702 2336 1803 2365 dictis
1835 2334 2077 2365 mereatoribas
2106 2334 2160 2364 vel
2191 2342 2308 2365 eorum

1295 2390 1397 2420 alieni
1423 2389 1599 2428 recipienti
1617 2397 1677 2427 pro
1700 2397 1735 2418 se
1750 2391 1783 2418 et
1799 2388 1913 2422 sociis,
1935 2390 2002 2417 tam
2020 2396 2079 2426 pro
2099 2386 2185 2417 forte
2206 2395 2308 2426 quam

1295 2443 1466 2482 expensis,
1478 2442 1634 2480 dampnis
1647 2443 1678 2471 et
1688 2442 1852 2471 interesse
1866 2440 2060 2479 hujusmodi
2072 2439 2308 2478 persolvendis

1294 2505 1402 2535 usque
1420 2496 1461 2526 ad
1477 2498 1546 2526 tres
1556 2503 1661 2525 annos
1680 2494 1835 2532 proximo
1853 2494 1996 2524 11110105,
2011 2493 2140 2523 501110οῐ
2157 2492 2308 2532 quolibet

1294 2558 1380 2580 anno
1400 2549 1432 2579 in
1450 2549 1535 2579 festo
1551 2547 1800 2578 Puriticationis
1815 2547 1910 2577 beate
1924 2547 2029 2577 Marte
2041 2546 2205 2585 Virginis,
2218 2545 2308 2585 apud

1294 2603 1522 2637 Latiniacum‚
1554 2603 1688 2631 centum
1718 2602 1749 2631 et
1779 2600 1928 2639 quinque
1959 2599 2064 2630 libras
2090 2599 2199 2638 paris.
2233 2599 2307 2636 Qua

1293 2656 1461 2687 solutione
1480 2655 1565 2685 sacta
1586 2654 1736 2692 plenarie
1755 2653 1795 2682 <le
1813 2653 1914 2683 dietis
1934 2653 2094 2683 trecentis
2119 2654 2149 2683 et
2165 2652 2305 2692 quinde—

1292 2709 1357 2739 cim
1374 2708 1483 2744 libris,
1502 2707 1580 2738 dicti
1599 2708 1802 2737 mercatores
1817 2708 1884 2736 tam
1896 2708 2086 2744 presentem
2102 2705 2304 2736 seutentiam

1292 2771 1393 2801 quam
1417 2762 1505 2792 dicta
1525 2761 1748 2791 instrumenta
1768 2759 1876 2790 mutui
1895 2760 2003 2789 eidem
2026 2758 2139 2789 abbati
2162 2758 2214 2789 vel
2231 2758 2305 2797 ejus

1291 2815 1500 2854 procuratori
1527 2814 1705 2844 restituere
1726 2815 1915 2843 teneantur.
1936 2812 1987 2842 Ab
2002 2812 2078 2842 aliis
2094 2820 2172 2842 vero
2188 2811 2304 2850 damp-

1291 2868 1355 2904 nis.
1379 2867 1540 2906 expensis
1562 2869 1591 2896 et
1612 2867 1776 2896 interesse
1805 2865 1976 2896 universis
2002 2868 2032 2895 et
2059 2864 2216 2903 singulis,
2237 2872 2302 2902 que

1290 2921 1370 2951 dicti
1388 2922 1605 2955 mercatores,
1619 2928 1680 2949 5110
1699 2922 1727 2950 et
1747 2919 1916 2949 sociorum
1930 2926 2068 2948 suorum
2084 2917 2231 2951 nomine,
2245 2924 2302 2955 pe·
