2519 3262
245 263 286 293 30
953 259 1032 289 LES
1055 258 1300 289 REGISTRES
1322 258 1535 289 D’URBAIN
1558 258 1616 288 IV.

288 366 303 385 ((
328 355 468 385 Urbanus
490 356 658 394 episcopus,
679 364 780 383 servus
804 363 958 383 servorum
978 353 1043 389 Dei,
1062 353 1172 383 dilecto
1189 351 1255 392 silio

247 408 350 438 abbati
362 408 536 437 monasterii
552 417 574 436 s.
594 406 741 442 Pastoris,
761 406 969 437 cisterciensis
985 406 1112 441 ordinis,
1130 405 1256 435 Reatino

247 460 381 497 diocesis,
401 460 527 489 salutem
546 465 572 489 el
595 459 795 498 apostolicam
814 459 1060 489 benediccionem.
1081 458 1257 497 Significa-

248 516 325 544 runt
338 514 433 543 nobis
447 512 651 543 venerabilis
664 512 767 542 frater
783 514 896 542 noster
913 536 919 542 .
940 538 946 543 .
964 513 1143 551 episcopus
1161 513 1192 541 et
1208 511 1257 540 di-

248 566 323 596 lecti
334 566 396 596 filii
407 565 734 604 capitulumReatini
746 566 846 604 quod,
858 566 936 595 licet
945 565 999 604 pie
1012 564 1171 595 memorie
1179 564 1257 595 Gre-

247 620 364 657 gorius
378 628 475 657 papa,
496 618 714 656 predecessor
732 620 859 655 noster,
881 618 999 649 volens
1016 616 1255 655 tranquillitati

245 672 379 702 Reatini
407 671 557 710 episcopi
576 672 634 710 qui
654 673 744 701 esset
766 680 826 710 pro
846 673 1007 710 tempore,
1029 680 1066 700 ac
1085 671 1185 699 etiam
1204 678 1256 699 ca-

246 725 345 763 pituli
362 725 504 755 ecclesie
520 725 662 755 Reatine
678 726 800 755 extunc
820 725 854 754 in
874 726 1044 763 posterum
1067 723 1255 762 providere,

246 786 397 807 mensam
414 777 638 816 episcopalem
656 786 674 807 a
687 786 804 807 mensa
818 777 926 816 ipsius
944 776 1081 815 capituli
1095 775 1257 805 delibera—

244 830 335 860 tione
355 831 409 868 pia
426 832 459 861 et
476 831 616 869 provida
632 831 807 860 divisisset
826 839 862 859 ac
882 830 969 860 inter
983 830 1049 859 alia
1067 829 1255 859 ordinasset

245 885 281 913 ut
295 884 334 913 de
351 883 508 913 omnibus
523 883 620 913 bonis
635 883 776 913 ecclesie
794 883 947 919 Reatine,
967 892 1029 921 que
1043 884 1120 912 tunc
1134 891 1194 920 pro
1208 882 1257 912 in-

245 936 355 967 diviso
372 937 550 975 episcopus
568 938 599 966 et
615 937 800 975 capitulum
818 936 927 975 ipsius
950 935 1090 966 ecclesie
1107 935 1257 974 posside-

245 989 334 1024 bant,
366 990 545 1028 episcopus
572 989 759 1028 perciperet
789 991 946 1028 quartam
976 992 1116 1027 partem,
1145 988 1256 1019 tribus

244 1043 398 1082 partibus
417 1042 563 1081 capitulo
580 1042 774 1076 reservatis,
796 1051 833 1072 ac
850 1051 966 1073 meuse
986 1044 1017 1073 et
1037 1042 1124 1072 bona
1140 1042 1253 1080 hujus·

246 1095 335 1125 modi
363 1095 536 1126 stetissent
557 1095 614 1124 din
638 1095 678 1125 ab
699 1095 843 1125 invicem
865 1097 1032 1134 separata,
1056 1097 1256 1133 procurante

243 1150 367 1184 tamen,
387 1148 473 1178 sicut
485 1148 643 1185 creditur,
660 1149 805 1187 quodam
818 1149 929 1178 emulo
941 1149 1088 1179 civitatis
1102 1148 1254 1185 Reatine,

246 1201 390 1231 dilectus
410 1201 501 1231 filius
520 1202 681 1239 magister
696 1201 735 1231 de
752 1201 890 1236 Pennis,
908 1201 1054 1240 scriptor
1071 1203 1196 1238 noster,
1215 1202 1256 1231 ad

245 1254 421 1284 ecclesiam
435 1254 544 1292 ipsam
559 1263 594 1284 se
608 1254 835 1293 personaliter
850 1254 1026 1285 conferens
1040 1263 1076 1284 ac
1092 1255 1256 1285 reducens

245 1307 284 1337 de
300 1308 454 1338 mandato
469 1309 501 1338 et
517 1307 714 1338 auctoritate
730 1307 839 1337 Felicis
854 1308 1098 1338 recordationis
1109 1307 1255 1338 Alexan—

245 1360 295 1390 dri
314 1369 409 1398 pape,
428 1361 680 1399 predecessoris
706 1360 825 1396 nostri,
844 1360 932 1391 bona
953 1361 1102 1399 predicta
1125 1370 1189 1399 que
1207 1361 1255 1391 sic

245 1413 354 1443 divisa
379 1413 521 1448 fuerant,
544 1414 576 1443 ir.
603 1422 790 1450 commune,
818 1414 959 1452 prefatis
976 1414 1133 1452 episcopo
1151 1416 1183 1444 et
1205 1423 1256 1443 ca-

244 1466 364 1505 pitulo,
376 1476 417 1496 ex
432 1468 525 1505 parte
540 1467 791 1505 predecessoris
803 1467 924 1505 ipsius,
942 1467 1028 1497 inter
1045 1467 1254 1497 aliademan-

244 1518 334 1549 davit
351 1520 386 1548 ut
406 1520 565 1557 perpetuo
589 1519 691 1548 simul
708 1519 883 1549 comedere
900 1520 931 1549 et
948 1520 1141 1549 conversari
1158 1519 1255 1549 debe·

246 1575 330 1607 rent,
353 1572 385 1601 in
403 1571 667 1602 contradictores
680 1572 1039 1602 excommunit-,ationis
1052 1573 1255 1603 sententiam

244 1625 499 1663 promulgando.
518 1625 659 1663 Propter
675 1625 763 1664 quod
776 1625 892 1655 eodem
907 1625 1065 1664 episcopo
1083 1626 1124 1655 ad
1141 1626 1254 1656 sedem

244 1679 465 1717 apostolicam
489 1687 528 1708 ex
554 1678 665 1707 causis
684 1678 847 1717 legitimis
872 1679 1076 1717 appellante,
1093 1680 1164 1709 tam
1182 1679 1254 1718 ipse

245 1740 345 1770 quain
360 1732 439 1761 dicti
455 1731 640 1770 capitulum
656 1731 765 1769 primo
780 1731 820 1761 ad
832 1732 939 1770 ipsius
950 1732 1136 1762 Alexandri
1156 1741 1252 1771 pape,

245 1785 495 1824 predecessoris
513 1784 629 1821 nostri,
644 1786 677 1814 et
689 1785 904 1823 postmodum
922 1785 961 1815 ad
980 1788 1130 1815 nostram
1143 1786 1254 1824 provi-

245 1838 392 1868 dentiam
421 1840 646 1874 recurrerunt,
666 1837 841 1868 humiliter
861 1839 1093 1877 supplicantes
1112 1841 1158 1875 ut,
1179 1847 1253 1869 cum

244 1890 309 1929 ipsi
327 1900 386 1929 pro
399 1900 436 1921 eo
452 1891 540 1930 quod
554 1891 748 1921 mandatum
762 1891 955 1929 hujusmodi
968 1892 1105 1921 comode
1119 1901 1254 1923 servare

245 1952 309 1973 uon
337 1946 490 1982 possunt,
519 1944 711 1982 frequenter
730 1945 764 1973 iu
783 1944 966 1982 predictam
985 1945 1255 1974 excommunica·
1280 1961 1282 1969 ι

245 1997 348 2027 tionis
380 1998 580 2027 sententiam
606 1997 766 2033 incidant,
792 2007 827 2027 ac
845 2000 916 2027 tum
943 1999 1079 2036 propter
1103 1997 1164 2028 hoc
1181 2000 1253 2028 tum

245 2050 346 2079 etiam
366 2053 502 2088 propter
519 2050 790 2079 communionem
808 2050 999 2087 hujusmodi
1018 2059 1133 2080 mense
1150 2060 1254 2089 quan-

245 2103 353 2141 doque
371 2103 458 2133 inter
478 2111 535 2132 cos
551 2112 651 2141 grave
671 2103 866 2133 scandalum
882 2103 925 2133 sit
947 2105 1100 2133 exortum
1119 2112 1154 2133 ac
1172 2104 1254 2133 oriri

244 2156 380 2194 gravius
407 2157 558 2192 timeant,
590 2165 654 2185 uon
684 2158 754 2185 sine
783 2156 932 2194 periculo
956 2157 1158 2192 animarum,
1179 2157 1254 2187 sub-

245 2209 359 2239 venire
377 2209 410 2238 in
428 2209 487 2239 hac
503 2211 596 2247 parte
614 2209 679 2238 sibi
694 2210 734 2239 de
747 2209 873 2239 salubri
887 2209 1035 2239 remedio
1046 2218 1252 2239 curaremus

245 2263 314 2293 Nos
330 2263 455 2301 itaque,
471 2262 697 2300 predictorum
714 2262 863 2301 episcopi
881 2264 912 2292 et
930 2262 1068 2301 capituli
1086 2263 1253 2301 supplica-

244 2316 395 2346 tionibus
429 2317 627 2349 annuentes.
660 2315 857 2345 discretioni
894 2318 948 2345 tue
984 2324 1042 2354 per
1069 2316 1255 2354 apostolica

246 2369 371 2407 scripta
393 2369 593 2399 mandamus
620 2370 798 2407 quatenus,
825 2368 853 2397 si
875 2368 937 2398 tibi
958 2369 1149 2399 constiterit
1166 2369 1253 2407 quod
1280 2395 1281 2398 ,

246 2423 412 2452 ordinatio
438 2421 623 2460 supradicti
654 2421 821 2459 Gregorii,
850 2421 1102 2460 predecessoris
1134 2423 1252 2458 nostri,

247 2484 347 2514 snper
361 2475 528 2505 divisione
545 2475 739 2513 hujusmodi
755 2475 844 2505 edita
858 2475 901 2504 sit
917 2475 958 2504 ad
971 2475 1254 2513 tranquillitatem

246 2530 278 2558 et
296 2537 409 2566 pacem
427 2528 575 2566 episcopi
600 2529 631 2558 et
652 2527 790 2565 capituli
805 2527 1043 2565 predictorum,
1065 2536 1101 2557 ac
1119 2528 1254 2557 manda-

247 2583 316 2612 tuin
334 2581 511 2619 scriptoris
530 2581 638 2620 ipsius
650 2581 683 2610 in
696 2580 912 2618 dispendium
927 2582 958 2611 et
973 2581 1170 2611 scandalum
1185 2590 1255 2611 ver-

246 2636 301 2673 gat
319 2635 482 2672 ipsorum,
505 2642 562 2664 eos
585 2635 617 2663 et
635 2642 787 2664 mensam
806 2633 947 2664 eandem
967 2634 1006 2663 ad
1023 2635 1148 2664 statum
1170 2634 1255 2673 pris-

246 2687 365 2721 tinum,
390 2687 487 2725 juxta
510 2687 757 2716 ordinationem
784 2687 893 2724 ipsam
914 2687 1113 2717 auctoritate
1139 2689 1254 2717 nostra

246 2740 421 2776 reducens,
437 2739 629 2778 hujusmodi
648 2740 843 2769 mandatum
861 2741 893 2770 ct
909 2739 1110 2769 sententiani
1132 2740 1253 2778 prelati

247 2793 424 2831 scriptoris
445 2801 581 2822 revoces
598 2794 629 2822 et
648 2792 781 2822 relaxes
804 2793 850 2822 ita
866 2792 955 2831 quod
971 2792 1051 2822 dicti
1069 2793 1250 2832 episcopus

246 2847 278 2876 et
294 2845 478 2884 capitulum
495 2854 531 2875 ac
548 2853 762 2875 successores
785 2854 901 2876 eorum
918 2845 959 2875 ad
981 2844 1252 2876 observationem

247 2898 411 2928 dictorum
424 2898 571 2928 mandati
583 2900 614 2928 et
625 2898 789 2929 sententie
800 2898 940 2929 minime
949 2899 1137 2929 teneantur.
1149 2899 1252 2929 Volu-

246 2960 322 2981 mus
336 2953 447 2981 tameu
463 2951 551 2990 quod
564 2951 667 2981 iidem
684 2951 880 2990 capitulum,
895 2951 992 2990 juxta
1005 2951 1250 2982 ordinationem

1314 352 1423 390 ipsam
1436 352 1620 391 supradicti
1636 352 1802 391 Gregorii,
1820 352 2072 391 predecessoris
2084 353 2203 388 nostri,
2222 353 2325 383 simul

1313 405 1488 435 comedant
1503 414 1539 434 ac
1560 405 1648 434 idern
1664 405 1892 444 episcopusin
1903 405 2098 443 hujusmodi
2109 413 2226 435 mensa
2238 415 2326 436 com—

1313 458 1406 488 muni
1420 458 1601 497 aliquando
1615 467 1655 487 ex
1673 458 1815 496 quadarn
1834 457 1987 488 comedat
1997 457 2183 488 honestate.
2200 459 2325 488 Datum

1313 510 1470 546 Viterbii,
1503 521 1519 539 v
1547 510 1710 540 kalendas
1737 510 1944 544 novembris,
1971 510 2188 549 pontificatus
2216 511 2323 541 nostri

1313 572 1398 594 anno
1415 564 1536 602 primo.
1558 564 1590 592 »¹
1612 562 1740 600 (Bulle.)

1795 720 1920 752 vitei-be,
1941 721 1972 747 21
1995 720 2150 747 novembre
2171 721 2248 747 1201.

1403 723 1500 753 2874

1348 805 1546 840 Indulgentiae
1574 806 1768 832 conceduntur
1798 804 1931 831 omnibus
1963 804 2106 838 capellam
2139 804 2324 831 visitantibus

1312 863 1399 889 quam
1416 863 1465 881 rex
1482 855 1656 882 Francorum
1673 854 1701 881 in
1715 854 1848 880 domibus
1865 853 1953 888 regiis
1969 854 2003 880 dc
2020 853 2163 885 corbolio,
2180 853 2327 880 Parisien-

1312 904 1352 931 sis
1371 903 1493 931 diocesis
1512 904 1657 930 aedificari
1671 903 1769 939 jussit.
1786 904 1884 937 (Aaou.
1903 911 1970 929 NAT.
1989 910 2004 929 L
2021 903 2084 934 254,
2103 907 2134 928 n⁰
2156 903 2193 934 l.)

1353 1001 1367 1020 «
1395 991 1535 1021 Urbanus
1554 992 1722 1031 episcopus,
1742 1001 1844 1021 servus
1860 1001 2014 1021 serrorum
2032 991 2099 1027 Dei,
2118 991 2273 1020 carissimo
2291 991 2327 1020 in

1313 1044 1434 1073 Christo
1449 1043 1515 1083 silio
1529 1067 1535 1073 .
1551 1068 1556 1074 .
1572 1045 1637 1084 reqi
1651 1044 1780 1074 Francie
1796 1044 1921 1081 illustri,
1939 1044 2065 1074 salutem
2081 1051 2109 1073 et
2125 1043 2327 1084 apostolicam

1313 1097 1557 1127 benedictionem.
1588 1098 1681 1128 Licet
1700 1099 1730 1128 is
1753 1098 1793 1128 de
1819 1099 1914 1137 cujus
1929 1116 1977 1126 —.
1998 1098 2082 1128 Cum
2102 1098 2216 1137 igitur,
2238 1097 2327 1128 sicut

1313 1159 1354 1181 ex
1370 1153 1465 1189 parte
1482 1152 1539 1180 tua
1558 1151 1621 1181 suit
1636 1152 1849 1190 propositum
1862 1160 1973 1181 coram
1987 1151 2096 1187 nobis,
2116 1151 2149 1181 in
2167 1151 2325 1181 domibus

1312 1203 1416 1242 regiis
1427 1204 1467 1233 de
1482 1203 1652 1241 Corbolio‚
1670 1205 1878 1234 Parisiensis
1894 1205 2051 1240 diocesis,
2065 1204 2230 1243 capellam
2246 1204 2326 1234 miri

1312 1256 1424 1294 operis
1442 1256 1662 1295 [sumptibus]
1679 1258 1827 1296 propriis
1846 1257 2041 1287 fundaveris
2059 1259 2090 1287 et
2113 1258 2255 1293 dotaris,
2275 1257 2325 1296 ip-

1312 1318 1452 1348 samque
1477 1318 1648 1349 proponas
1667 1310 1701 1340 in
1720 1310 1875 1349 proximo
1897 1310 2005 1341 facere
2025 1311 2225 1346 consecrari,
2250 1318 2325 1347 nos,

1312 1363 1486 1401 cupientes
1514 1365 1550 1393 ut
1580 1363 1697 1393 eadem
1717 1363 1846 1401 capella
1869 1363 2027 1402 congruis
2049 1363 2234 1393 honoribus
2263 1363 2325 1394 fre-

1312 1418 1503 1454 quentetur,
1523 1416 1682 1446 omnibus
1697 1424 1775 1446 vere
1793 1416 2024 1454 penitentibus
2036 1418 2067 1446 et
2083 1416 2249 1446 confessis
2267 1416 2326 1455 qui

1312 1469 1354 1499 ad
1371 1469 1535 1508 capellam
1555 1470 1662 1508 ipsam
1687 1469 1721 1499 in
1743 1469 1797 1498 die
1813 1478 1878 1508 quo
1896 1469 2107 1499 dedicabitur
2124 1472 2156 1499 et
2170 1478 2229 1508 per
2251 1471 2326 1500 octo

1313 1522 1366 1552 die
1385 1523 1454 1561 (sic)
1474 1523 1668 1552 immediate
1688 1524 1868 1561 sequentes
1886 1523 2004 1553 devote
2023 1523 2239 1559 accesserint,
2256 1525 2326 1553 tres

1313 1585 1419 1606 annos
1437 1577 1469 1606 et
1490 1577 1558 1606 tres
1577 1577 1822 1615 quadragenas,
1843 1575 2080 1606 accedentibus
2101 1584 2180 1605 vero
2201 1584 2326 1606 annua-

1312 1629 1373 1659 tim
1386 1629 1427 1659 ad
1441 1629 1582 1659 eandem
1600 1629 1633 1658 in
1647 1629 1880 1659 anniversario
1898 1629 1951 1659 die
1964 1629 2188 1659 dedicationis
2201 1629 2324 1668 ipsius,

1312 1691 1417 1712 unum
1438 1691 1575 1718 annum,
1591 1682 1750 1712 euntibus
1764 1684 1876 1713 autem
1893 1682 1975 1712 illuc
1985 1682 2073 1712 infra
2084 1683 2158 1712 octo
2168 1682 2241 1712 dies
2250 1683 2327 1721 post

1313 1736 1423 1774 ipsum
1438 1736 1707 1766 anniversarium
1721 1736 1811 1766 diem
1825 1736 1983 1774 proximo
1994 1737 2175 1774 sequentes
2191 1737 2325 1765 centum

1312 1789 1386 1819 dies
1410 1789 1450 1818 de
1478 1789 1720 1827 omnipotentis
1746 1789 1809 1819 Dei
1835 1789 2070 1819 misericordia
2092 1790 2124 1818 et
2148 1788 2326 1819 beatorum

1313 1842 1404 1872 Petri
1434 1843 1465 1872 et
1492 1842 1590 1872 Pauli
1617 1842 1847 1881 apostolorum
1872 1842 1945 1881 ejus
1968 1842 2168 1872 auctoritate
2193 1841 2324 1878 confisi,

1313 1896 1352 1925 de
1366 1896 1525 1934 injunctis
1543 1895 1607 1925 sibi
1624 1896 1821 1934 penitentiis
1839 1895 2106 1926 misericorditer
2118 1895 2322 1926 relaxamus.

1312 1949 1435 1979 Datum
1460 1948 1618 1985 Yiterbii,
1644 1958 1674 1979 xi
1699 1949 1862 1979 kalendas
1887 1948 2088 1985 decembris,
2108 1948 2325 1987 pontificatus

1313 2003 1419 2031 nostri
1441 2011 1528 2032 anno
1546 2003 1666 2041 primo.
1688 2012 1703 2031 n

1800 2157 1925 2189 Viterbe,
1945 2158 1978 2184 20
1995 2157 2151 2184 novembre
2173 2158 2251 2184 1201.

1402 2160 1502 2190 2875

1347 2242 1517 2277 'templariis
1531 2243 1657 2276 indulget
1677 2245 1707 2269 ut
1723 2243 1784 2269 siue
1801 2242 2029 2269 contradictione
2047 2242 2174 2276 episcopi
2190 2249 2324 2276 praesen-

1312 2294 1371 2317 tare
1386 2292 1497 2318 valeant
1512 2291 1632 2318 clericos
1647 2291 1694 2325 qui
1709 2291 1839 2318 ecclesiis
1851 2293 1887 2318 ad
1903 2291 2031 2325 ipsorum
2044 2290 2181 2317 militiam
2194 2292 2325 2325 spectan-

1312 2341 1386 2367 tibus
1398 2340 1566 2371 inserviant,
1579 2341 1735 2367 dummodo
1749 2340 1930 2374 hospitalitas
1943 2340 2112 2366 observetur
2125 2343 2151 2367 et
2165 2341 2200 2366 de
2210 2339 2324 2375 juribus

1311 2389 1521 2423 episcopalibus
1535 2389 1695 2416 diocesanis
1715 2389 1858 2423 episcopis
1874 2389 1985 2424 integre
2001 2388 2133 2416 satisfiat.
2152 2390 2251 2423 (Aaou.
2271 2395 2321 2415 oss

1312 2438 1624 2468 somniasti-Rima,
1642 2438 1723 2464 fonds
1742 2438 1779 2464 du
1798 2437 1930 2472 Temple,
1948 2437 2035 2465 liasse
2050 2439 2092 2470 o.)

1352 2539 1367 2557 u
1389 2527 1528 2557 Urbanus
1541 2528 1712 2568 episcopus,
1727 2538 1828 2557 servus
1839 2537 1992 2557 servorum
2003 2527 2070 2563 Dei,
2086 2526 2202 2556 dilectis
2211 2526 2299 2567 filiis.
2314 2549 2322 2556 .

1312 2582 1456 2620 mayistro
1476 2587 1503 2610 et
1520 2581 1670 2620 fratribus
1685 2581 1789 2610 domus
1803 2581 1916 2611 Militie
1938 2581 2054 2620 Templi
2069 2579 2322 2615 „ierosolimitana

1311 2635 1437 2664 salutem
1469 2640 1496 2664 et
1525 2635 1719 2674 apostolicam
1745 2634 1991 2664 benedictionem.
2009 2635 2119 2664 Justis
2134 2634 2323 2673 petentium

1312 2687 1492 2717 desideriis
1510 2705 1556 2716 —.
1584 2688 1634 2718 Ex
1653 2689 1748 2726 parte
1769 2687 1938 2726 siquidem
1958 2689 2071 2717 vestra
2090 2687 2152 2717 suit
2168 2686 2323 2726 proposi-

1310 2742 1382 2771 tum
1408 2748 1519 2770 coram
1539 2739 1638 2770 nobis
1656 2740 1756 2778 quod,
1777 2748 1852 2770 cum
1872 2748 1933 2770 vos
1959 2740 2001 2770 ad
2023 2739 2185 2770 ecclesias
2201 2739 2242 2770 ad
2261 2747 2322 2770 vos

1342 2841 1364 2863 1.
1384 2840 1462 2863 Cotto
1474 2838 1550 2862 bullt¹
1563 2841 1603 2863 est
1617 2839 1824 2869 acconipagnce
1834 2838 1866 2862 de
1884 2838 1911 2862 la
1927 2838 2010 2863 lettre
2024 2845 2076 2869 par
2088 2837 2212 2869 laquelle
2227 2837 2321 2862 l'abbe

1309 2879 1342 2904 de
1356 2879 1382 2903 S.
1397 2878 1500 2903 Pastor
1516 2879 1584 2902 rend
1597 2881 1706 2909 compte
1721 2878 1754 2902 de
1771 2885 1803 2902 sa
1817 2878 1946 2902 mission-

1341 2920 1419 2944 Cette
1436 2918 1513 2942 bullo
1532 2925 1560 2942 se
1578 2921 1678 2942 trouve
1694 2918 1773 2942 aussi
1789 2918 1861 2942 dans
1876 2918 1917 2942 les
1934 2918 2146 2943 Constitutions
2163 2918 2200 2942 du
2215 2917 2318 2949 Chapi-

1309 2962 1360 2986 tre,
1380 2958 1551 2983 conscrvees
1568 2966 1623 2983 aux
1637 2959 1742 2983 menies
1756 2958 1898 2984 archtves,
