2519 3262
988 277 1226 316 TROISOEME
1259 278 1422 315 ANNEE.
2230 291 2246 318 7

166 375 236 404 tum
256 372 365 402 filium
386 373 539 401 nostruin
556 372 609 405 G.‚
629 370 736 400 sancti
754 370 889 408 Georgii
909 370 949 399 ad
971 369 1090 399 Velum
1112 370 1179 398 Au-

165 434 261 456 reum
295 425 474 455 diaconum
506 423 728 457 cardinalem,
763 423 976 452 dedissemus
1009 423 1042 451 in
1078 430 1178 451 causa

165 478 361 518 hujusmodi
374 477 574 513 auditorem,
590 477 700 507 dictus
712 478 823 506 tamen
837 476 998 514 magister
1010 475 1178 506 Robertus

1239 368 1346 398 libera
1372 369 1481 407 ipsius
1507 369 1634 407 capelle
1661 369 1886 407 resignatione
1914 373 2056 408 recepta.
2085 373 2246 409 capellam

1241 421 1347 459 ipsam
1367 431 1441 451 cum
1462 422 1534 451 suis
1552 422 1778 460 pertinentiis,
1798 425 1954 460 prezente
1970 425 2001 453 vt
2020 426 2247 455 ‹1⁴⁴›11seliti··lltc

1208 481 1210 495 2
1240 475 1352 512 priore
1370 475 1449 504 dicti
1470 474 1678 508 monasterii,
1697 475 1782 504 dicte
1805 475 1930 513 capelle
1954 478 2103 513 rattruut»,
2125 476 2248 506 Jacob«)

166 541 277 562 coram
297 540 335 561 eo
361 539 554 569 comparere
569 529 812 560 contumaciter
832 538 896 558 non
916 528 1056 564 curavit,
1076 537 1179 566 quan-
1208 519 1210 552 ἶ

1208 575 1210 578 ⁴
1240 588 1382 618 sumque
1410 581 1449 609 dc
1473 581 1545 618 ipsa
1566 589 1623 618 per
1647 589 1745 609 suum
1771 580 1909 609 anulum
1935 581 2183 618 presentialiter
2203 583 2249 611 in-

166 594 267 624 quam
298 585 331 614 in
357 583 529 614 audientia
548 582 683 621 publica
703 582 832 621 pluries
858 582 981 611 citatus
1008 581 1127 611 fuisset
1148 582 1177 611 et

166 641 329 677 quantum
346 638 473 676 dejure
490 636 602 672 fuerit,
619 637 693 674 post
708 635 851 665 eundem
865 635 1047 665 terminum
1064 643 1179 673 expec-

164 693 267 721 tatus.
299 691 402 721 Porro
421 689 565 719 dilectus
585 688 675 718 tilius
698 688 859 726 magister
877 687 1048 717 -Johannes
1072 688 1178 725 Yspa-

165 753 240 779 nus,
269 743 465 782 capellanus
491 741 675 771 cardinalis
699 740 862 779 ejusdem,
894 740 946 770 cni
972 749 1074 770 causa
1106 740 1177 778 ipsa

166 797 229 827 fuit
247 796 437 835 ajamdicto
452 794 616 824 cardinali
629 794 824 829 commissa,
838 793 876 823 de
888 794 1027 831 speciali
1043 794 1179 823 licentia
1209 786 1210 824 J

166 851 197 880 et
228 849 384 879 mandato
414 847 578 886 ejusdem,
610 846 812 886 prelibatam
845 855 982 876 causam
1016 855 1091 877 esse
1120 856 1179 885 per

164 902 358 941 hujusmodi
386 901 624 931 remissionem
652 900 693 929 ad
712 900 826 930 sedem
853 900 1075 937 apostolicam
1098 900 1178 939 legi-

163 955 244 986 time
270 954 476 989 devolutam,
501 953 695 991 dictumque
722 953 923 990 magistrum
946 953 984 983 H.
1008 955 1181 982 contuma-

163 1017 235 1038 cem
271 1008 341 1038 fore
374 1007 618 1046 pronuntiavit,
650 1006 786 1044 justitia
817 1006 990 1035 suadente.
1027 1008 1179 1044 Curiique

162 1061 390 1100 postmodum,
424 1059 587 1089 cardinali
614 1059 744 1097 pretato
770 1067 805 1088 se
832 1058 872 1088 ab
898 1059 1016 1088 eadem
1040 1059 1117 1088 sede
1138 1060 1179 1089 ad

163 1117 275 1153 partes
299 1114 385 1143 alias
403 1112 638 1148 transferente,
661 1120 722 1142 nos
747 1112 777 1141 ei
804 1112 964 1142 dilectum
984 1112 1091 1142 tilium
1109 1122 1176 1142 ma-
1209 1134 1210 1140 ,

163 1167 308 1206 gistrum
319 1167 523 1200 Navarrum,
538 1165 751 1204 capellanum
767 1168 919 1195 nostrum
932 1174 1178 1204 causarumque
1208 1205 1210 1215 A

162 1220 281 1258 palatii
301 1220 407 1250 nostri
421 1219 614 1258 generalem
631 1218 832 1252 auditorem,
846 1219 879 1248 in
893 1218 1051 1248 omnibus
1066 1219 1178 1248 causis

163 1281 181 1302 a
198 1272 296 1302 nobis
315 1272 479 1302 cardinali
498 1271 692 1302 commissis
707 1271 827 1307 eidem,
845 1271 1044 1301 duxerimus
1062 1271 1178 1301 subro-
1208 1286 1209 1310 ;

162 1326 320 1365 gandum,
344 1325 434 1355 idem
458 1325 653 1363 capellanus
673 1327 797 1361 noster,
815 1325 994 1363 premissis
1012 1325 1177 1355 citationi-

161 1378 226 1408 bus
241 1379 275 1408 in
293 1379 443 1417 predicta
460 1378 642 1414 audientia,
660 1380 695 1408 ut
714 1379 765 1408 est
783 1378 901 1414 moris,
917 1381 947 1408 et.
967 1387 985 1408 a
1002 1380 1043 1413 te,
1062 1387 1178 1408 secun-

162 1432 242 1462 dum
276 1432 482 1470 exigentiam
515 1431 651 1470 negotii,
688 1431 880 1469 juramento
913 1434 1057 1470 recepto,
1093 1432 1178 1461 visis

1239 527 1279 556 de
1305 527 1447 563 Divona,
1473 527 1605 561 clerico,
1636 527 1836 557 auctoritate
1863 528 2011 566 predicta
2036 529 2175 559 contulit
2205 530 2247 568 ip-

1239 633 1386 668 vestivit,
1424 633 1558 662 irritum
1591 635 1621 662 et
1654 634 1750 662 inan«¹
1782 633 1966 663 decernens
1997 634 2109 672 siquid
2135 638 2248 665 contm

1208 679 1210 720 ἶ
1239 686 1455 715 collationem
1484 688 1514 716 et
1544 686 1780 716 investituram
1808 686 2001 725 lnijusmsali
2032 697 2048 716 a
2080 697 2248 726 quoqnxnn

162 1493 296 1523 quoque
314 1484 571 1523 probationibus
592 1486 623 1515 et
644 1484 777 1523 juribus
802 1484 882 1518 tuis,
906 1484 1022 1523 eisque
1042 1485 1177 1522 plenius
1207 1511 1209 1526 ί

161 1538 345 1568 intellectis
361 1540 392 1568 et
408 1538 612 1568 examinatis
630 1538 821 1576 diligenter,
834 1537 1020 1575 peritorum
1035 1538 1177 1567 consilio

163 1593 193 1621 et
220 1599 334 1621 secum
354 1583 453 1629 plena
478 1591 721 1620 deliberatione
742 1590 868 1620 habitis
892 1599 928 1619 ac
950 1590 1038 1627 juris
1062 1591 1176 1621 ordine

163 1643 353 1679 observato,
374 1646 405 1674 te
428 1652 507 1673 vero
530 1645 686 1682 presente
707 1653 744 1673 ac
769 1652 828 1682 pro
851 1643 992 1673 adversa
1010 1646 1104 1681 parte
1122 1652 1176 1673 ne-

1240 739 1416 775 contigcrit
1441 739 1645 777 attemptari,
1677 739 1853 777 dictusque
1880 739 2038 769 dominns
2060 741 2250 770 Alemanni·

1240 791 1329 829 quod
1347 791 1387 821 ab
1411 792 1527 822 eodem
1549 792 1713 821 cardinali
1732 801 1791 830 pro
1812 793 1961 830 predicto
1980 793 2104 823 Jacobo
2127 794 2249 823 sactum

1242 844 1367 880 fuerat,
1404 847 1513 874 ratum
1545 845 1672 875 habens
1704 845 1804 883 idque
1836 845 2021 883 apositdica
2052 847 2250 876 anctoritate

1241 898 1455 931 confirmans,
1487 898 1632 928 discreto
1659 899 1731 928 viro
1760 923 1789 928 ..
1821 899 2056 928 Cantuariensi
2087 900 2250 929 archidia<

1240 959 1334 985 cono,
1364 951 1435 981 suis
1465 951 1554 981 dedit
1587 951 1710 982 litteris
1741 952 1774 981 in
1805 952 1986 987 mandatis,
2019 955 2053 981 ut
2085 954 2250 990 prelatum

1238 1004 1402 1034 ‚Jacobum
1428 1004 1480 1033 vel
1504 1006 1758 1043 procuratorem
1781 1004 1902 1042 ipsius,
1928 1005 2000 1043 ejus
2027 1006 2172 1037 nomine,
2193 1015 2251 1044 per

1209 1070 1210 1083 ι
1240 1066 1275 1086 se
1299 1057 1350 1087 vel
1371 1066 1431 1095 per
1449 1057 1553 1087 alium
1580 1058 1613 1087 in
1637 1058 1743 1096 ipsius
1767 1057 1908 1087 ecclesie
1930 1059 2181 1096 possessmnem
2204 1060 2250 1088 in-

1240 1110 1375 1141 duceret
1399 1113 1429 1140 et
1458 1112 1608 1141 tueretur
1639 1111 1825 1146 inductum,
1857 1111 2037 1149 ipsumque
2066 1112 2187 1142 faceret
2219 1113 2251 1142 in

1240 1163 1334 1193 illius
1355 1166 1518 1194 rectorem
1538 1164 1683 1199 admitti,
1711 1166 1822 1194 amoto
1847 1163 1887 1193 ab
1906 1174 1944 1194 ea
1963 1165 2113 1203 quolibet
2134 1165 2252 1195 illicito

1239 1217 1423 1253 detentore,
1455 1218 1730 1253 contradictores,
1761 1220 1836 1253 etc,
1865 1226 1971 1256 usqne
1998 1219 2250 1256 compescendo,

1239 1272 1336 1308 prout
1355 1270 1388 1300 in
1406 1270 1603 1308 apostolicis
1623 1271 1653 1300 et
1671 1270 1751 1300 dicti
1774 1271 1955 1300 cardinalis
1976 1271 2100 1301 litteris
2117 1272 2251 1309 plenius

1239 1323 1439 1353 continetur.
1460 1323 1579 1353 Dictus
1596 1326 1707 1353 autem
1726 1323 1982 1353 archidiaconus
1996 1326 2249 1362 procuratorem

1238 1377 1318 1407 dicti
1336 1376 1547 1415 Jacobi,ejus
1564 1377 1709 1412 nomine,
1723 1377 1756 1406 in
1775 1377 1983 1415 corporalem
1999 1377 2108 1415 ipsius
2122 1378 2249 1416 capelle

1240 1430 1317 1460 t'ecit
1336 1430 1589 1468 possessionem
1619 1430 1730 1459 induci
1756 1432 1786 1459 et
1812 1430 1843 1459 in
1863 1431 2128 1460 contradicttnes
2154 1435 2184 1461 et
2203 1440 2250 1461 re-

1239 1482 1345 1513 belles
1364 1483 1398 1513 in
1417 1483 1552 1521 scriptis
1571 1483 1933 1513 excommunicationis
1958 1484 2158 1513 sententiam
2177 1493 2250 1522 pro-

1239 1536 1394 1575 mulgari.
1410 1537 1631 1566 Postmodum
1642 1536 1804 1574 magister
1816 1536 1985 1567 Robertus
1999 1537 2038 1566 de
2052 1538 2246 1576 Hastinges,

1238 1589 1429 1623 canonicus,
1443 1591 1521 1619 tunc
1531 1589 1687 1619 ot'ticialis
1701 1589 1936 1625 cicestrensis,
1948 1590 2070 1620 dictam
2083 1591 2247 1628 capellam

1206 1637 1207 1641 ¹
1238 1651 1312 1671 cum
1329 1642 1401 1679 ejus
1414 1642 1627 1680 pertinentiis
1639 1643 1824 1680 occupavit,
1842 1643 1945 1681 sejus
1957 1643 2077 1673 habere
2091 1652 2247 1673 asserens

163 1697 253 1726 mine
272 1698 497 1734 comparente,
519 1696 737 1726 diffinitivam
754 1705 814 1734 pro
834 1698 864 1726 te
880 1697 1083 1726 sententiam
1103 1705 1177 1735 pro·
1206 1708 1207 1712 ¹

162 1749 336 1788 mnlgavit.
356 1749 420 1784 Qui
435 1749 537 1779 etiam
556 1749 616 1779 tibi
632 1749 819 1788 predictum
835 1750 1035 1787 magistrum
1053 1749 1177 1780 liober—

160 1803 234 1832 tum
263 1803 296 1832 in
328 1802 493 1832 fructibus
520 1811 605 1841 quos
639 1802 750 1832 medio
781 1805 930 1840 tempore
958 1803 1108 1841 percepit
1136 1803 1176 1833 de

160 1856 290 1894 prefata
308 1855 435 1893 capella
455 1857 486 1885 et
504 1855 561 1894 qui
586 1855 714 1894 percipi
734 1858 925 1894 potuerunt,
947 1865 984 1885 ac
1001 1856 1034 1885 in
1056 1865 1177 1894 expen-

161 1908 220 1943 sis,
253 1917 338 1946 quas
363 1909 397 1938 in
422 1908 481 1938 lite
508 1908 629 1944 fecisti,
661 1908 911 1947 condempnans
943 1911 1020 1939 tunc
1046 1908 1176 1939 tructus

159 1961 254 2000 ipsos
267 1961 301 1990 in
316 1962 406 1991 certa
420 1961 561 1999 pecunie
574 1970 717 1997 summa,
733 1963 764 1991 et
778 1962 995 1999 postmodum
1009 1970 1176 2000 expensas

159 2014 308 2049 easdem,
321 2023 464 2053 quarum
482 2014 691 2044 taxationem
707 2013 772 2044 sibi
791 2017 1035 2051 reservaverat,
1049 2015 1081 2044 in
1098 2024 1176 2053 qua-

159 2068 237 2097 dam
256 2067 322 2097 alia
342 2067 483 2106 pecunie
506 2067 704 2106 quantitate,
728 2068 869 2106 prestito
887 2077 905 2097 a
923 2070 953 2098 te
968 2068 1173 2106 juramento,

158 2121 300 2156 taxavit,
313 2120 858 2160 proutinpublicisinstrumentis
867 2121 1028 2151 confectis
1040 2121 1174 2157 exinde,

160 2174 303 2204 munitis
319 2173 432 2212 sigillo
452 2174 620 2212 capellani
635 2173 799 2213 ejusdem,
819 2174 954 2213 plenius
972 2175 1173 2205 continetur.

156 2227 228 2257 Nos
240 2227 366 2265 itaque,
377 2227 447 2257 tuis
458 2226 766 2266 supplicationibus
777 2227 943 2264 inclinati,
956 2228 1174 2262 sententiam,

158 2280 496 2319 condempnationem
511 2282 543 2310 et
560 2280 770 2311 taxationem
784 2281 990 2319 hujusmodl,
1012 2281 1099 2311 sicut
1116 2289 1176 2320 per

158 2333 286 2363 dictum
305 2333 519 2372 capellanum
543 2336 699 2364 nostrum
722 2335 861 2373 provide
884 2335 950 2364 late
976 2337 1066 2371 sunt,
1084 2336 1175 2364 ratas

159 2388 191 2416 et
219 2388 334 2416 firmas
357 2386 531 2422 habentes,
554 2396 612 2417 eas
630 2388 829 2418 auctoritate
852 2388 1037 2426 apostolica
1057 2388 1175 2418 contir-

160 2448 294 2470 mamus
317 2441 349 2470 et
368 2440 538 2478 presentis
558 2441 675 2479 scripti
698 2441 886 2480 patrocinio
911 2441 1172 2471 communimus.

201 2493 351 2523 Tenores
377 2495 489 2524 autem
516 2494 822 2525 instrumentorum
841 2495 994 2533 ipsorum
1013 2495 1053 2525 de
1073 2494 1174 2525 verbo

161 2547 201 2576 ad
229 2546 370 2577 verbum
402 2547 618 2585 presentibus
643 2548 787 2578 fecimus
812 2548 980 2583 annotari,
1004 2548 1061 2586 qui
1089 2548 1174 2578 tales

164 2601 262 2630 sunt:

201 2662 216 2682 α
247 2653 285 2682 In
310 2653 446 2683 nomine
474 2653 611 2683 Domini
640 2662 747 2684 amen.
779 2654 870 2685 Olim
901 2654 986 2685 bone
1014 2656 1175 2685 memorie

161 2705 319 2736 dominus
335 2705 444 2743 Hugo,
464 2705 554 2736 tituli
572 2708 685 2737 sancte
702 2707 823 2737 sabine
839 2707 1008 2746 presbiter
1025 2708 1175 2738 cardina-

158 2757 215 2794 lis,
232 2758 431 2788 auctoritate
450 2758 559 2788 felicis
576 2759 821 2790 recordationis
838 2761 967 2791 domini
988 2761 1174 2791 Alexandri

159 2819 245 2850 pape
264 2811 343 2845 ΗΠ,
368 2811 408 2841 de
434 2812 544 2850 ipsius
566 2813 695 2842 domini
716 2822 802 2852 pape
822 2814 962 2852 speciali
981 2815 1139 2844 mandato
1157 2824 1174 2844 a

160 2866 378 2902 procuratore
391 2865 483 2895 Petri
503 2865 542 2895 de
562 2866 867 2905 Fucigniaco,tunc
886 2867 1027 2897 rectoris
1046 2866 1173 2906 capelle

1238 1696 1271 1725 in
1286 1696 1402 1725 eadem
1420 1696 1608 1733 ipsamque,
1627 1696 1660 1725 in
1677 1695 1757 1725 dicti
1777 1695 1893 1725 Jacobi
1912 1696 2147 1734 preju‹jlicium‚
2166 1697 2249 1727 deti-

1238 1757 1320 1778 nens
1335 1750 1542 1786 occupatam,
1556 1757 1667 1777 coram
1680 1748 1915 1778 commissario
1928 1749 2007 1778 dicti
2020 1749 2246 1779 archidiaconi

1239 1802 1271 1831 in
1286 1801 1453 1840 judicium
1477 1803 1648 1835 evocatus,
1673 1802 1837 1839 quasdam
1856 1805 1970 1831 contra
1990 1803 2176 1840 prtalictum
2192 1803 2247 1832 Ja-

1238 1854 1357 1884 cobum
1372 1855 1587 1892 exceptiones
1602 1855 1788 1892 proposuit,
1809 1863 1892 1893 quas
1905 1855 1992 1884 dicto
2011 1855 2246 1886 commissario

1238 1908 1415 1938 admittere
1445 1908 1639 1946 denegante,
1667 1907 1798 1946 abipso
1824 1908 1864 1937 ad
1890 1908 2004 1937 sedem
2027 1908 2247 1946 apostolicam

1237 1961 1431 1999 appellavit.
1462 1960 1616 1991 Obtentis
1643 1961 1779 1990 tandem
1811 1960 1851 1989 ab
1875 1961 1991 1990 eodem
2020 1961 2180 2000 magistro
2207 1962 2249 1991 ad

1237 2015 1435 2053 religiosum
1459 2014 1569 2043 virum
1590 2037 1596 2042 .
1615 2037 1620 2042 .
1642 2013 1797 2043 abbatem
1815 2013 1854 2043 de
1874 2014 2051 2051 Beghame,
2070 2015 2249 2044 Premons-

1237 2069 1399 2098 tratensis
1424 2068 1565 2102 ordinis,
1592 2067 1817 2097 Cicestrensis
1836 2067 1993 2103 diocesis,
2015 2076 2116 2105 super
2135 2068 2248 2106 appel-

1237 2121 1364 2151 latione
1386 2130 1447 2150 sua
1472 2120 1669 2158 apostolicis
1687 2120 1810 2150 litteris
1829 2128 1942 2149 coram
1961 2144 1982 2149 ..
2005 2120 2044 2150 de
2067 2121 2245 2159 §taninges

1237 2176 1269 2204 et
1291 2197 1314 2203 ..
1343 2174 1382 2203 de
1406 2173 1598 2212 Mali[n]ges
1624 2173 1908 2203 monasteriorum
1935 2173 2100 2208 sacristis,
2120 2174 2244 2212 quibus

1237 2227 1349 2257 dictus
1364 2226 1468 2257 abbas
1486 2227 1519 2257 in
1538 2235 1576 2256 ea
1593 2228 1686 2264 parte
1703 2226 1930 2262 commiserat,
1952 2235 2018 2256 non
2038 2229 2148 2257 tamen
2165 2229 2248 2257 tota-

1237 2281 1325 2314 liter,
1358 2280 1448 2310 vices
1474 2288 1565 2313 suas,
1592 2280 1653 2309 fuit
1682 2279 1716 2308 in
1745 2279 1814 2308 illis
1833 2279 1987 2317 partibus
2010 2280 2096 2309 inter
2120 2280 2247 2310 dictum

1237 2334 1435 2364 canonicum
1461 2334 1491 2363 et
1518 2333 1686 2371 prefatum
1710 2332 1873 2362 Jacobum
1898 2333 2110 2371 aliquamdiu
2138 2333 2246 2371 litiga-

1236 2389 1319 2417 tum.
1348 2389 1377 2418 Α
1404 2386 1528 2425 quibus
1553 2386 1662 2416 dictus
1679 2385 1826 2415 ,Iacobus
1854 2387 2004 2416 sentiens
2034 2385 2182 2416 indebite
2212 2395 2247 2416 se

1236 2441 1380 2480 gravari,
1400 2448 1441 2470 ex
1469 2449 1507 2470 eo
1527 2439 1616 2478 quod
1637 2442 1711 2469 acta
1726 2439 1845 2477 judicii
1864 2448 1975 2469 coram
1995 2449 2030 2468 se
2049 2439 2172 2473 habita,
2189 2448 2248 2478 per

1237 2503 1301 2533 que
1323 2493 1516 2533 huJ'usmodi
1535 2501 1635 2523 cause
1655 2492 1755 2523 tiebat
1775 2492 1962 2527 instructio,
1989 2493 2022 2522 in
2045 2492 2247 2523 autenticam

1205 2545 1206 2548 ’
1237 2547 1441 2586 scripturam
1458 2546 1564 2585 redigi
1581 2546 1690 2576 facere
1706 2547 1823 2575 contra
1844 2545 2007 2583 justitiam
2028 2546 2245 2584 denegarunt,

161 2917 267 2947 sancti
282 2918 447 2948 Johannis
465 2919 628 2957 Baptiste,
646 2920 710 2949 site
725 2919 813 2949 infra
829 2920 957 2950 curiam
974 2920 1173 2950 monasterii
1204 2930 1206 2958 J

160 2969 347 3004 Lewensis,
367 2971 602 3002 Cluniacensis
618 2972 760 3006 ordinm,
777 2972 1001 3003 (licestrensis
1013 2973 1171 3009 diocesis,
1204 2964 1205 2987 ¹
1235 2971 1434 3011 apostolicis
1448 2971 1572 3001 litteris
1587 2970 1787 3005 continetur,
1802 2969 1953 3007 alioquin
1968 2970 2090 2998 extunc
2106 2969 2246 2998 instruc-

1237 2600 1278 2630 ad
1301 2600 1428 2630 (lictum
1450 2598 1605 2629 abbatem
1628 2598 1750 2637 primo,
1777 2607 1814 2628 ac
1837 2598 1973 2628 demum
1992 2597 2032 2627 ab
2052 2607 2090 2628 eo
2113 2598 2247 2628 nolente

1236 2661 1418 2692 gravamen
1445 2651 1640 2692 hujusmodi
1664 2660 1832 2686 revocare,
1851 2651 1892 2681 ad
1917 2651 2124 2681 audientiam
2155 2651 2248 2680 sedis

1236 2706 1421 2745 apostolice
1444 2705 1627 2744 appellavit
1643 2706 1675 2735 et
1692 2704 1733 2734 ad
1748 2704 1913 2735 discretos
1938 2704 2029 2734 viros
2050 2729 2055 2734 .
2075 2729 2080 2734 .
2105 2704 2249 2735 Cantna-

1236 2760 1395 2794 riensem,
1425 2760 1458 2789 et
1486 2783 1492 2789 .
1517 2781 1523 2788 .
1556 2757 1829 2788 Londoniensem
1855 2757 2120 2793 archidiaconos,
2150 2765 2186 2787 ac
2213 2781 2218 2785 .
2240 2779 2246 2786 .

1236 2812 1415 2843 officialem
1434 2811 1719 2846 Londoniensem,
1735 2810 1866 2840 litteras
1879 2810 2082 2848 apostolicas
2101 2809 2247 2839 obtinuit

1235 2865 1412 2901 destinari,
1433 2864 1520 2895 inter
1540 2864 1606 2894 alia
1627 2864 1838 2894 continentes
1858 2865 1894 2893 ut
1915 2871 2050 2893 causam
2070 2863 2177 2901 ipsam
2199 2862 2245 2892 in·

1236 2919 1287 2949 fra
1312 2920 1441 2949 certum
1465 2918 1629 2956 temporis
1656 2917 1803 2955 spatium
1828 2916 2058 2951 terminarent,
2087 2917 2185 2953 prout
2212 2915 2246 2944 in
