2659 3242
155 644 230 675 1264
317 646 443 675 Orvieto.

144 695 209 724 mai
264 695 294 724 3.
364 710 404 716 —-

180 999 192 1015 D
261 999 273 1014 2
367 1003 406 1009 *-

175 1301 188 1316 D
257 1301 269 1316 D
362 1305 402 1311 ’-

172 1603 185 1619 Ι
254 1603 266 1619 D
361 1608 402 1614 -·

174 1954 187 1970 Β
259 1955 271 1970 1>
365 1960 405 1965 -·

184 2158 196 2174 ο
249 2149 302 2176 4-6
370 2164 401 2169 -—

177 2363 190 2379 Ι
258 2362 270 2378 D
363 2367 404 2374 -—·

182 2656 195 2672 ,
266 2657 277 2672 ‚
368 2662 406 2667 --

922 225 1093 256 TABLES
1119 225 1180 256 DU
1206 223 1425 256 REGISTRE
1450 221 1661 253 D’URBAIN
1688 222 1731 251 IV

1063 320 1148 346 Pages.
1170 319 1299 341 Numeros.

502 392 687 419 monialium
713 397 986 428 quorumcumque
1017 390 1097 417 ordi-

501 449 586 475 num,
614 441 764 468 mittendi
785 447 913 477 quoque
936 440 1021 475 ipsos
1042 445 1099 474 pro

500 490 617 517 eisdem
643 490 777 525 negotiis
798 489 1005 525 singulariter,
1029 494 1101 515 cum

496 540 645 574 expedire
666 540 792 568 viderit.
816 550 827 564 υ

543 646 659 673 Eidem
677 645 830 674 cardinali
847 645 993 673 concedit
1013 643 1110 672 iacul-
1129 640 1134 682 Ι
1150 642 1211 670 400
1229 640 1236 681 Ι
1251 641 1309 669 834

509 696 610 722 tatem
630 694 768 722 faciendi
789 694 884 729 recipi
903 694 1045 729 quinque
1065 699 1104 720 ex

503 743 621 770 clericis
642 743 706 770 suis
725 743 757 770 in
776 743 911 771 totidem
930 743 1092 770 cathedra-

502 792 585 820 libus
607 793 658 819 vel
682 793 751 820 aliis
774 800 848 820 suae
881 791 1046 827 legationis
1067 792 1100 818 et

502 841 693 876 providendi
719 841 762 868 eis
787 843 826 869 de
850 840 1037 877 praebendis
1071 840 1104 867 et

503 891 627 918 duobus
659 897 698 917 ex
728 890 772 917 eis
806 892 844 918 de
872 889 1103 925 personatibus.

556 982 836 1015 Eidem‘cardinali
852 987 996 1015 concedit
1016 985 1112 1014 tacul-
1132 983 1138 1024 Ι
1153 985 1213 1012 400
1232 982 1238 1022 Ι
1253 983 1312 1011 835

504 1037 606 1063 tatem
630 1036 819 1064 instituendi
842 1037 874 1063 in
897 1036 1033 1064 ecclesiis
1055 1042 1104 1062 ca-

505 1085 704 1112 thedralibus
722 1087 755 1113 et
773 1085 841 1113 aliis
858 1085 1030 1120 collegiatis
1047 1084 1104 1112 cle-

506 1134 587 1161 ricos
607 1134 738 1161 idoneos
757 1136 789 1161 et
808 1134 943 1162 faciendi
963 1141 1014 1161 eos
1032 1133 1106 1161 reci-

505 1183 538 1218 pi
552 1183 584 1209 in
598 1184 767 1210 canonicos
779 1185 812 1210 et
825 1183 857 1210 in
869 1183 992 1212 fratres.

552 1290 612 1316 Eid
620 1296 669 1317 em
693 1290 843 1318 cardinali
860 1289 1005 1317 concedit
1020 1288 1115 1317 facul-
1135 1286 1211 1328 {401
1234 1285 1241 1326 Ι
1256 1287 1314 1314 836

516 1339 618 1365 tatem
662 1346 825 1366 censuram
867 1338 1109 1367 ecclesiasticam

510 1386 542 1413 in
594 1394 824 1423 quoscumque,
883 1388 1110 1423 cujuscumque

507 1437 678 1471 dignitatis
697 1438 729 1464 et
749 1437 940 1464 condicionis
959 1436 1106 1469 existant,

508 1486 683 1513 exercendi.

556 1593 689 1620 Mandat
743 1594 903 1628 quatenus
945 1594 986 1628 S.,
1019 1591 1108 1620 tituli
1127 1589 1219 1631 Ι,39Ο
1238 1588 1317 1630 Ι803

505 1648 528 1670 s.
568 1641 718 1679 {Ceciliae
760 1642 926 1677 presbyter
971 1641 1112 1669 cardina·

509 1690 558 1724 lis,
636 1691 830 1726 apostolicae
892 1690 974 1718 sedis
1030 1690 1110 1725 lega-

508 1740 571 1773 tus,
609 1740 743 1775 benigne
771 1741 804 1767 et
832 1736 1010 1777 honorifice!
1031 1739 1111 1767 exci-

506 1789 615 1824 piatur
633 1789 726 1825 eique
751 1789 912 1817 humiliter
937 1790 970 1816 et
997 1789 1112 1816 devote

506 1835 703 1875 intendenti!

553 1945 599 1972 De
629 1945 728 1972 verbo
753 1945 862 1972 Crucis
892 1946 1002 1973 contra
1032 1945 1119 1973 Man·
1140 1941 1219 1983 {398
1240 1941 1319 1983 Ι817

508 1993 634 2021 fredum
666 1995 698 2021 et
736 1995 922 2022 Sarracenos
953 1995 985 2021 in
1016 2000 1111 2029 regno

506 2043 657 2071 Franciae
683 2044 903 2078 praedicando,

1111 2091 1176 2112 tome
1195 2089 1226 2111 in

559 2150 654 2176 Petro
667 2150 705 2177 de
719 2150 825 2184 Belna,
839 2150 1001 2185 capellano
1013 2156 1101 2185 apos-
1121 2148 1126 2189 1
1140 2147 1199 2176 243
1221 2148 1227 2189 Ι
1245 2147 1322 2177 1620

510 2197 614 2230 tolico‚
637 2198 862 2226 canonicatum
880 2198 1026 2226 ecclesiae
1039 2198 1112 2226 Car-

506 2246 647 2273 notensis
677 2246 817 2284 confert!

1115 2295 1180 2315 tome
1194 2295 1225 2317 111

548 2353 709 2380 Abbatem
721 2360 743 2381 s.
758 2353 901 2389 Dionysii
916 2354 947 2381 in
957 2354 1102 2383 Francia·
1123 2353 1200 2394 {243
1223 2353 1229 2394 Ι
1247 2353 1318 2383 1621

511 2402 697 2429 Parisiensis
715 2402 854 2436 diocesis,
875 2404 906 2430 et
928 2403 1116 2438 magist-rum

511 2451 656 2478 Odonem
682 2452 721 2478 de
746 2458 769 2479 s.
803 2451 962 2487 Dionysio,
990 2452 1116 2480 canoni-

511 2507 584 2526 cum
608 2500 825 2533 Parisiensem‚
849 2501 1031 2535 praedictae
1055 2501 1116 2528 col-

511 2548 640 2576 lationis
657 2550 793 2584 deputat
809 2550 1006 2579 exedutores.

1115 2598 1179 2618 tome
1195 2597 1225 2618 111

554 2646 695 2674 Officiali
731 2647 948 2674 Aurelianensi
974 2648 1106 2675 mandat
1127 2646 1205 2687 1255
1226 2646 1232 2688 Ι
1250 2650 1324 2677 1674

516 2697 551 2722 ut
584 2695 772 2730 magistrum
806 2696 962 2731 Egidium,
996 2696 1117 2724 dictum

514 2744 644 2779 Lepayeg
674 2745 705 2771 in
733 2745 862 2772 ecclesia
889 2752 912 2774 s,
946 2745 1119 2773 salvatoris

513 2793 676 2826 Blesensis,
732 2793 934 2821 carnotensis
977 2794 1117 2829 diocesis,

514 2842 544 2868 in
564 2841 751 2869 canonicum
770 2843 865 2877 recipi
887 2842 994 2871 faciat.

1383 418 1458 448 1264

1363 468 1426 496 mai
1484 469 1512 497 5.

1401 820 1412 835 1)
1481 820 1493 835 1

1402 1161 1414 1176 Ι
1483 1161 1494 1176 D

1404 1308 1416 1323 n
1490 1298 1518 1326 5.

1407 1592 1419 1608 D
1488 1592 1499 1608 B

1410 1789 1422 1804 D
1490 1789 1502 1804 D

1498 2210 1529 2238 6.

1545 419 1670 448 Orvieto.

2465 221 2521 251 211

2288 314 2374 340 Pageu.
2397 313 2525 336 Numeros.

2320 369 2383 389 tome
2403 367 2433 388 111

1768 420 1917 453 Magistro
1930 420 2031 452 petre,
2045 419 2206 454 capellano
2218 425 2306 454 apos·
2328 417 2333 457 Ι
2348 417 2403 445 241
2429 416 2434 456 Ι
2454 417 2526 446 1613

1728 468 1829 502 tolico‚
1897 469 2019 495 cantori
2081 467 2319 502 cenomanensi,

1727 518 1829 544 adbuc
1851 517 1882 544 in
1904 519 2012 544 tenera
2035 518 2141 544 aetate
2162 516 2320 551 existenti,

1727 566 1948 593 canonicatum
1971 566 2117 593 ecclesiae
2140 566 2168 594 b.
2192 565 2322 592 Martini

1727 614 1916 642 Turonensis
1945 616 1978 641 et
2006 615 2219 649 praebendam
2249 621 2321 641 con-

1728 663 1799 695 fert,
1825 670 1887 690 non
1909 663 2058 690 obstante
2077 664 2163 698 quod
2186 663 2262 690 alias
2284 663 2335 688 be-

1730 711 1896 739 neficiatus
1922 712 2043 739 existit.

2325 758 2390 778 tome
2409 755 2439 777 111

1772 810 1880 836 Abbas
1908 816 1930 837 s.
1960 809 2082 843 Georgii
2110 809 2148 835 de
2173 810 2307 836 Nemore
2329 807 2407 847 [241
2432 805 2437 845 Ι
2458 806 2531 835 1614

1734 859 1766 885 et
1806 859 1917 885 cantor
1950 858 2099 885 ecclesiae
2132 858 2164 884 h.
2203 858 2326 892 Georgii

1734 907 1981 940 Vindocinensis,
2017 907 2261 934 Cenomanensis
2295 907 2328 933 et

1730 956 1933 982 carnotensis
1972 956 2142 982 diocesium
2189 955 2327 990 praedic-

1734 1006 1786 1032 tae
1815 1004 1990 1031 collationis
2018 1005 2200 1031 executores
2229 1004 2326 1039 depu⁴

1734 1054 1853 1082 tantur.

2330 1101 2394 1120 tome
2410 1099 2440 1121 111

1774 1151 1939 1178 Statutum
1961 1151 2123 1186 quoddam
2139 1158 2156 1177 3
2172 1151 2312 1185 capitulo
2330 1146 2335 1184 Ι
2356 1149 2416 1177 245
2438 1148 2444 1188 Ι
2463 1149 2540 1177 1630

1736 1200 1876 1228 Tullensi
1895 1200 2017 1227 editum
2036 1200 2215 1229 confirmat.

2333 1249 2397 1268 tome
2412 1247 2443 1270 in

1775 1298 1932 1333 Episcopo
1953 1298 2141 1326 Carnotensi
2175 1298 2320 1333 indulget
2340 1297 2421 1338 {248
2442 1297 2447 1336 Ι
2467 1299 2541 1326 1644

1735 1348 1770 1374 ut
1788 1348 1852 1374 tres
1870 1346 1972 1374 clerici
1989 1346 2058 1380 eJ'us
2075 1347 2234 1382 obsequiis
2245 1347 2333 1375 insis-

1738 1397 1850 1429 tentes,
1873 1402 1929 1430 per
1948 1395 2118 1422 triennium
2137 1394 2260 1424 fructus
2280 1397 2331 1424 be-

1737 1444 1930 1478 neficiorum,
1960 1451 2022 1470 non
2048 1444 2197 1472 obstante
2222 1445 2332 1472 absen-

1740 1494 1794 1527 tia,
1821 1493 1981 1529 percipere
2004 1493 2142 1521 valeant.

1781 1582 1938 1618 Episcopo
1970 1582 2156 1609 Carnotensi
2190 1581 2359 1623 indulget}

1740 1633 1776 1659 ut
1797 1632 1875 1659 duas
1895 1638 2044 1667 personas
2064 1630 2095 1657 in
2115 1632 2244 1660 ecclesia
2263 1633 2336 1661 Car-

1739 1681 1863 1708 notensi
1881 1681 1913 1708 in
1930 1679 2097 1709 canonicos
2107 1680 2320 1717 recipii'aciat.

2336 1730 2401 1750 tome
2416 1730 2447 1752 111

1781 1779 1939 1814 Episcopo
1960 1778 2142 1806 Ebroicensi
2157 1780 2190 1806 et
2214 1780 2326 1808 abbati
2345 1778 2351 1820 Ι
2367 1781 2425 1808 434
2446 1779 2547 1820 [2585

1744 1829 1783 1855 de
1825 1828 2090 1863 Nealpha-Veteri
2139 1829 2271 1857 mandat
2300 1831 2337 1858 ut

1742 1877 1844 1904 tribus
1865 1874 2006 1912 {clericis
2047 1879 2186 1914 episcopi
2222 1878 2340 1906 Carno-

1741 1925 1839 1952 tensis
1862 1926 2021 1962 obsequiis
2043 1927 2263 1955 insistentibus
2285 1934 2341 1962 per

1743 1974 1914 2001 triennium
1948 1975 2173 2003 beneficiorum
2206 1983 2340 2011 proven-

1742 2024 1795 2050 tus
1810 2030 1882 2050 cum
1905 2030 1938 2050 ca
1962 2024 2145 2059 integritate
2163 2024 2343 2052 ministrare

1742 2071 1862 2100 faciant
1888 2080 1923 2101 ac
1949 2075 1975 2101 si
1998 2075 2205 2108 personaliter
2228 2074 2260 2101 in
2284 2074 2342 2102 eis-

1748 2121 1818 2149 dem
1849 2121 2011 2150 beneficiis
2037 2125 2220 2152 residerent.

2444 1582 2450 1622 1
2470 1584 2546 1612 1686

1785 2211 1942 2245 Episcopo
1954 2212 2126 2245 sabinensi,
2138 2213 2242 2247 legato
2253 2219 2345 2247 apos·
2365 2210 2372 2252 Ι
2388 2212 2447 2240 386
2468 2211 2474 2251 Ι
2492 2212 2547 2240 797

1745 2260 1840 2286 tolico
1862 2260 1893 2286 in
1914 2260 2037 2294 Anglia,
2061 2262 2192 2288 mandat
2214 2262 2341 2288 revocet

1746 2308 1930 2335 citationem
1957 2316 2020 2343 qua
2049 2310 2088 2336 ad
2116 2311 2221 2336 sedem
2249 2317 2339 2344 apos-

1745 2357 1873 2384 tolicam
1890 2357 1981 2384 citati
1997 2359 2087 2384 erant
2103 2358 2242 2393 episcopi
2258 2354 2344 2385 Lon-'

1746 2406 1914 2434 deniensis
1945 2407 2166 2440 Wigorniensis
2195 2408 2226 2434 et
2255 2407 2340 2434 Win-

1743 2454 1895 2481 toniensis

1783 2561 1824 2593 S.,
1861 2561 1948 2588 tituli
1987 2562 2017 2588 S.
2051 2561 2184 2588 Leciliae
2218 2562 2347 2597 presby-
2367 2560 2448 2601 {388
2468 2561 2473 2601 Ι
2491 2562 2549 2590 799

1745 2610 1812 2635 tero
1844 2609 2004 2643 cardinali,
2036 2611 2228 2645 apostolicae
2258 2611 2340 2638 sedis

1745 2657 1858 2691 legato,
1876 2659 2020 2685 concedit
2036 2658 2223 2686 facultatem
2240 2659 2272 2686 in
2288 2667 2340 2687 ne-

1745 2707 1831 2741 gotio
1850 2708 1979 2733 senatus
1999 2708 2092 2734 Urbis
2110 2709 2141 2735 et
2161 2708 2246 2743 regni
2265 2709 2340 2736 Sici-

1745 2754 1805 2781 liae
1827 2755 1885 2781 sibi
1907 2756 2083 2790 commisso,
2105 2757 2197 2790 Juxta
2221 2756 2339 2784 cimini-

1747 2804 1866 2830 tionem
1896 2804 2101 2841 praedictam,
2132 2805 2222 2839 cujus
2251 2807 2340 2832 teno-

1746 2859 1810 2879 rem
1846 2853 1947 2879 mittit
1984 2853 2196 2887 interclusum,
2232 2861 2339 2889 proce-
