2519 3262
169 184 224 214 158

166 268 194 298 si
219 268 414 307 hujusmodi
438 267 606 307 prebenda
628 266 751 297 ibidem
770 266 911 298 forsitan
934 277 998 298 non
1021 270 1117 298 vacat
1134 268 1174 298 ad

165 330 315 360 presens,
329 331 389 352 nos
406 321 609 360 prebendam
630 321 794 358 integram
812 321 1061 360 inibiproximo
1079 331 1170 351 vaca-

165 376 272 405 turam
290 374 525 404 cont’erendam
545 373 607 404 tibi
628 373 800 403 donationi
822 374 1005 413 apostolice
1026 383 1173 405 reserva-

164 436 251 463 mus,
271 436 334 458 non
352 427 565 457 obstantibus
584 427 671 465 quod
690 427 775 456 alias
799 427 831 456 in
856 427 1003 457 diversis
1020 427 1173 458 ecclesiis

164 481 392 515 canonicatus,
412 480 599 519 prebendas
621 488 746 509 necnon
766 481 798 510 et
822 480 888 510 alia
911 481 1073 510 beneficia
1096 489 1171 510 cum

164 543 243 564 cura
268 536 299 564 ct
324 534 396 563 sine
421 543 499 563 cura
518 533 705 563 dinosceris
726 532 877 563 obtinere
904 552 949 570 —‚
978 535 1048 564 sive
1070 535 1171 564 eliam

159 588 350 626 juramento
364 587 450 625 quod
464 586 642 625 prestitisti
658 586 909 617 venerabilibus
923 587 1085 618 fratribus
1099 597 1171 617 nos-

164 640 226 670 tris
244 639 505 678 archiepiscopis
524 641 555 669 et
578 639 747 678 episcopis
769 649 805 669 ac
823 640 957 670 dilectis
976 641 1056 670 tiliis
1075 641 1171 671 abba-

165 693 266 729 tibus,
282 693 452 732 capitulis,
467 692 638 731 prioribus
653 694 684 722 et
702 692 779 722 aliis
796 693 1015 723 ecclesiarum
1032 694 1173 732 prelatis

163 748 194 776 et
213 746 345 776 clericis
358 746 537 776 Remensis
552 747 582 776 et
596 746 801 776 Senonensis
816 747 1078 785 provinciarum,
1096 757 1171 777 cum

164 808 223 838 pro
242 808 358 830 eorum
378 799 522 838 negotiis
543 799 584 829 ad
606 799 719 829 sedem
740 800 913 830 accessisti
934 801 1130 839 predictam,
1156 810 1173 831 a

163 862 227 891 quo
252 854 282 883 te
302 852 487 891 apostolica
512 853 710 883 auctoritate
734 853 894 883 duximus
917 853 1170 884 absolvendum.

162 908 233 937 Nos
250 907 339 936 enim
357 915 487 936 exnunc
503 924 551 934 —.
571 906 665 937 Nulli
688 915 766 945 ergo
788 925 837 936 —.
856 908 979 938 Datum
1002 908 1091 946 apud
1111 909 1172 939 Ur-

162 959 401 996 bemveterem,
419 969 477 989 vni
496 960 572 990 idus
589 959 762 998 februarii,
784 969 870 991 anno
890 961 1001 991 tertio.
1023 971 1037 990 »

723 1141 846 1174 Orvieto,
864 1143 878 1167 7
899 1141 1001 1168 t'evricr
1021 1142 1097 1169 1202.

253 1142 347 1173 1257

198 1226 337 1261 Episcopo
350 1225 505 1253 Parisiensi
519 1227 547 1252 et
562 1225 669 1252 decano
683 1225 811 1252 ccclesiae
824 1226 1037 1253 Aurelianensis
1052 1228 1171 1254 mundat

161 1277 190 1302 ut
211 1275 385 1310 magistrum
412 1276 539 1306 Petrum,
562 1274 795 1301 archidiaconum
815 1276 1022 1307 Senoncnsem,
1043 1284 1170 1304 camera-

160 1323 240 1351 rium
267 1324 467 1359 apostolicum,
486 1325 514 1351 in
532 1323 653 1350 ecclesia
672 1324 826 1351 l‘arisicnsi
845 1324 872 1351 in
895 1325 1065 1352 canonicum
1083 1326 1169 1360 recipi

160 1373 277 1401 faciant.
298 1374 378 1409 (Risu.
397 1374 442 1407 29,
460 1374 506 1400 sol.
526 1374 573 1401 102
585 1379 622 1405 Ψ,
641 1378 671 1399 n⁰
684 1373 760 1407 307.)

200 1494 214 1512 «
247 1484 404 1524 Episcopo
422 1483 591 1513 Paris-sensi
609 1488 634 1513 et
653 1483 765 1513 decano
787 1483 907 1513 ecclesie
926 1483 1166 1514 .·1w·elimzensis.

156 1537 254 1567 Clara
272 1539 303 1568 et
319 1537 503 1567 laudabilia
525 1538 644 1568 merita
668 1537 779 1567 dilecti
799 1537 860 1567 filii
886 1538 1038 1576 magistri
1064 1538 1167 1574 Petri,

156 1590 382 1621 archidiaconi
418 1590 635 1627 Senonensis,
674 1590 852 1620 camerarii
884 1591 1003 1626 nostri,
1039 1600 1166 1630 suaque

155 1644 337 1674 laudabilis
356 1646 431 1681 etc„
451 1646 485 1674 ut
503 1653 616 1683 supra,
636 1644 748 1674 verbis
766 1646 994 1683 competenter
1012 1645 1164 1681 mutatis,

155 1706 264 1736 usque
276 1698 343 1728 sint
354 1697 491 1734 directa,
507 1698 577 1727 sive
586 1697 696 1731 sitibi,
708 1697 811 1728 frater
823 1697 992 1736 episcope,
1005 1706 1041 1728 ac
1051 1698 1165 1728 dilecti

155 1751 216 1780 filii
240 1753 313 1787 etin,
337 1753 491 1790 utsupra
517 1760 623 1790 usque
652 1751 857 1790 attemptari.
880 1751 1043 1787 Quocirca
1075 1760 1166 1781 man-

154 1804 274 1834 damus
305 1806 470 1843 quatenus
496 1813 555 1835 vos
578 1805 629 1834 vel
652 1805 735 1835 alter
764 1806 915 1835 vestrum
936 1814 995 1843 per
1017 1814 1077 1835 vos
1111 1805 1163 1836 vel

154 1866 212 1896 per
230 1858 315 1888 alios
335 1860 391 1888 aut
412 1859 517 1888 alium
534 1859 676 1888 eundem
700 1859 923 1888 camerarium
939 1858 990 1888 vel
1008 1867 1162 1897 procura-

154 1913 260 1941 torem
281 1921 379 1941 suum
399 1913 455 1941 aut
472 1911 575 1941 aIIum
594 1912 666 1950 ejus
685 1911 819 1941 nomine
838 1911 941 1950 recipi
965 1911 1127 1941 facientes
1147 1921 1165 1942 a

153 1964 254 1994 dictis
272 1964 396 1995 decano
406 1966 437 1995 et
455 1965 602 2003 capitulo
616 1965 648 1994 in
664 1964 752 1994 dicta
766 1965 908 1995 ecclesia
922 1965 1162 1995 incanonicum

153 2018 184 2047 et
202 2018 233 2047 in
257 2018 406 2053 fratrem,
431 2017 531 2048 stallo
553 2017 616 2047 sibi
640 2018 671 2047 in
699 2017 798 2047 choro
821 2019 852 2047 et
870 2017 942 2047 loco
965 2018 997 2047 in
1015 2018 1163 2056 capitulo

153 2079 227 2100 cuin
252 2070 460 2109 plenitudine
487 2071 574 2109 juris
599 2070 749 2100 canonici
780 2071 974 2109 assignatis,
1007 2080 1083 2100 eum
1110 2071 1162 2101 vel

151 2125 404 2162 procuratorem
432 2132 531 2154 suum
555 2133 614 2162 pro
633 2132 670 2153 00
696 2123 727 2153 111
747 2123 954 2162 corporalem
975 2123 1162 2162 possessio-

151 2185 229 2207 nem
259 2176 451 2216 hujusmodi
480 2177 648 2216 prebende
675 2177 814 2216 integre,
840 2177 869 2207 si
898 2178 1048 2215 tempore
1075 2177 1162 2207 dicte

150 2230 344 2260 collationis
360 2239 420 2269 per
439 2239 500 2261 nos
518 2231 627 2261 eidem
644 2231 829 2260 camerario
850 2230 934 2260 facte
950 2230 989 2260 de
1007 2230 1080 2269 ipsa
1108 2239 1159 2260 va-

150 2283 249 2314 cabat
265 2284 450 2314 inccclesia
461 2284 665 2323 supradicta,
682 2284 849 2314 inducatis
863 2285 894 2314 et
908 2283 1097 2314 defendatis
1113 2284 1161 2313 in-

149 2337 301 2375 ductum,
331 2338 453 2368 amotis
472 2337 681 2376 quibuslibet
698 2336 930 2368 detentoribus
962 2337 1003 2367 ab
1030 2337 1158 2367 eadem

152 2390 313 2430 Alioquin
333 2391 535 2430 prebendam
554 2391 730 2430 integram,
751 2399 814 2430 que
831 2392 907 2429 post
927 2390 1095 2429 premissa
1110 2400 1159 2420 re-

150 2445 380 2475 servationem
397 2445 428 2475 et
446 2445 617 2475 decretum
634 2445 765 2475 vacavit
791 2453 849 2475 seu
867 2445 961 2475 vacat
978 2443 1101 2474 ibidem
1119 2444 1160 2474 ad

150 2506 303 2536 presens,
318 2498 371 2528 vel
384 2497 477 2528 illam
491 2507 591 2537 quam
604 2498 758 2537 proximo
774 2497 820 2527 ibi
834 2506 951 2528 vacare
968 2497 1157 2536 contigerit,

149 2550 300 2589 predicto
325 2551 507 2581 camerario
525 2559 584 2581 seu
607 2551 815 2590 procuratori
841 2559 902 2581 suo
931 2552 987 2581 aut
1014 2550 1072 2581 alii
1097 2560 1158 2581 suo

150 2603 287 2634 nomine
306 2604 456 2635 conferre
480 2606 511 2635 et
536 2605 721 2644 assignare,
742 2605 922 2644 ipsumque
937 2604 970 2634 in
988 2603 1158 2643 prebende

149 2656 344 2696 hujusmodi
358 2666 394 2687 ac
409 2657 687 2696 pertinentiarum
705 2667 842 2689 suarum
857 2657 1065 2697 corporalem
1083 2666 1158 2697 pos-

149 2710 340 2740 sessionem
363 2710 519 2741 inducere
542 2711 782 2751 inductumque
800 2710 979 2742 defendere
999 2719 1154 2750 procure-

149 2763 210 2800 tis,
243 2763 403 2795 facientes
434 2764 674 2795 nichilominus
708 2765 930 2796 camerarium
960 2765 1072 2804 ipsum
1101 2764 1154 2795 vel

149 2817 275 2848 dictum
293 2819 640 2858 procuratorem‚ejus
656 2819 803 2854 nomine,
817 2819 858 2849 ad
875 2818 1067 2858 hujusmodi
1084 2826 1156 2857 pre-

149 2870 291 2901 bendam
304 2871 448 2902 admitti.
460 2872 730 2903 Contradictores
740 2872 937 2903 auctoritate
950 2872 1064 2902 nostra
1077 2872 1153 2908 cto,

919 182 1166 214 REGISTRES
1194 183 1408 214 D'URBAIN
1436 184 1493 215 lv.

1232 278 1338 308 usque
1357 269 1611 308 compescendo.
1640 270 1715 300 Non
1734 269 1947 301 obstantibus
1977 272 2038 301 etc.
2059 289 2098 293 —
2116 272 2239 303 Datum

1230 322 1319 361 apud
1336 323 1624 359 Urbemveterem,
1642 333 1685 353 vii
1704 324 1780 353 idus
1800 323 1973 358 februarii,
1990 333 2078 354 anno
2096 325 2206 356 tertio.
2226 336 2241 354 »

1764 491 1889 523 (Ji-vieto,
1906 492 1948 518 1⁰¹
1968 491 2073 518 sevi-ier
2092 492 2169 519 1204,

1324 494 1417 524 1258

1264 577 1393 608 Girurdo,
1410 578 1527 604 obtentu
1546 578 1651 611 regina·
1666 577 1810 611 Navarrae,
1830 577 1994 612 Campania²
2010 585 2042 604 ac
2062 577 2132 603 Bria)
2152 577 2239 604 comi-

1229 625 1309 652 tissae
1328 626 1473 660 palatium,
1497 626 1697 653 canonicatum
1722 626 1750 652 in
1770 625 1891 653 ecclesia
1911 625 2097 653 Noviomcnsi
2121 626 2241 652 confert.

1230 675 1306 707 ilii-zo.
1324 676 1368 708 Εἰ),
1386 675 1423 702 fol
1460 676 1519 709 103,
1537 680 1568 701 n⁰
1587 676 1662 709 308)

1273 793 1287 812 «
1312 782 1455 816 (Pb-ardo,
1474 781 1586 811 decano
1607 781 1726 811 ecclesie
1743 782 1792 821 (s.)
1817 781 1916 811 Mai-ie
1934 782 1963 810 in
1996 780 2080 810 Valle
2100 781 2239 814 firmini,

1229 836 1412 866 §emonensis
1432 835 1567 866 diocesis
1596 835 1756 866 Veientes
1775 834 1836 865 tibi
1859 837 1914 866 tue
1940 852 1988 863 —.
2009 835 2134 865 Datum
2156 834 2243 873 apud

1230 890 1518 924 Urhemveterem,
1538 889 1694 919 kalendis
1714 888 1888 925 februarii,
1906 897 1992 919 auno
2010 888 2152 918 tertio.»

1772 1056 1894 1088 0111010,
1912 1057 1954 1083 1οΓ
1970 1055 2074 1082 fevi-ier
2091 1055 2166 1082 1201.

1319 1060 1415 1091 1259

1264 1145 1293 1171 ln
1303 1143 1464 1178 srascripus
1483 1143 1653 1178 supradicta*
1674 1142 1835 1169 collationis
1854 1141 2011 1168 committit
2030 1140 2239 1167 executionem.

1228 1194 1308 1229 (nm.
1323 1194 1366 1225 29,
1383 1193 1431 1220 fol.
1450 1193 1510 1223 103,
1530 1197 1561 1218 n⁰
1579 1192 1655 1226 309.)

1269 1304 1286 1324 ((
1303 1294 1482 1323 Precenlori
1494 1298 1520 1323 et
1536 1292 1752 1322 archidiacono
1769 1291 1945 1331 Stampensi
1964 1292 1992 1320 z'n
2010 1291 2132 1320 ecclesia
2147 1290 2242 1320 Seno-

1227 1347 1326 1378 nensi.
1345 1347 1506 1377 Volentes
1522 1346 1644 1376 dilecto
1663 1346 1732 1375 filio
1748 1362 1796 1373 —.
1815 1346 1938 1375 Datum
1955 1344 2043 1383 apud
2058 1343 2241 1375 [3111011110-

1226 1402 1344 1436 terem,
1362 1400 1517 1430 kalendis
1536 1399 1710 1435 februarii,
1729 1407 1815 1429 anno
1834 1398 1943 1429 tertio.
1965 1408 1979 1427 »

1792 1566 1916 1597 Orvieto,
1933 1568 1949 1593 6
1967 1565 2070 1592 sevrier
2088 1565 2164 1592 1201-

1316 1570 1412 1601 1260

1259 1655 1330 1681 Cum
1351 1653 1481 1681 Eximino
1497 1654 1564 1687 Lupi
1582 1654 1615 1680 (10
1630 1654 1723 1680 soluto
1735 1652 1843 1687 genito.
1853 1652 1971 1679 obtentu
1989 1651 2064 1686 regis
2082 1651 2237 1683 Nararrac,

1222 1703 1376 1738 dispensat
1395 1706 1434 1735 ut,
1454 1711 1510 1729 non
1527 1703 1659 1729 obstante
1677 1701 1790 1729 defectu
1810 1701 1956 1736 praedicto,
1971 1700 2061 1734 possit
2079 1700 2115 1726 ad
2130 1699 2238 1734 episco-

1222 1753 1321 1788 palem
1342 1752 1515 1787 dignitatem
1536 1752 1614 1787 eligi.
1639 1752 1716 1787 (Bm.
1734 1752 1778 1778 29.
1797 1750 1845 1778 sol.
1866 1751 1926 1784 103,
1945 1754 1977 1776 n⁰
1992 1749 2068 1784 310.)

1263 1868 1277 1886 <i
1298 1857 1447 1886 Brimino
1466 1856 1558 1895 Lupi,
1576 1856 1696 1885 cantori
1709 1855 1829 1885 ecclesie
1841 1853 2098 1894 Pampilmmnsis,
2119 1853 2238 1883 ordinis

1221 1921 1245 1940 s.
1264 1910 1441 1949 ,tuqus-tini.
1460 1910 1571 1940 Decus
1590 1909 1725 1939 virtutis
1752 1909 1905 1948 geniture
1930 1925 1979 1938 —.
2001 1908 2124 1938 Datum
2147 1907 2234 1946 apud

1222 1963 1514 1997 Urbemveterem,
1533 1972 1589 1992 vui
1610 1963 1686 1992 idus
1704 1961 1878 1998 februarii,
1898 1970 1983 1991 anno
2002 1961 2113 1991 tertio.
2133 1969 2149 1989 »

1764 2127 1889 2160 Orvicto,
1907 2128 1941 2155 28
1954 2127 2067 2163 janvier
2083 2127 2160 2155 1204.

1314 2131 1405 2162 1261

1257 2214 1451 2249 infrascriptis
1468 2213 1598 2241 concedit
1614 2213 1779 2240 facultatem
1797 2213 1963 2240 conserendi
1983 2212 2185 2240 canonicatum
2200 2220 2232 2239 ac

1218 2264 1405 2298 praebendam
1422 2266 1449 2290 ct
1466 2263 1646 2290 scolastriam
1660 2271 1730 2297 quos
1750 2263 1778 2289 in
1794 2262 1915 2289 ecclesia
1931 2270 1954 2288 s.
1977 2262 2104 2294 Dcodati,
2123 2261 2234 2288 Tullen-

1218 2313 1256 2339 sis
1274 2313 1408 2344 diocesis,
1426 2313 1568 2344 Julianus,
1584 2312 1803 2339 archidiaconus
1816 2311 1960 2342 Mctensis.
1973 2311 2137 2346 capellanus
2149 2319 2230 2345 apos·

1217 2362 1336 2394 tolicns,
1357 2371 1406 2397 pro
1422 2370 1453 2389 eo
1469 2363 1544 2396 quod
1568 2361 1628 2396 ipse
1649 2362 1678 2388 in
1701 2362 1800 2388 eadem
1819 2361 1944 2388 residere
1966 2369 2022 2387 non
2043 2362 2147 2395 potest,
2165 2360 2234 2387 resi-

1218 2419 1307 2446 gnare
1322 2413 1365 2438 est
1383 2414 1508 2446 paratus.
1525 2411 1606 2446 (lii-tu.
1627 2412 1670 2442 ιὶ),
1689 2410 1737 2437 t'ol.
1759 2410 1819 2444 103,
1835 2416 1863 2436 11θ
1875 2410 1923 2437 311
1942 2410 1950 2441 )

1258 2523 1271 2541 i(
1292 2512 1454 2552 Episcopo
1476 2511 1653 2541 Tullense'et
1671 2511 1782 2541 dilecto
1801 2511 1865 2551 filio
1884 2534 1890 2539 .
1913 2537 1917 2541 .
1938 2511 2040 2551 priori
2062 2521 2085 2540 s.
2106 2510 2233 2551 Arnulfi

1218 2566 1372 2597 aletensis.
1398 2566 1482 2597 Cum
1505 2565 1648 2596 dilectus
1667 2565 1758 2595 tilius
1776 2584 1823 2594 —.
1846 2565 1969 2596 Datum
1987 2565 2075 2604 apud
2091 2565 2230 2596 Urbem·

1216 2622 1377 2656 veterem,
1399 2628 1418 2649 v
1435 2619 1598 2650 kalendas
1615 2618 1790 2656 februarii,
1809 2627 1895 2650 anno
1912 2619 2023 2650 tertio.
2046 2629 2061 2648 »

1759 2789 1883 2821 Orvieto,
1900 2790 1934 2817 23
1945 2789 2060 2824 ,111111101-
2079 2790 2155 2817 1201.

1307 2792 1401 2823 1269.

1251 2874 1408 2901 Ecclesium
1429 2883 1451 2901 s.
1467 2873 1564 2901 Jacobi
1585 2873 1736 2908 hospitalis
1753 2873 1786 2900 de
1805 2873 1965 2909 Cuprasicu,
1988 2873 2225 2908 Balncoregcnsis
