2519 3262
1025 230 1266 268 TROISIEME
1292 231 1455 268 ANNEE.

288 321 386 352 2122
780 321 902 351 Orvieto,
921 320 955 348 30
967 323 1033 347 aout
1054 321 1133 348 1264.

230 404 340 431 Decano
370 404 507 431 ecclesiae
532 413 555 431 s.
585 406 732 432 Gundulae
762 406 790 432 in
817 405 957 435 Bruxelle,
986 405 1205 431 Cameracensis

193 452 326 483 diocesis,
352 454 467 480 mandat
486 457 515 480 ut
541 453 641 488 Egidio
661 455 696 480 dc
717 454 902 488 Wineghem,
921 453 1071 487 capellano
1091 455 1205 487 aposto-

194 501 260 529 lico.
275 502 412 528 canonico
431 502 589 533 Leodiensi‚
612 510 698 529 unam
720 510 751 528 ex
769 505 879 536 septem
908 501 1117 535 praeposituris
1137 501 1205 527 Leo-

192 550 302 577 diensis
320 550 445 577 civitatis
461 551 598 578 conserat.
614 552 696 586 (Rso.
710 552 754 582 29,
772 550 820 577 sol.
839 551 887 577 221
912 555 952 580 γῦ,
973 554 1006 576 u‘¹
1026 551 1119 577 1172,ν

233 666 250 687 ((
268 657 387 687 Decano
404 657 525 687 ecclesie
545 667 568 686 s.
589 656 728 687 Gundule
742 657 773 686 in
790 656 950 691 Bruxella,
975 656 1204 686 Cameracensis

193 709 327 739 diocesis.
351 711 440 740 Satis
456 711 614 740 indecens
632 712 664 740 et
682 728 731 740 ——.
752 710 877 739 Datum
901 710 988 747 apud
1015 709 1204 741 Urbemve-

192 765 311 798 terem,
328 773 364 793 111
383 763 545 794 kalendas
563 763 777 802 septembris,
800 771 885 793 anno
903 763 1017 793 tertio.
1036 773 1050 791 n

669 933 793 965 Orvieto,
812 934 855 960 1ΘΓ
871 935 1034 968 septembre
1053 935 1130 962 1261.

281 936 377 967 2123

225 1019 363 1054 Episcopo
387 1018 540 1046 Valentino
566 1019 697 1054 indulget
719 1022 750 1046 ut
777 1027 866 1046 unum
895 1020 1035 1047 clericum
1060 1020 1201 1047 idoneum
1231 1002 1233 1051 i

188 1068 217 1095 in
231 1068 353 1095 ecclesia
370 1067 523 1095 Valentina
539 1067 566 1094 in
584 1068 755 1095 canonicum
767 1069 820 1095 sub
830 1069 1044 1103 exspectatione
1061 1070 1202 1104 praeben·
1231 1055 1233 1099 i

1231 1107 1233 1124 ⁵
1257 1108 1357 1136 fecerit
1376 1118 1441 1136 eum
1459 1109 1590 1144 episcopo
1610 1110 1699 1136 Lem¹
1727 1112 1794 1146 (sie),
1818 1110 1898 1146 cujus
1922 1112 2044 1139 clericus
2060 1113 2267 1140 commensalis

1230 1172 1231 1177 =
1256 1158 1364 1192 existit,
1381 1158 1409 1185 in
1422 1158 1578 1186 residentia
1594 1168 1681 1194 quarn
1695 1160 1723 1186 in
1735 1159 1859 1187 ecclesia
1872 1168 1896 1187 s.
1913 1160 2012 1188 Hilarii
2033 1161 2124 1189 facere
2142 1165 2266 1195 tenetur,

187 1117 240 1143 dae
256 1115 344 1151 recipi
361 1116 457 1143 faciat.
481 1116 560 1152 (Rm.
582 1118 626 1149 29,
648 1116 696 1144 fol.
716 1118 766 1144 221
786 1121 827 1147 γ’),
846 1121 877 1143 n⁰
894 1118 983 1152 1173.)

227 1224 417 1266 «Episcopo
447 1223 617 1255 Valentino.
648 1225 719 1255 Tua
742 1233 854 1255 coram
880 1224 979 1254 nobis
997 1242 1046 1253 —.
1063 1225 1200 1256 Datum

185 1279 274 1318 apud
297 1278 585 1314 Urhemveterem,
604 1278 760 1308 kalendis
783 1277 1000 1316 septembris,
1025 1287 1113 1309 anno
1134 1280 1202 1310 ter-

1230 1182 1232 1270 t

276 1508 372 1539 2124
767 1506 892 1539 Orvieto,
912 1506 945 1533 28
959 1507 1026 1532 aout
1049 1506 1125 1532 1264.

221 1592 386 1626 Praeposito
401 1591 539 1618 ecclcsiae
555 1592 590 1618 de
609 1591 718 1621 Erchia,
734 1591 956 1618 Mediolanensis
965 1591 1099 1622 diocesis,
1116 1599 1200 1618 man-

184 1642 233 1668 dat
264 1644 293 1668 ut
328 1640 494 1667 Balducium
525 1641 560 1667 de
592 1640 756 1674 Legedimo,
800 1640 937 1667 clericum
974 1640 1197 1667 Mediolanensis

183 1690 316 1721 diocesis,
339 1690 514 1716 familiarem
540 1689 672 1724 magistri
700 1689 815 1723 Gualae,
842 1689 947 1716 notarii
976 1689 1140 1724 apostolici,
1169 1690 1198 1716 in

182 1739 279 1773 aliqua
296 1739 484 1766 ecclesiarum
512 1739 733 1766 Mediolanensis
760 1739 883 1765 diocesis
909 1738 938 1764 in
961 1739 1135 1765 canonicum
1152 1739 1198 1765 vel

183 1788 319 1816 clericum
346 1787 435 1822 recipi
462 1787 548 1815 saciat
572 1787 654 1822 eique
678 1788 711 1814 de
731 1787 918 1822 praebendali
946 1787 1084 1814 beneficio
1103 1789 1198 1822 provi-

182 1839 259 1865 deat.
273 1838 354 1873 (Rea.
373 1838 418 1871 29,
435 1837 484 1864 sol.
499 1838 564 1870 222,
583 1841 614 1864 u⁰
631 1837 724 1871 1174.)

2215 247 2272 276 343

1353 322 1450 352 212ss
1743 322 1866 354 Orvieto,
1886 324 1927 350 12‘
1943 325 2105 358 septembre
2125 327 2198 354 1264.

1298 404 1434 438 Magistro
1449 405 1531 431 Petro
1554 405 1650 436 Mede,
1665 407 1803 434 canonico
1821 407 1958 434 ecelesiae
1973 418 1996 435 s.
2012 409 2110 436 Hilarii
2127 410 2272 438 l’ictaven-

1262 453 1312 483 sis,
1341 453 1470 487 indulget
1498 456 1528 480 ut
1555 462 1603 488 per
1622 454 1779 482 triennium
1801 456 1981 491 theologicae
2009 458 2151 486 facultatis
2178 461 2271 487 studio

1260 501 1434 534 immorans,
1470 502 1580 529 fructus
1615 505 1792 537 praebendae
1828 514 1892 532 cum
1934 506 2100 541 integritate
2126 508 2271 543 percipere

1261 550 1364 576 valeat.
1383 551 1465 583 (Rea.
1483 553 1527 584 29,
1550 552 1598 578 sol.
1619 554 1680 583 222,
1699 559 1727 578 11⁰
1746 554 1835 585 1170.)

1302 670 1316 685 «
1334 659 1482 697 Maqistro
1500 659 1590 688 Petro
1609 659 1715 695 Met-le,
1740 661 1885 690 canonico
1908 661 2026 691 ecclesie
2042 674 2065 691 s.
2093 662 2187 692 Ylarii
2203 664 2269 694 Pic-

1261 712 1404 746 cavensis,
1428 711 1468 741 acl
1489 711 1655 742 Romanam
1678 712 1830 742 ecclesiam
1851 714 1936 743 nullo
1957 715 2052 745 medio
2075 717 2267 755 pertinenti&

1259 765 1330 794 Tue
1343 765 1463 794 merita
1480 765 1852 803 probitatis—.l)atum
1872 769 1958 805 apud
1981 768 2268 805 L'rbemveterem,

1260 817 1416 848 kalendis
1432 818 1648 857 septembris,
1667 828 1754 849 anno
1777 821 1888 850 tertio.
1910 832 1924 849 n

1347 977 1445 1008 2127

1731 978 1855 1010 Orvieto,
1877 979 1918 1005 l‘³r
1934 980 2096 1013 septembre
2115 980 2194 1007 1264.

1293 1060 1392 1087 Eidem
1407 1060 1536 1095 indulget
1552 1063 1582 1088 ut
1600 1064 1714 1096 tempus
1734 1070 1789 1096 quo
1806 1063 1840 1089 ad
1856 1062 1966 1089 curiam
1985 1063 2094 1090 venerit
2111 1067 2137 1091 et
2155 1072 2267 1091 moram

1256 1210 1450 1242 computetur.
1467 1208 1545 1243 (Rau.
1564 1207 1611 1235 fol.
1630 1209 1674 1239 ⁶29,
1690 1209 1752 1239 222,
1772 1214 1804 1235 n⁰
1823 1210 1911 1243 1177.)

1297 1324 1311 1343 «
1329 1313 1450 1344 Eidem.
1482 1314 1631 1353 Dignum
1659 1315 1728 1345 fore
1757 1315 1986 1354 conspicimus
2014 1335 2062 1347 —.
2081 1317 2206 1347 Datum
2230 1320 2266 1348 ut

1256 1375 1370 1406 supra.
1393 1376 1407 1395 n

1345 1523 1442 1553 2123
1764 1522 1887 1549 Orvieto.
1905 1524 1922 1551 3
1935 1524 2098 1558 septembre
2116 1524 2194 1551 1264.

1289 1605 1458 1640 Magistrum
1472 1606 1562 1633 Adam
1575 1607 1608 1633 de
1622 1607 1766 1639 Corbolio,
1776 1607 1923 1637 clericum,
1940 1608 2080 1642 magistro
2093 1608 2216 1635 Johanni
2231 1610 2264 1635 de

1254 1654 1371 1681 Siclinio
1388 1654 1606 1689 praeferendum
1622 1663 1683 1682 esse
1701 1656 1828 1683 declarat
1843 1657 1872 1683 in
1886 1657 2066 1684 assecutione
2084 1658 2263 1692 praebendae

1252 1703 1281 1730 in
1299 1703 1419 1730 ecelesia
1436 1704 1586 1737 insulensi,
1612 1705 1800 1732 Tornacensis
1818 1706 1950 1734 diocesis*
1969 1707 2048 1741 (Rea.
2072 1707 2116 1737 29,
2135 1706 2183 1734 fol.
2202 1708 2264 1739 222,

1253 1758 1283 1779 n⁰
1300 1753 1390 1788 1178.)

1293 1870 1307 1889 (‹
1327 1860 1446 1889 Dec-ano
1464 1865 1490 1890 et
1507 1860 1642 1900 capitulo
1655 1860 1776 1890 ecclesie
1791 1860 1971 1898 Insulensis,
1989 1861 2185 1891 Tornacensis
2199 1861 2264 1891 dio-

1226 1895 1227 1898 *
1253 1914 1336 1943 cesis.
1358 1914 1482 1944 Petitio
1508 1916 1621 1944 vestra
1642 1914 1740 1944 nobis
1757 1933 1805 1944 -—.
1829 1915 1953 1945 Datum
1973 1915 2063 1954 apud
2079 1915 2264 1946 Urbemve—

221 1947 413 1986 «Proposito
440 1945 562 1976 ecclesie
584 1945 619 1975 de
634 1945 760 1981 Brebia,
785 1944 1023 1974 Mediolanensis
1048 1944 1195 1974 diocesis.

182 2002 210 2031 Α
226 2001 362 2030 tramite
380 2000 522 2030 rationis
540 2017 590 2030 —.
608 2000 733 2030 Datum
752 1999 839 2038 apud
863 1998 1155 2034 Urbemveterem,
1175 2008 1195 2028 v

181 2054 344 2084 kalendas
362 2053 578 2092 septembris,
595 2062 681 2083 anno
698 2052 810 2083 tertio.
829 2062 844 2082 υ
1224 2046 1225 2050 ’

270 2226 368 2257 2125
766 2223 890 2253 Orvieto,
908 2223 941 2251 18
954 2225 1021 2250 aout
1040 2224 1117 2251 1264.

215 2309 351 2344 Magistro
361 2309 451 2336 Odoni
466 2309 580 2344 Capoci,
597 2308 799 2336 archidiacono
810 2308 1023 2340 Cameracensi‚
1038 2308 1191 2342 capellano

179 2358 348 2393 apostolico,
364 2359 479 2384 mandat
495 2361 524 2385 ut
540 2358 681 2393 magistro
693 2358 776 2384 Petro
791 2358 826 2384 de
838 2357 946 2389 Screia,
960 2357 1095 2392 scriptori
1107 2366 1194 2392 apos-

178 2408 275 2438 tolico,
294 2407 443 2441 capellano
457 2407 494 2439 J„
516 2416 538 2433 s.
557 2407 661 2434 Mariae
676 2407 704 2434 iu
724 2407 871 2434 Cosmidin
888 2406 1002 2433 diaconi
1017 2407 1193 2438 cardinalis,

177 2456 330 2484 ecclesiam
342 2456 466 2483 ruralem
480 2465 503 2483 s.
521 2456 666 2483 Firminae
683 2457 717 2483 sle
731 2456 865 2487 Luciam,
881 2455 1054 2483 Ameliensis
1069 2456 1077 2473 ¹
1094 2456 1174 2483 dioee
1184 2471 1193 2477 -

179 2506 229 2538 sis,
242 2506 381 2533 conserat.
403 2505 482 2539 (Rae.
501 2506 545 2537 29,
562 2505 610 2533 fol.
631 2506 694 2540 222,
710 2512 742 2532 11⁰
762 2506 859 2540 1175.)
1220 2499 1221 2515 ¹

220 2622 235 2641 ((
254 2610 400 2650 Maqz'stro
423 2610 518 2641 Odonz'
553 2610 678 2651 Capoci,
712 2610 930 2640 archidiacono
961 2610 1191 2645 Camemcensi,

179 2664 337 2705 capellano
355 2669 466 2694 nostro.
478 2664 609 2695 Dilecto
626 2664 696 2694 filio
708 2665 871 2704 magistro
887 2681 934 2694 —.
953 2665 1079 2695 Datum
1101 2665 1192 2703 apud

179 2719 468 2752 Urbemveterem,
485 2727 529 2747 xv
537 2717 701 2748 kalendas
711 2718 925 2756 septembris,
943 2727 1030 2748 anno
1046 2718 1160 2749 tertio.
1175 2727 1192 2747 »
1218 2716 1219 2736 ³

1217 2778 1219 2797 1

213 2838 232 2861 l.
253 2837 324 2862 Sans
341 2836 425 2860 doute
444 2842 515 2866 pour
533 2834 721 2859 Ambianensis.

1251 1969 1369 2003 terem,
1392 1977 1426 1996 ιιι
1445 1976 1551 1998 nonas
1569 1967 1787 2006 septembris,
1806 1976 1892 1998 anno
1909 1968 2021 1998 tertio.
2044 1978 2059 1997 n

1341 2132 1439 2162 2129
1832 2131 1958 2165 Orrieto,
1976 2131 2010 2159 28
2027 2133 2092 2158 aout
2112 2132 2189 2159 1264.

1287 2213 1425 2248 Episcopo
1441 2214 1592 2241 Valentino
1614 2214 1741 2249 indulget
1759 2218 1799 2242 ut,
1825 2215 1983 2242 redditibus
2003 2215 2142 2242 ecclesiae
2158 2215 2264 2243 Valen-

1250 2263 1328 2290 tinae
1352 2263 1549 2298 augmentatis
1571 2263 1774 2295 existentibus,
1797 2264 1949 2291 ecclesiam
1977 2265 2012 2291 de
2030 2265 2148 2295 Gaudia,
2173 2264 2262 2299 ipsius

1251 2320 1368 2339 mensae
1388 2312 1513 2345 unitam,
1533 2313 1569 2339 ab
1583 2320 1615 2339 ea
1637 2320 1771 2346 separare
1789 2315 1815 2340 et
1832 2321 1972 2348 personae
1990 2313 2110 2340 idoneae
2128 2313 2262 2340 conferre

1250 2361 1352 2388 valeat.
1370 2361 1450 2395 (Res.
1467 2362 1512 2393 29,
1535 2361 1582 2388 sol.
1604 2362 1666 2393 222,
1682 2366 1714 2387 n⁰
1734 2362 1824 2396 1179.)

1288 2479 1303 2498 α
1324 2468 1482 2509 Episcopo
1504 2468 1675 2499 Valentino.
1698 2467 1859 2498 Exhibita
1876 2467 1973 2498 nobis
1989 2470 2046 2498 tua
2063 2486 2111 2497 —.
2131 2469 2259 2499 Datum

1248 2522 1337 2561 apud
1366 2521 1653 2557 Urbemveterem‚
1674 2530 1692 2550 v
1722 2520 1885 2551 kalendas
1918 2520 2139 2560 septembris,
2174 2530 2260 2552 anno
2278 2552 2285 2557 ,

1246 2576 1361 2606 tertio.
1384 2585 1399 2604 n

1337 2735 1434 2767 2130
1827 2732 1952 2766 Orvieto,
1970 2734 2004 2761 28
2019 2735 2086 2760 aout
2104 2734 2183 2761 1264,

1281 2818 1371 2846 Priori
1387 2819 1421 2845 de
1439 2817 1585 2850 Albalaco,
1607 2817 1745 2844 canonico
1763 2817 1901 2845 ecclesiae
1921 2817 2102 2850 valentinae,
2123 2818 2259 2853 indulget

1276 2936 1298 2959 1.
1316 2935 1354 2960 Le
1373 2934 1533 2959 manuscrit
1549 2936 1629 2965 porte
1645 2929 1714 2958 ιεῖι.
