2519 3262
213 253 268 282 ηε
960 247 1204 278 Rssois'rsssss
1234 247 1449 279 D’cussAlx
1484 249 1540 279 ir.

210 344 294 374 quas
308 335 339 364 in
358 336 431 373 ipsa
448 333 589 364 ecclesia
605 341 722 363 vacare
738 332 911 370 contingit,
924 332 1219 370 proeoinstituerc

209 389 345 427 propria
363 387 551 417 temeritate
567 387 765 425 presumunt
782 386 828 420 ut,
846 384 1010 415 divitibus
1028 386 1058 415 et
1079 385 1220 423 potenti-

209 442 272 472 bus
296 441 379 480 ipsis
403 449 459 470 eas
486 441 622 478 propter
638 439 871 477 impotentiam
891 438 1118 476 predictorum
1143 446 1221 476 pau-

209 503 327 534 perum
345 495 376 524 et
406 494 614 532 ydoneorum
639 492 838 521 clericorum
854 491 1019 521 violenter
1041 491 1221 521 detinenti-

209 547 283 581 bus,
303 547 427 585 recepti
454 546 573 584 prefati
597 554 655 583 per
680 553 737 575 eos
756 544 826 574 illis
846 544 965 575 leviter
983 545 1017 574 in
1035 544 1220 583 prebenda-

208 609 283 630 rum
302 600 451 638 ipsarum
464 599 674 628 assecutione
690 590 881 631 succedant,
897 597 997 627 dictis
1014 597 1219 636 pauperibus

209 654 240 683 et
257 653 397 691 ydoneis
417 652 549 681 clericis
578 651 609 680 in
630 651 702 690 ipsa
719 651 860 680 ecclesia
879 651 1134 681 remanentibus
1150 660 1219 681 om-

209 706 288 736 nino
305 705 498 745 provisione
518 704 693 734 fraudatis.
712 705 796 734 Cum
821 706 933 734 autem
963 704 1069 734 nostri
1089 704 1219 743 apposi-

208 759 298 789 tione
315 758 447 788 consilii
464 767 564 796 super
577 757 755 795 premissis
772 757 887 787 deceat
912 757 1094 787 salubriter
1108 758 1218 796 provi-

207 812 289 847 deri,
302 811 496 841 discretioni
509 812 619 841 vestre
630 810 829 840 mandamus
842 810 1001 848 quatinus
1012 812 1080 840 tam
1092 810 1217 841 dictum

208 867 371 895 statutum
397 873 496 903 quam
522 864 748 902 receptionem
774 864 893 893 talium
916 863 1024 902 ipsius
1043 864 1218 894 occasione

207 919 449 956 presumptum,
466 919 497 947 et
510 917 671 955 quicquid
686 926 725 947 ex
740 917 789 947 eis
802 916 926 947 factum
941 918 1003 952 est,
1019 917 1219 947 auctoritate

208 972 323 1001 nostra
342 979 400 1008 per
427 978 486 999 vos
512 970 563 999 vel
582 969 667 999 alios
699 978 757 999 seu
777 969 882 999 alitim
912 969 943 999 in
968 969 1100 999 irritum
1130 978 1220 1000 revo-

207 1025 321 1053 cantes
338 1026 369 1053 et
397 1023 635 1053 denuntiantes
658 1023 794 1061 penitus
819 1031 883 1052 non
903 1024 1029 1058 tenere,
1051 1023 1219 1061 predictos

207 1077 246 1107 de
266 1085 351 1106 novo
367 1076 400 1106 in
417 1076 559 1106 ecclesia
576 1076 649 1114 ipsa
667 1077 820 1114 receptos
837 1076 959 1106 exinde
975 1076 1110 1114 penitus
1132 1085 1221 1106 amo-

208 1139 284 1160 vere
301 1129 437 1163 curetis,
458 1138 517 1159 nec
534 1129 667 1168 aliquos
683 1128 821 1165 ibidem,
837 1129 1011 1159 occasione
1031 1129 1140 1167 ipsius
1157 1131 1220 1159 sta-

207 1183 269 1213 tuli
289 1182 453 1220 nepharii,
465 1182 504 1212 de
517 1183 626 1212 cetero
644 1182 677 1211 in
689 1182 869 1212 canonicos
884 1182 987 1220 recipi
999 1182 1219 1221 permittatis,

208 1244 273 1265 non
304 1235 457 1265 obstante
481 1235 510 1265 si
539 1235 642 1273 aliqui
668 1244 709 1265 ex
735 1235 862 1264 eisdem
893 1235 932 1265 de
963 1244 1048 1265 novo
1075 1235 1219 1273 receptis

209 1297 310 1327 super
338 1288 531 1326 hujusmodi
556 1288 748 1326 receptione
772 1296 829 1318 sua
859 1288 892 1317 in
922 1288 1027 1318 forma
1050 1289 1219 1318 communi

209 1341 341 1371 litteras
370 1341 636 1371 confirmationis
661 1350 679 1371 a
709 1342 787 1371 sede
811 1341 996 1379 apostolica
1020 1342 1220 1379 impetrasse

209 1395 377 1431 dicuntur,
394 1394 656 1424 contradictores
682 1403 741 1432 per
759 1403 936 1424 censuram
955 1394 1220 1424 ecclesiasticam

209 1447 436 1486 appellatione
464 1447 653 1485 postposita
684 1448 938 1485 compesvendo¹
968 1448 1039 1477 Nos
1058 1447 1147 1477 enim
1176 1448 1221 1477 ni-

209 1500 412 1530 chilominus
431 1501 643 1530 decernimus
672 1500 805 1530 irritum
825 1502 854 1530 et
874 1500 972 1530 inane
990 1500 1149 1539 quicquid
1168 1509 1222 1530 su-

209 1562 267 1591 per
286 1553 463 1591 premissis
492 1562 589 1583 secus
608 1553 706 1583 suerit
724 1555 970 1591 attemptatum.
990 1553 1085 1588 Quod
1108 1553 1136 1582 si
1156 1562 1220 1583 non

209 1606 306 1636 ambo
328 1606 393 1635 liiis
412 1607 620 1645 exequendis
638 1606 817 1645 potueritis
837 1607 1013 1637 interesse.
1036 1606 1120 1636 alter
1144 1608 1219 1637 etc..

209 1668 315 1698 usque
332 1661 529 1698 exequatur.
552 1660 675 1689 Datum
694 1660 780 1698 apud
796 1659 1084 1691 Urbemveterem.
1107 1670 1126 1689 ιι
1145 1660 1220 1690 idus

209 1712 413 1750 novembris,
436 1722 522 1743 anno
540 1713 650 1743 tertio.

304 1903 396 1933 [1255

727 1902 850 1931 Orvieto‚
867 1904 882 1927 Γ)
896 1902 1049 1928 novembre
1073 1903 1149 1929 1203.

247 1980 341 2007 Electo
365 1981 609 2015 Brandelmrgensi
629 1982 741 2007 mandat
772 1984 795 2006 ut
817 1981 1001 2007 Lambertum
1018 1982 1051 2008 de
1075 1982 1221 2013 Juterbuc,

210 2037 363 2063 pauperem
387 2029 534 2060 clericum,
566 2030 591 2055 in
623 2030 833 2063 possessi·;›11ein
862 2030 999 2056 eeclesia-¹
1021 2031 1054 2056 dc
1072 2030 1221 2057 Salmans-

210 2078 293 2112 torpli
311 2078 418 2104 mittat.
439 2078 517 2105 ιΒΕεῐ.
534 2080 578 2105 ΞΩ.
596 2078 705 2105 111811,
722 2083 750 2104 u⁰
766 2078 842 2106 :wid

250 2200 266 2221 ((
285 2215 308 2221 .,
329 2190 421 2220 electo
440 2191 717 2229 Brandebeaerycnsi.
742 2192 892 2221 Dilectus
916 2193 1006 2222 lilius
1022 2193 1222 2224 Lambertus

211 2245 250 2274 de
267 2244 440 2278 duterbuc,
459 2253 585 2283 pauper
611 2245 753 2274 clericus
782 2245 1094 2283 tii-:nidelmrgensis
1115 2247 1223 2277 dioce-

210 2298 271 2333 sis,
302 2297 399 2327 nobis
429 2297 583 2335 exposuit
609 2297 697 2335 quod
724 2298 898 2327 tlonradus
916 2299 955 2327 de
989 2299 1222 2338 Rodenstorpli

210 2350 388 2389 presbiter,
416 2351 472 2389 qui
498 2359 556 2389 pro
588 2353 715 2381 rectore
739 2351 879 2380 ecclesie
896 2352 935 2381 de
953 2352 1220 2392 Salmanstorpb.
1253 2383 1254 2391 ,

211 2403 355 2433 diocesis
373 2404 532 2441 predicte,
551 2412 586 2433 se
601 2403 696 2441 gerit,
713 2404 751 2433 de
772 2404 958 2441 presbitero
972 2405 1106 2443 genitus
1125 2408 1156 2437 ot
1172 2416 1223 2435 so-

211 2457 293 2491 luta,
312 2465 375 2486 non
395 2456 529 2486 obtenta
545 2457 798 2495 dispensatione
818 2466 918 2496 super
938 2458 1131 2497 hujusmodi
1150 2470 1225 2490 suo-

212 2519 286 2539 rum
314 2510 444 2540 defectu
470 2510 633 2539 natalium
656 2509 697 2539 ab
716 2510 902 2548 apostolica
917 2511 1007 2547 sede,
1027 2512 1150 2542 dictam
1175 2522 1224 2542 ec-

212 2563 361 2596 clesiam,
381 2563 433 2592 cui
463 2572 542 2592 cura
559 2564 607 2593 est
633 2563 822 2593 animarum
840 2572 981 2601 annexa,
1003 2564 1121 2595 illicite
1143 2566 1224 2596 deti-

212 2624 290 2645 nero
310 2615 485 2653 presumit,
506 2615 538 2644 in
562 2615 672 2645 anime
698 2624 757 2646 sue
783 2617 982 2654 periculum,
1003 2617 1154 2656 ejusdem
1175 2628 1223 2648 ee-
1254 2620 1255 2627 ¹

212 2668 313 2698 closie
333 2668 571 2698 detrimentum
592 2677 656 2698 non
673 2669 840 2699 modicum
857 2671 885 2700 et
904 2671 1100 2701 scandalum
1119 2671 1225 2709 pluri-

214 2730 356 2751 morum.
381 2722 491 2756 Quare
523 2721 632 2751 dictus
665 2722 808 2751 clericus
837 2722 1011 2753 humiliter
1044 2724 1177 2762 petebat
1207 2734 1224 2754 a

213 2774 310 2804 nobis
329 2776 375 2805 ut,
402 2782 476 2803 cum
500 2774 571 2812 ipse
590 2775 719 2804 nullum
740 2775 939 2805 lwneticium
956 2777 1224 2807 ecclesiasticum

214 2827 257 2857 sit
275 2827 426 2865 adeptus,
444 2826 508 2856 sibi
526 2827 565 2856 de
584 2828 671 2857 dicta
688 2828 841 2865 ecclesia,
859 2829 953 2867 cujus
972 2832 1154 2868 proventus
1170 2840 1225 2861 va-
1255 2820 1256 2828 ἵ

214 2880 318 2909 lorem
344 2888 491 2909 annuum
517 2882 589 2909 octo
617 2889 805 2911 marcarum
826 2882 966 2921 argenti.
985 2883 1069 2913 sicut
1089 2884 1222 2917 asserit,

214 2942 278 2963 non
305 2933 480 2968 excedunt,
511 2933 692 2971 provideri,
724 2934 911 2972 presbitero
944 2935 1073 2974 prefato
1112 2939 1224 2967 amoto

1282 332 1414 369 exinde,
1445 333 1695 364 mandaremus.
1722 333 1806 364 Cum
1823 336 1935 365 autem
1964 335 2108 366 clericus
2137 336 2210 375 ipse
2235 344 2295 375 per

1281 385 1441 415 dilectum
1463 386 1570 416 tilium
1602 387 1800 425 magistrum
1836 388 1987 422 Petrum,
2019 388 2294 420 archidiaconum

1282 438 1494 469 Bruliensem
1517 439 1549 468 in
1570 440 1713 470 ecclesia
1734 441 1940 479 Agennensi,
1963 441 2145 481 diligenter
2167 442 2295 472 exami-

1282 493 1380 521 natus
1408 492 1509 521 suerit
1536 495 1566 522 et
1594 495 1822 531 competenter
1855 494 1889 523 in
1922 494 2113 524 litteratura
2136 495 2295 525 inventus

1281 545 1434 583 ydoneus
1460 546 1499 575 ad
1527 545 1726 576 beneficium
1757 547 2026 577 ecclesiasticum
2061 547 2294 583 obtinendum,

1282 607 1353 634 nos,
1373 607 1449 628 eum
1472 599 1525 637 pia
1555 598 1783 629 benivolentia
1811 602 2068 639 prosequentes,
2096 600 2294 631 discretioni

1280 653 1335 681 tue
1366 652 1565 681 mandamus
1593 653 1762 691 quatinus,
1783 653 1810 682 si
1838 653 1927 692 quod
1946 653 1986 683 de
2008 653 2196 691 presbitero
2220 654 2294 692 ipso

1280 713 1382 743 super
1407 705 1586 743 premissis
1609 705 1785 740 asseritur,
1806 706 1948 736 veritate
1977 706 2126 741 fulcitur,
2156 715 2234 737 eum
2253 706 2296 736 ab

1280 758 1422 787 ecclesia
1446 758 1530 797 ipsa.
1548 760 1647 797 prout
1663 759 1794 797 justum
1815 759 1927 794 suerit,
1947 768 2102 790 amovere
2121 768 2294 798 procures,

1281 819 1422 849 eamque
1453 812 1668 850 postmodum
1689 812 1819 850 prefato
1845 812 1980 849 clerico,
2005 813 2035 842 si
2051 813 2094 842 sit
2112 812 2297 843 laudabilis

1281 865 1549 894 conversationis
1568 867 1597 895 et
1616 865 1694 901 vite,
1711 874 1773 895 nec
1789 865 1928 904 aliquod
1948 865 2150 896 beneficium
2176 865 2297 896 habeat

1281 917 1440 956 aliudque
1466 917 1530 948 sibi
1560 919 1759 948 canonicum
1787 927 1852 949 non
1872 918 2027 953 obsistat,
2046 928 2106 958 per
2121 922 2153 949 te
2169 919 2220 949 vel
2237 927 2297 958 per

1281 971 1386 1000 alium
1412 971 1609 1001 auctoritate
1628 973 1743 1001 nostra
1759 972 1913 1002 conferas
1932 974 1962 1002 et
1982 972 2147 1011 assignes,
2169 972 2297 1002 faciens

1281 1033 1356 1054 eum
1375 1025 1514 1062 pacitica
1530 1025 1640 1063 ipsius
1656 1025 1797 1055 ecclesie
1813 1026 2030 1064 possessione
2047 1025 2204 1064 gaudere,
2220 1033 2296 1055 con·

1281 1077 1480 1107 tradictores
1496 1086 1555 1116 per
1573 1086 1751 1108 censuram
1772 1078 2050 1114 ecclesiasticam,
2067 1078 2297 1117 appellatione

1282 1131 1483 1169 postposita,
1502 1131 1757 1169 compescendo,
1775 1140 1840 1161 non
1864 1131 2017 1162 obstante
2037 1132 2064 1161 si
2088 1131 2261 1170 aliquibus
2278 1140 2296 1161 a

1282 1184 1360 1214 sede
1380 1184 1565 1222 apostolica
1593 1185 1636 1214 sit
1653 1185 1822 1214 indultum
1838 1185 1926 1223 quod
1944 1185 2107 1223 suspendi
2126 1185 2179 1215 vel
2195 1185 2296 1215 inter-

1281 1237 1345 1266 dici
1365 1238 1419 1267 aut
1442 1238 1730 1267 excommunicari
1748 1246 1813 1267 non
1831 1238 1961 1277 possint
1990 1247 2050 1277 per
2070 1238 2180 1277 ipsius
2204 1238 2296 1268 sedis

1280 1290 1412 1320 litteras
1431 1299 1495 1319 non
1513 1290 1675 1320 facientes
1694 1291 1827 1328 plenam
1848 1293 1879 1321 et
1894 1300 2091 1329 expressam
2106 1292 2146 1321 de
2164 1291 2295 1321 indulto

1280 1343 1474 1381 hujusmodi
1489 1343 1707 1379 mentionem,
1725 1344 1771 1373 ita
1786 1346 1897 1374 tamen
1917 1344 2006 1383 quod
2023 1344 2132 1374 dictus
2153 1344 2296 1374 clericus

1282 1405 1317 1425 se
1342 1397 1382 1425 ad
1407 1404 1524 1425 omnes
1541 1396 1687 1432 ordines,
1708 1397 1844 1427 statutis
1862 1396 2085 1435 temporibus,
2107 1397 2207 1427 faciat
2222 1405 2298 1436 pro-

1282 1449 1410 1479 moveri
1429 1450 1461 1479 et
1482 1449 1515 1478 in
1533 1449 1676 1479 ecclesia
1696 1450 1769 1488 ipsa
1785 1450 2004 1480 residentiam
2022 1450 2121 1480 faciat
2139 1458 2297 1488 persona-

1282 1502 1368 1536 lem,
1394 1501 1546 1540 alioquin
1572 1501 1766 1540 hujusmodi
1795 1502 1930 1533 collatio
1951 1505 1983 1533 et
2004 1503 2191 1541 assignatio
2211 1511 2296 1542 quas

1282 1556 1311 1585 ei
1330 1556 1369 1585 de
1388 1555 1477 1585 dicta
1494 1555 1638 1585 ecclesia
1654 1556 1727 1586 fieri
1745 1557 1934 1595 contigerit,
1950 1556 2080 1586 nullius
2098 1557 2234 1595 penitus
2254 1557 2297 1587 sit

1282 1608 1455 1638 momenti.
1473 1609 1641 1638 Volumus
1660 1611 1772 1639 autem
1791 1610 1880 1648 quod
1897 1618 2014 1640 omnes
2038 1610 2104 1640 alie
2122 1610 2232 1640 littere
2256 1609 2297 1640 ab

1282 1662 1468 1701 apostolica
1491 1662 1569 1692 sede
1595 1662 1647 1692 vet
1674 1663 1746 1701 ejus
1765 1663 1886 1702 legatis
1911 1662 2057 1699 obtente,
2078 1671 2206 1693 necnon
2223 1672 2299 1702 pro-

1282 1715 1466 1745 missiones
1483 1717 1513 1745 et
1533 1714 1755 1754 obligationes
1768 1725 1785 1745 a
1802 1716 2072 1755 quibuscumque
2092 1716 2177 1746 facte
2196 1724 2298 1755 super

1281 1768 1433 1807 ejusiem
1464 1768 1575 1798 clerici
1603 1769 1807 1807 provisione,
1831 1770 1922 1799 omni
1951 1769 2071 1799 robore
2091 1771 2225 1800 careant
2244 1769 2298 1800 fir—

1282 1821 1423 1852 mitatis.
1436 1822 1558 1852 Datum
1571 1822 1658 1861 apud
1673 1822 1963 1855 Urbemveterem.
1976 1822 2075 1852 nonis
2089 1822 2296 1856 novembris,

1282 1883 1368 1904 anno
1386 1875 1497 1904 tertio.
1519 1885 1534 1904 »

1375 2065 1471 2095 1156

1778 2063 1903 2097 [ti-vieto,
1922 2065 1951 2090 17
1973 2064 2130 2090 novembre
2148 2064 2225 2091 1253.

1319 2147 1457 2181 Episcopo
1476 2147 1613 2173 Moldvnsi
1642 2148 1759 2173 mandat
1781 2149 1809 2173 ut
1828 2148 1947 2173 «lonium
1969 2148 2003 2174 de
2025 2147 2190 2180 bellavalle,
2211 2148 2298 2174 Sues-

1284 2196 1425 2224 sioneusis
1442 2196 1575 2227 ‹tior-esis,
1593 2196 1676 2222 l’etro
1693 2197 1726 2222 de
1742 2196 1852 2230 Voysiri
1868 2197 1903 2223 ab
1917 2197 2019 2223 abbate
2037 2200 2060 2223 et
2080 2200 2221 2224 conventu
2237 2205 2298 2223 mo-

1284 2245 1401 2271 nasterii
1413 2245 1508 2271 silv-,w
1524 2245 1650 2279 Majoris.
1666 2245 1885 2279 Bur-degalensis
1900 2245 2190 2277 diocesis.eollatain,
2204 2246 2298 2272 eidem

1284 2294 1366 2321 Petro
1385 2294 1545 2321 vonfirnmt.
1563 2294 1641 2328 riter..
1658 2296 1702 2325 Εἰ),
1721 2294 1768 2321 sol.
1785 2296 1828 2325 Sit,
1847 2300 1874 2320 u‘*
1891 2296 1966 2329 2⁰5⁴)

1325 2417 1339 2435 «
1360 2431 1384 2437 ..
1405 2407 1544 2447 vpisropo
1561 2406 1719 2437 ,tleldvnsn
1739 2408 1905 2446 Exposuit
1927 2408 2025 2438 nobis
2042 2408 2187 2438 dilectus
2207 2408 2300 2438 tilius

1285 2460 1406 2490 Petrus
1425 2461 1464 2490 de
1481 2461 1632 2499 Yoysiri.
1652 2461 1809 2491 clericus.
1825 2461 1914 2500 quod
1931 2461 2044 2492 dilecti
2066 2461 2125 2491 tilii
2143 2486 2163 2491 ..
2182 2461 2299 2496 abbas,

1286 2515 1315 2543 et
1345 2515 1529 2543 conventus
1552 2514 1752 2544 monasterii
1769 2514 1859 2545 Silve
1877 2515 2029 2553 Majoris,
2045 2514 2175 2544 ordinis
2193 2515 2300 2545 sancti

1287 2566 1471 2600 Benedicti,
1492 2567 1754 2605 l‘iut'degnlensis
1781 2567 1938 2603 diocesis,
1965 2568 2102 2597 domum
2134 2567 2173 2597 de
2193 2567 2301 2598 Bella-

1287 2619 1385 2655 valle,
1402 2620 1661 2650 Suessionensis
1679 2620 1837 2651 diocesis,
1854 2620 1894 2650 ad
1912 2620 2038 2651 dictum
2055 2620 2301 2651 monasterium

1287 2673 1524 2710 pertinentem,
1545 2682 1646 2711 quam
1670 2673 1766 2712 prius
1791 2673 1914 2703 dilecto
1937 2673 2005 2703 tilio
2023 2673 2129 2704 nobili
2145 2674 2218 2703 viro
2235 2673 2299 2704 Ed-

1286 2725 1410 2760 wardo,
1425 2725 1648 2764 primogenito
1665 2726 1834 2755 carissimi
1853 2726 2030 2757 inCliristo
2045 2726 2105 2756 tilii
2124 2725 2300 2760 nostriH..

1287 2778 1433 2808 illustris
1451 2779 1540 2817 regis
1566 2779 1699 2817 Anglie,
1717 2787 1824 2817 usque
1843 2779 1883 2809 ad
1901 2781 2028 2809 certum
2049 2779 2213 2818 temporis
2228 2787 2302 2817 spa-

1286 2831 1370 2861 tium
1396 2832 1642 2861 concedendam
1668 2832 1844 2864 duxerant,
1865 2832 1953 2862 dicto
1980 2832 2102 2862 clerico
2125 2840 2233 2870 usque
2262 2831 2302 2861 ad

1287 2884 1374 2913 idem
1394 2886 1539 2923 tempus.
1558 2885 1598 2914 de
1621 2885 1793 2915 voluntate
1818 2885 1925 2923 ipsius
1950 2885 2000 2918 Β,
2021 2884 2084 2914 sub
2105 2885 2207 2915 certis
2228 2893 2303 2914 con-

1287 2937 1474 2967 ditionibus
1500 2939 1750 2972 concesserunt,
1768 2940 1866 2976 prout
1885 2938 1917 2967 iu
1934 2938 2059 2968 litteris
2079 2937 2155 2968 iude
2173 2937 2305 2986 contec-
