2519 3262
1045 218 1285 256 TROisIEME
1313 218 1477 255 ANNJJJE.

218 304 354 338 diocesis,
373 306 576 333 canonicatum
594 310 619 333 et
635 308 827 341 praebendam
842 316 897 334 non
914 308 1122 334 sacerdotalem
1140 308 1168 334 in
1184 316 1232 334 ec-

219 353 307 380 clesia
322 354 553 382 Ciaromontensi
568 356 689 384 confert.
704 357 782 391 (Rae.
810 358 854 390 29,
872 357 920 383 sol.
935 357 984 384 197
1004 361 1042 387 v0,
1065 364 1092 382 11¹·
1106 356 1183 391 907.)

260 470 274 489 (‹
291 460 442 499 Magistro
470 460 633 491 Guillclmo
662 460 795 491 [rolandi
818 461 854 490 (le
878 461 1053 499 Aureliuco,
1073 461 1231 501 capellano

220 518 336 547 nostro,
353 513 457 552 priori
479 513 513 543 de
533 513 663 550 Dausac,
683 515 768 553 juris
795 514 895 543 civilis
919 514 1100 554 professori,
1125 512 1228 544 Claro-

220 567 384 595 montensis
397 566 534 596 diocesis.
553 567 654 598 Viros
669 568 861 598 litterarum
877 567 1017 597 scientia
1035 585 1083 595 —.
1106 567 1230 597 Datum

219 619 308 658 apud
337 619 627 657 Urbemveterem,
649 630 690 650 xv
713 620 876 650 kalendas
898 620 1043 659 augusti,
1065 621 1231 650 311110101-

218 673 278 703 tio.
301 683 314 701 ›)

309 849 405 879 1918
771 847 896 877 Orvieto‚
917 848 949 875 18
962 847 1057 883 juillet
1080 849 1157 876 1202.

252 931 278 958 S.
297 931 424 958 Amantii
446 931 530 966 Burgi
553 931 743 959 Ruthencnsis
768 934 796 958 et
820 933 921 959 Portus
938 933 997 964 Dei,
1014 933 1228 961 Lemovicensis

214 978 372 1011 dioccsum,
399 980 510 1014 priores
535 980 697 1015 praedictae
722 981 886 1008 collationis
910 984 1075 1009 executores
1098 983 1226 1017 deputat.

214 1028 295 1063 (Rae.
322 1029 367 1063 29,
388 1028 438 1057 foi.
460 1029 520 1062 198,
539 1035 568 1056 n⁰
582 1030 657 1064 068.)

254 1145 268 1165 «
288 1157 315 1165 ..
336 1145 360 1165 s.
386 1135 529 1165 Amantii
555 1135 654 1176 Burgi
682 1136 886 1166 [ruthenensis
915 1141 966 1168 et.
988 1162 993 1167 .
1021 1137 1134 1166 Portus
1158 1137 1225 1174 Dei,

212 1188 430 1219 Lemovicensis
448 1189 610 1220 diocesem.
628 1190 730 1221 Viros
749 1190 940 1221 litterarum
960 1192 1020 1222 etc.
1038 1210 1087 1221 —.
1101 1191 1227 1222 Datum

214 1243 302 1282 apud
324 1242 615 1279 Urbemveterem,
633 1252 675 1273 xv
701 1243 864 1274 kalendas
894 1244 1041 1284 augusti,
1061 1253 1147 1275 anno
1165 1246 1229 1275 ter·

212 1296 272 1327 tio.
292 1305 309 1326 »

307 1462 401 1493 1919
792 1461 917 1493 Orvieto,
938 1462 1060 1497 b'juillet
1078 1463 1154 1489 1202.

247 1545 415 1579 Praeposito
432 1548 457 1572 et
477 1545 601 1580 capitulo
617 1545 756 1573 ecclcsiae
772 1555 794 1574 s.
814 1547 951 1574 Antonini
968 1546 1127 1574 Placentini
1147 1556 1228 1574 man-

212 1594 259 1620 dat
276 1597 303 1620 ut
333 1594 492 1621 ,iohannem
513 1595 662 1629 clericum,
687 1598 786 1622 natum
804 1597 948 1630 quondam
966 1596 1094 1623 ltainaldi
1118 1597 1225 1628 Bianci,

212 1643 282 1669 civis
305 1643 477 1677 Placentini,
501 1644 612 1671 nullum
633 1644 725 1671 adhuc
745 1645 915 1671 beneficium
936 1648 1113 1678 assecutum,
1133 1646 1161 1672 in
1182 1655 1228 1673 ca-

212 1692 346 1719 nonicum
364 1692 516 1727 recipiant,
527 1694 579 1720 sub
594 1693 811 1728 exspectatione
827 1695 1006 1728 praebendae
1026 1695 1226 1730 sacerdotalis,

213 1749 277 1768 cum
296 1742 330 1768 ad
348 1742 540 1769 sacerdotium
557 1743 720 1777 promoveri
738 1743 773 1770 sit
792 1746 919 1778 paratus.
942 1744 1021 1775 (Rae.
1036 1745 1079 1775 29,
1098 1743 1145 1771 fol.
1164 1745 1226 1778 198,

211 1795 242 1816 n0
258 1791 334 1819 909.)

254 1908 268 1926 t(
287 1897 448 1938 preposito
467 1904 494 1927 ec
517 1898 654 1938 capitulo
677 1898 799 1928 ecclesie
815 1909 839 1929 s,
864 1899 1016 1928 Antonini
1039 1899 1224 1929 Placentini.

214 1951 365 1981 Firmam
394 1960 488 1991 spem
512 1952 739 1991 fiduciamque
764 1970 814 1980 —.
832 1953 956 1983 Datum
981 1953 1069 1991 apud
1086 1952 1227 1983 Urbem-

210 2005 371 2041 veterem,
394 2015 415 2034 11
437 2014 542 2036 1101135
559 2005 650 2045 julii,
669 2014 756 2036 anno
773 2005 884 2036 tertio.
906 2017 920 2035 >›

768 2176 893 2210 Orvieto,
914 2176 947 2204 14
960 2176 1055 2212 juillet
1071 2177 1151 2204 1262.

302 2178 397 2209 1920

245 2261 384 2296 Episcopo
410 2261 530 2289 Metensi
548 2262 667 2288 mandat
684 2263 724 2292 nt,
743 2261 891 2296 Symonis,
915 2261 983 2288 dicti
1004 2262 1119 2295 Clopels,
1139 2269 1223 2288 cano-

208 2310 264 2336 nici
285 2310 422 2337 ecclesiae
437 2310 626 2337 s.Theol›aldi
644 2310 790 2342 Metensisf
808 2310 1002 2345 resignatione
1018 2313 1144 2344 recepta,
1162 2318 1223 2336 cos-

208 2359 275 2385 dem
300 2358 503 2386 canonicatum
526 2361 553 2386 et
577 2359 771 2393 praebendam
796 2359 836 2386 sic
861 2361 1006 2392 vacantes,
1029 2359 1140 2394 Hugoni
1169 2359 1224 2386 cle·

208 2406 279 2438 rico,
295 2409 363 2434 nato
380 2407 502 2434 Werriei
519 2407 552 2433 de
570 2416 592 2435 s.
612 2407 741 2439 Δ11110110,
760 2408 831 2435 civis
850 2408 1114 2440 Metensis‚nullum
1129 2408 1222 2435 adhuc

207 2455 378 2482 beneficium
406 2458 549 2488 assecuto,
572 2457 691 2483 obtentu
710 2456 833 2491 Philippi
852 2458 886 2483 de
910 2457 1065 2492 Florenges
1081 2457 1221 2492 episcopi,

207 2503 380 2531 thesaurarii
399 2504 544 2535 Metensis,
559 2505 698 2540 assignet.
719 2506 798 2540 (nm.
817 2506 861 2538 29,
880 2506 929 2534 fol.
949 2507 1008 2538 198,
1025 2512 1056 2533 n⁰
1075 2506 1150 2542 970.)

251 2622 265 2638 «
285 2610 444 2651 Episcopo
464 2611 599 2641 Mettensi.
620 2611 716 2646 Cum,
735 2612 823 2642 sicut
834 2612 1069 2643 intelleximus
1086 2631 1135 2644 —.
1156 2613 1222 2644 Da·
1251 2643 1252 2647 ,

208 2663 280 2694 tum
300 2664 389 2702 apud
413 2664 702 2701 Urbemveterem,
725 2674 746 2694 11
765 2664 841 2695 idus
865 2665 955 2704 julii,
973 2675 1060 2696 anno
1074 2666 1186 2697 tertio.
1206 2678 1222 2695 »

300 2833 393 2864 1921
760 2832 886 2864 Orvieto,
904 2832 935 2860 18
951 2832 1048 2868 juillet
1068 2834 1146 2861 1264.

244 2916 450 2943 Archidiacono
477 2915 614 2943 ecclesiae
639 2915 753 2943 Mensae
778 2916 1011 2951 Pampilonensis
1041 2919 1159 2945 mandat
1188 2922 1219 2946 ut
1248 2906 1249 2912 ἵ

2242 232 2298 261 303

1290 307 1404 333 Petrum
1420 307 1546 335 (tarsi-ac.
1559 306 1729 333 Stellcnsoni
1748 308 1884 334 clericum
1901 310 1920 341 ¹,
1938 308 2086 336 alumnum
2106 311 2237 345 magistri
2256 314 2299 339 Jo-

1289 355 1392 381 hannis
1421 356 1547 385 ‹aurs-iae,
1573 355 1714 389 capellani
1741 357 1901 390 apostolici,
1935 358 2062 384 oauouivi
2090 358 2247 389 Tres-cusis,
2271 361 2299 387 in

1288 403 1410 430 ecclesia
1427 404 1620 438 'tyrasonensi
1646 404 1674 430 in
1702 404 1912 439 portionarium
1938 407 2023 440 recipi
2049 406 2142 434 faeiat.
2165 409 2298 443 (1101129,

1291 452 1337 479 sol.
1362 453 1423 484 108,
1439 457 1469 478 11ο
1485 452 1561 485 971.)

1329 568 1343 586 ((
1363 557 1591 587 Archidincono
1618 558 1739 588 ecclesie
1760 559 1859 589 Mense
1888 560 2146 600 l'nmpilonensis.
2170 563 2299 593 Consti-

1288 612 1383 641 tutus
1401 611 1432 640 in
1452 613 1624 650 presentia
1643 630 1692 641 —.
1709 613 1833 643 Datum
1852 614 1938 652 apud
1954 614 2299 651 Urbemvetereni‚xv

1289 664 1452 694 kalendas
1471 665 1618 704 augusti,
1638 674 1724 696 anuo
1741 666 1852 696 tertio.
1873 676 1889 696 »

1381 827 1476 858 1922
1847 828 1971 859 Orvieto‚
1989 829 2127 864 25juillet
2148 831 2224 857 1204.

1323 910 1426 937 Abbati
1451 913 1476 937 et
1505 911 1658 938 conventui
1683 912 1852 938 monasterii
1880 912 2071 944 Novi-Casiri,
2102 915 2298 943 Cisterciensis

1287 959 1407 991 ordinis,
1425 959 1645 994 Argentinensis
1662 960 1795 992 diocesis,
1808 961 1936 996 indulget
1953 965 1994 993 ut,
2011 970 2066 989 non
2078 963 2299 991 obstantecons-

1286 1007 1421 1035 titutione
1437 1009 1592 1040 contraria,
1610 1010 1784 1044 Wigandum
1795 1012 1821 1037 et
1832 1011 2013 1038 Burkardum
2028 1012 2062 1038 de
2079 1012 2300 1048 Brugge,quon-

1286 1057 1352 1083 dam
1368 1057 1475 1084 ordinis
1492 1057 1615 1085 fratrum
1632 1059 1774 1085 Minorum
1792 1059 1946 1094 professos,
1964 1059 1993 1086 in
2007 1067 2106 1087 eorum
2123 1063 2298 1089 monasterio

1285 1106 1409 1133 retinere
1429 1107 1555 1134 valeant.
1574 1107 1654 1142 (Rae.
1669 1109 1714 1141 29,
1732 1108 1779 1135 fol.
1798 1109 1858 1139 198,
1881 1114 1920 1137 νο,
1937 1114 1968 1135 n⁰
1987 1110 2062 1144 972).

1327 1224 1341 1244 «
1359 1237 1366 1243 .
1389 1238 1394 1244 .
1412 1214 1527 1251 abbati,
1542 1219 1568 1245 el
1586 1215 1748 1245 conventui
1765 1216 1941 1245 monasterii
1954 1216 2168 1254 Novi-caseri,
2189 1217 2299 1248 Cister-

1286 1268 1395 1297 ciensz's
1418 1268 1546 1305 ordinis,
1565 1269 1801 1308 Atyenliueusis
1819 1269 1956 1300 diocesis.
1973 1270 2098 1301 Petitio
2115 1273 2227 1301 vestra
2244 1280 2298 1301 no-

1285 1321 1339 1351 bis
1371 1321 1523 1352 exhibita
1554 1322 1745 1353 continebat
1773 1323 1862 1361 quod
1895 1323 2017 1354 fratres
2049 1324 2240 1363 Wigandus
2268 1327 2299 1355 et

1286 1375 1484 1405 Burkardus
1510 1375 1549 1406 de
1571 1376 1714 1415 Brugge,
1734 1377 1904 1415 quondam
1928 1377 2058 1407 ordinis
2079 1377 2221 1408 fratrum
2238 1378 2297 1408 Mi-

1285 1437 1418 1462 norum,
1435 1429 1474 1459 de
1492 1429 1693 1467 ordineipso
1711 1429 1744 1459 in
1761 1439 1825 1468 quo
1840 1430 2088 1468 professionem
2102 1431 2297 1468 emiserant,

1286 1490 1321 1512 se
1339 1482 1380 1511 ad
1397 1484 1546 1512 vestrum
1565 1483 1810 1513 monasterium
1829 1483 2086 1519 transtulerunt,
2103 1485 2297 1514 affectantes

1286 1534 1411 1565 ibidem
1438 1536 1500 1565 sub
1527 1535 1742 1566 observantia
1762 1536 2000 1566 Cisterciensis
2026 1537 2154 1567 ordinis
2182 1546 2298 1577 perpe·

1285 1590 1342 1618 tuo
1372 1589 1515 1619 Domino
1543 1589 1713 1619 famulari.
1744 1590 1883 1623 Verum.
1916 1589 2026 1619 felicis
2054 1591 2297 1621 recordationis

1285 1642 1479 1673 Alexander
1508 1651 1605 1682 papa,
1625 1643 1845 1681 predecessor
1864 1645 1989 1679 noster,
2009 1643 2179 1674 universis
2199 1644 2296 1675 abba-

1285 1695 1377 1725 tibus
1403 1697 1434 1725 et
1462 1695 1684 1726 conventibus
1713 1696 1864 1735 eiusdem
1890 1696 2019 1727 ordInis
2044 1697 2294 1735 Cisterciensis‚

1285 1748 1318 1778 in
1339 1748 1463 1778 virtute
1487 1748 1676 1779 obedientie
1694 1749 1773 1778 suis·
1789 1749 1924 1779 dedisse
1950 1749 2073 1780 dicitur
2087 1750 2212 1780 litteris
2232 1751 2297 1781 dis—

1284 1802 1419 1832 trictius
1437 1802 1469 1831 in
1490 1802 1657 1840 preceptis
1676 1803 1722 1837 ut,
1747 1802 1873 1840 siquos
1897 1802 2019 1832 fratres
2042 1802 2151 1841 ipsius
2168 1803 2297 1834 ordinis

1284 1855 1466 1892 ltilnorum,
1487 1855 1615 1893 absque
1640 1864 1779 1885 suorum
1802 1855 2038 1886 ministrorum
2062 1856 2166 1894 petita
2184 1858 2215 1887 et
2241 1857 2298 1887 ob-

1283 1910 1376 1938 tenta
1403 1908 1551 1942 licentia,
1581 1910 1787 1947 receperant,
1818 1908 1928 1938 eidem
1964 1909 2073 1938 ordini
2114 1909 2294 1947 Mirmrum,

1285 1962 1357 1992 sine
1388 1961 1550 1991 dilatione
1569 1970 1605 1991 ac
1623 1961 1822 1991 difficultate
1840 1961 2003 2000 qualibet,
2025 1963 2205 1993 restituere
2222 1972 2296 2002 pro-

1284 2017 1452 2050 curarent,
1482 2024 1518 2044 ac
1545 2014 1787 2045 nichilominus
1815 2014 1994 2045 abbatibus
2015 2017 2047 2045 et
2075 2015 2296 2046 conventibus

1282 2068 1446 2106 predictis
1462 2068 1609 2098 inhibuit
1626 2076 1678 2104 ne,
1698 2069 1854 2106 pretextu
1873 2076 2149 2107 quarumcunque
2167 2069 2294 2099 littera-

1283 2135 1357 2156 rum
1383 2135 1401 2155 a
1421 2126 1500 2156 sede
1529 2125 1715 2165 apostolica
1733 2126 1936 2165 generaliter
1956 2126 2007 2156 vel
2027 2127 2220 2165 specialiter
2240 2127 2295 2157 ob-

1282 2181 1452 2209 tentarum
1468 2179 1519 2209 vel
1537 2179 1808 2215 obtinendarum,
1824 2187 1888 2218 que
1901 2179 1940 2209 de
1956 2179 2150 2218 hujusmodi
2171 2180 2294 2210 litteris

1282 2233 1391 2271 ipsius
1403 2232 1654 2271 predecessoris
1667 2232 1802 2271 plenam
1813 2235 1843 2262 et
1859 2241 2056 2271 expressam
2067 2242 2131 2263 non
2148 2233 2294 2264 facerent

1254 2303 1255 2307 =
1281 2286 1501 2322 mentionem,
1531 2286 1611 2315 dicti
1631 2285 1761 2315 ordinis
1776 2286 1944 2316 Minornm
1965 2285 2086 2316 fratres
2107 2286 2292 2324 professos,

1254 2337 1354 2369 'sine
1390 2339 1519 2377 prefata
1559 2338 1707 2374 licentia,

1749 2338 1966 2368 admitterent
2004 2339 2037 2368 in
2074 2339 2292 2369 Cisterciensi

1281 2393 1397 2423 ordine
1426 2392 1633 2431 supradicto,
1661 2392 1844 2422 decernens
1866 2391 2000 2421 irritum
2029 2394 2060 2422 et
2082 2392 2181 2423 inane
2201 2393 2291 2431 quic-

1280 2446 1362 2486 quid
1399 2447 1514 2476 contra
1552 2446 1747 2484 preceptum
1772 2446 1803 2475 et
1829 2444 2065 2475 inhibitionem
2095 2445 2291 2485 hujusmodi

1280 2507 1382 2538 super
1426 2499 1486 2529 hoc
1522 2499 1731 2537 contingeret
1771 2498 1976 2536 attemptari.
2015 2499 2142 2529 Eadem
2181 2502 2277 2529 aucto

1279 2552 1379 2583 ritate
1408 2552 1527 2583 statuit
1556 2553 1591 2582 ut
1622 2553 1858 2591 presumentes
1888 2551 2032 2582 scienter
2062 2554 2178 2583 contra
2206 2552 2292 2583 inhi-

1279 2605 1443 2637 bitionem
1472 2607 1503 2636 et
1535 2606 1729 2644 preceptum
1761 2605 1911 2644 predicta
1938 2606 2076 2645 propria
2099 2607 2290 2638 temeritate

1278 2659 1406 2696 venire,
1424 2660 1498 2698 ipso
1520 2659 1606 2690 facto
1630 2659 1831 2694 sententiam
1857 2659 2218 2690 excommunicationis
2240 2660 2291 2690 in-

1279 2715 1465 2749 currerent,
1492 2722 1510 2742 a
1537 2721 1602 2751 qua
1628 2721 1693 2742 non
1720 2714 1860 2750 possent
1890 2712 2033 2749 absolvi,
2062 2713 2128 2743 nisi
2157 2715 2289 2752 aposto-

1278 2767 1343 2797 lice
1374 2767 1465 2796 sedis
1496 2765 1690 2804 conspectui
1719 2773 1754 2795 se
1786 2766 2012 2804 personaliter
2042 2768 2288 2805 presentarent,

1279 2815 1320 2846 ab
1347 2824 1396 2852 ea,
1413 2815 1511 2854 juxta
1537 2814 1645 2853 ipsius
1673 2814 1930 2853 providentiam,
1962 2815 2172 2846 absolvendi.
2193 2816 2288 2846 Unde

1309 2925 1331 2948 1.
1347 2924 1388 2948 En
1406 2931 1503 2955 margo
1524 2931 1528 2947 z
1545 2933 1553 2945 c
1571 2924 1637 2947 Beue
1653 2924 1766 2948 transire
1776 2925 1870 2955 potest.
1887 2934 1899 2946 ν
