<?xml version="1.0" encoding="UTF-8"?>
<!DOCTYPE html PUBLIC "-//W3C//DTD XHTML 1.0 Transitional//EN"
    "http://www.w3.org/TR/xhtml1/DTD/xhtml1-transitional.dtd">
<html xmlns="http://www.w3.org/1999/xhtml" xml:lang="en" lang="en">
 <head>
  <title>
</title>
<meta http-equiv="Content-Type" content="text/html;charset=utf-8" />
  <meta name='ocr-system' content='tesseract 3.04.00' />
  <meta name='ocr-capabilities' content='ocr_page ocr_carea ocr_par ocr_line ocrx_word'/>
</head>
<body>
  <div class='ocr_page' id='page_1' title='image "./lesregistresdurb34cath/lesregistresdurb34cath_0749.png"; bbox 0 0 2659 3242; ppageno 0'>
   <div class='ocr_carea' id='block_1_1' title="bbox 103 920 256 2680">
    <p class='ocr_par' dir='ltr' id='par_1_1' title="bbox 103 920 256 2680">
     <span class='ocr_line' id='line_1_1' title="bbox 125 920 206 953; baseline 0.025 -2"><span class='ocrx_word' id='word_1_1' title='bbox 125 920 206 953; x_wconf 78' lang='lat'>1264</span> 
     </span>
     <span class='ocr_line' id='line_1_2' title="bbox 103 972 232 1001; baseline -0.008 0"><span class='ocrx_word' id='word_1_2' title='bbox 103 972 168 1001; x_wconf 79' lang='lat' dir='ltr'>mai</span> <span class='ocrx_word' id='word_1_3' title='bbox 200 973 232 1001; x_wconf 92' lang='grc'>8.</span> 
     </span>
     <span class='ocr_line' id='line_1_3' title="bbox 139 1310 232 1327; baseline -0.011 0"><span class='ocrx_word' id='word_1_4' title='bbox 139 1310 151 1327; x_wconf 68' lang='lat' dir='ltr'><strong>D</strong></span> <span class='ocrx_word' id='word_1_5' title='bbox 220 1311 232 1326; x_wconf 67' lang='lat' dir='ltr'>B</span> 
     </span>
     <span class='ocr_line' id='line_1_4' title="bbox 137 1710 256 1737; baseline 0.008 -1"><span class='ocrx_word' id='word_1_6' title='bbox 137 1720 149 1736; x_wconf 76' lang='lat'>1&gt;</span> <span class='ocrx_word' id='word_1_7' title='bbox 227 1710 256 1737; x_wconf 87' lang='grc'>9.</span> 
     </span>
     <span class='ocr_line' id='line_1_5' title="bbox 136 2147 228 2163; baseline -0.011 0"><span class='ocrx_word' id='word_1_8' title='bbox 136 2147 148 2163; x_wconf 66' lang='grc' dir='ltr'><strong>ι</strong></span> <span class='ocrx_word' id='word_1_9' title='bbox 217 2147 228 2162; x_wconf 67' lang='lat' dir='ltr'>n</span> 
     </span>
     <span class='ocr_line' id='line_1_6' title="bbox 138 2663 230 2680; baseline -0.022 0"><span class='ocrx_word' id='word_1_10' title='bbox 138 2663 150 2680; x_wconf 69' lang='lat'><em>1</em></span> <span class='ocrx_word' id='word_1_11' title='bbox 219 2663 230 2678; x_wconf 71' lang='lat' dir='ltr'>D</span> 
     </span>
    </p>
   </div>
   <div class='ocr_carea' id='block_1_2' title="bbox 279 924 409 951">
    <p class='ocr_par' dir='ltr' id='par_1_2' title="bbox 279 924 409 951">
     <span class='ocr_line' id='line_1_7' title="bbox 279 924 409 951; baseline 0.008 -1"><span class='ocrx_word' id='word_1_12' title='bbox 279 924 350 951; x_wconf 78' lang='lat' dir='ltr'>Oroi</span> <span class='ocrx_word' id='word_1_13' title='bbox 354 925 409 951; x_wconf 71' lang='lat' dir='ltr'>ew.</span> 
     </span>
    </p>
   </div>
   <div class='ocr_carea' id='block_1_3' title="bbox 910 226 1686 258">
    <p class='ocr_par' dir='ltr' id='par_1_3' title="bbox 910 226 1686 258">
     <span class='ocr_line' id='line_1_8' title="bbox 910 226 1686 258; baseline 0 -1"><span class='ocrx_word' id='word_1_14' title='bbox 910 227 1080 258; x_wconf 91' lang='lat' dir='ltr'>TABLES</span> <span class='ocrx_word' id='word_1_15' title='bbox 1098 227 1159 258; x_wconf 93' lang='lat' dir='ltr'>DU</span> <span class='ocrx_word' id='word_1_16' title='bbox 1176 226 1397 258; x_wconf 89' lang='lat' dir='ltr'>REGISTRE</span> <span class='ocrx_word' id='word_1_17' title='bbox 1413 227 1624 258; x_wconf 87' lang='lat' dir='ltr'>D&#39;URBAIN</span> <span class='ocrx_word' id='word_1_18' title='bbox 1642 228 1686 258; x_wconf 92' lang='lat' dir='ltr'>IV</span> 
     </span>
    </p>
   </div>
   <div class='ocr_carea' id='block_1_4' title="bbox 1033 321 1270 348">
    <p class='ocr_par' dir='ltr' id='par_1_4' title="bbox 1033 321 1270 348">
     <span class='ocr_line' id='line_1_9' title="bbox 1033 321 1270 348; baseline 0 -5"><span class='ocrx_word' id='word_1_19' title='bbox 1033 321 1119 348; x_wconf 71' lang='lat' dir='ltr'>Pages.</span> <span class='ocrx_word' id='word_1_20' title='bbox 1141 321 1270 343; x_wconf 76' lang='lat' dir='ltr'>Numeros.</span> 
     </span>
    </p>
   </div>
   <div class='ocr_carea' id='block_1_5' title="bbox 467 376 1072 851">
    <p class='ocr_par' dir='ltr' id='par_1_5' title="bbox 467 376 1072 851">
     <span class='ocr_line' id='line_1_10' title="bbox 472 376 1068 409; baseline 0 -6"><span class='ocrx_word' id='word_1_21' title='bbox 472 377 510 403; x_wconf 86' lang='lat' dir='ltr'>de</span> <span class='ocrx_word' id='word_1_22' title='bbox 551 377 753 409; x_wconf 84' lang='lat' dir='ltr'>Petracastri,</span> <span class='ocrx_word' id='word_1_23' title='bbox 795 377 905 404; x_wconf 87' lang='lat' dir='ltr'>clerico</span> <span class='ocrx_word' id='word_1_24' title='bbox 947 376 1068 404; x_wconf 88' lang='lat' dir='ltr'>doctori</span> 
     </span>
     <span class='ocr_line' id='line_1_11' title="bbox 471 425 1067 459; baseline -0.002 -6"><span class='ocrx_word' id='word_1_25' title='bbox 471 425 621 458; x_wconf 86' lang='lat' dir='ltr'>Thomae,</span> <span class='ocrx_word' id='word_1_26' title='bbox 644 425 795 452; x_wconf 74' lang='lat' dir='ltr'>Amedaei</span> <span class='ocrx_word' id='word_1_27' title='bbox 816 426 848 452; x_wconf 85' lang='lat' dir='ltr'>et</span> <span class='ocrx_word' id='word_1_28' title='bbox 870 425 1008 459; x_wconf 88' lang='lat' dir='ltr'>Lodoici,</span> <span class='ocrx_word' id='word_1_29' title='bbox 1029 425 1067 452; x_wconf 80' lang='lat' dir='ltr'>ri-</span> 
     </span>
     <span class='ocr_line' id='line_1_12' title="bbox 470 473 1067 509; baseline 0.002 -9"><span class='ocrx_word' id='word_1_30' title='bbox 470 473 584 500; x_wconf 89' lang='lat' dir='ltr'>liorum</span> <span class='ocrx_word' id='word_1_31' title='bbox 606 475 768 509; x_wconf 88' lang='lat' dir='ltr'>quondam</span> <span class='ocrx_word' id='word_1_32' title='bbox 791 475 931 502; x_wconf 87' lang='lat' dir='ltr'>Thomae</span> <span class='ocrx_word' id='word_1_33' title='bbox 953 475 992 501; x_wconf 86' lang='lat' dir='ltr'>de</span> <span class='ocrx_word' id='word_1_34' title='bbox 1013 475 1067 501; x_wconf 91' lang='lat' dir='ltr'>Sa-</span> 
     </span>
     <span class='ocr_line' id='line_1_13' title="bbox 471 523 1068 556; baseline 0.002 -7"><span class='ocrx_word' id='word_1_35' title='bbox 471 523 591 549; x_wconf 87' lang='lat' dir='ltr'>baudia</span> <span class='ocrx_word' id='word_1_36' title='bbox 630 523 765 556; x_wconf 85' lang='lat' dir='ltr'>comitis,</span> <span class='ocrx_word' id='word_1_37' title='bbox 805 523 926 549; x_wconf 88' lang='lat' dir='ltr'>nullum</span> <span class='ocrx_word' id='word_1_38' title='bbox 964 523 1068 550; x_wconf 87' lang='lat' dir='ltr'>adhuc</span> 
     </span>
     <span class='ocr_line' id='line_1_14' title="bbox 473 571 1068 599; baseline 0.002 -1"><span class='ocrx_word' id='word_1_39' title='bbox 473 571 663 598; x_wconf 86' lang='lat' dir='ltr'>beneficium</span> <span class='ocrx_word' id='word_1_40' title='bbox 701 572 948 599; x_wconf 82' lang='lat' dir='ltr'>ecclesiasticum</span> <span class='ocrx_word' id='word_1_41' title='bbox 988 578 1068 599; x_wconf 84' lang='lat' dir='ltr'>asse-</span> 
     </span>
     <span class='ocr_line' id='line_1_15' title="bbox 468 620 1068 656; baseline 0.002 -9"><span class='ocrx_word' id='word_1_42' title='bbox 468 622 553 653; x_wconf 87' lang='lat' dir='ltr'>cuto,</span> <span class='ocrx_word' id='word_1_43' title='bbox 571 621 610 647; x_wconf 91' lang='lat' dir='ltr'>de</span> <span class='ocrx_word' id='word_1_44' title='bbox 626 620 731 656; x_wconf 84' lang='lat' dir='ltr'>aliquo</span> <span class='ocrx_word' id='word_1_45' title='bbox 749 621 959 647; x_wconf 88' lang='lat' dir='ltr'>ecclesiastico</span> <span class='ocrx_word' id='word_1_46' title='bbox 976 621 1068 648; x_wconf 87' lang='lat' dir='ltr'>bene—</span> 
     </span>
     <span class='ocr_line' id='line_1_16' title="bbox 468 669 1067 703; baseline 0 -8"><span class='ocrx_word' id='word_1_47' title='bbox 468 669 542 696; x_wconf 81' lang='lat' dir='ltr'>ficio</span> <span class='ocrx_word' id='word_1_48' title='bbox 570 669 601 696; x_wconf 91' lang='lat' dir='ltr'>in</span> <span class='ocrx_word' id='word_1_49' title='bbox 628 669 797 695; x_wconf 82' lang='lat' dir='ltr'>Viennensi</span> <span class='ocrx_word' id='word_1_50' title='bbox 824 669 998 703; x_wconf 86' lang='lat' dir='ltr'>provincia,</span> <span class='ocrx_word' id='word_1_51' title='bbox 1026 669 1067 696; x_wconf 92' lang='lat' dir='ltr'>ci-</span> 
     </span>
     <span class='ocr_line' id='line_1_17' title="bbox 467 718 1072 753; baseline -0.002 -8"><span class='ocrx_word' id='word_1_52' title='bbox 467 719 570 745; x_wconf 87' lang='lat' dir='ltr'>vitate</span> <span class='ocrx_word' id='word_1_53' title='bbox 586 719 617 745; x_wconf 85' lang='lat' dir='ltr'>et</span> <span class='ocrx_word' id='word_1_54' title='bbox 640 718 765 752; x_wconf 81' lang='lat' dir='ltr'>diocesi,</span> <span class='ocrx_word' id='word_1_55' title='bbox 791 719 830 745; x_wconf 90' lang='lat' dir='ltr'>ad</span> <span class='ocrx_word' id='word_1_56' title='bbox 844 718 1072 753; x_wconf 86' lang='lat' dir='ltr'>cujuscumque</span> 
     </span>
     <span class='ocr_line' id='line_1_18' title="bbox 469 767 1068 802; baseline 0.002 -9"><span class='ocrx_word' id='word_1_57' title='bbox 469 773 624 802; x_wconf 78' lang='lat' dir='ltr'>personae</span> <span class='ocrx_word' id='word_1_58' title='bbox 658 767 858 793; x_wconf 86' lang='lat' dir='ltr'>collationem</span> <span class='ocrx_word' id='word_1_59' title='bbox 893 768 1068 802; x_wconf 71' lang='lat' dir='ltr'>spectante,</span> 
     </span>
     <span class='ocr_line' id='line_1_19' title="bbox 467 816 646 851; baseline 0 -9"><span class='ocrx_word' id='word_1_60' title='bbox 467 816 646 851; x_wconf 82' lang='lat' dir='ltr'>provideat.</span> 
     </span>
    </p>
   </div>
   <div class='ocr_carea' id='block_1_6' title="bbox 467 918 1278 1251">
    <p class='ocr_par' dir='ltr' id='par_1_6' title="bbox 467 918 1278 1251">
     <span class='ocr_line' id='line_1_20' title="bbox 516 918 1278 960; baseline -0.001 -11"><span class='ocrx_word' id='word_1_61' title='bbox 516 922 645 955; x_wconf 83' lang='lat' dir='ltr'>Simoni,</span> <span class='ocrx_word' id='word_1_62' title='bbox 671 922 758 948; x_wconf 79' lang='lat' dir='ltr'>tituli</span> <span class='ocrx_word' id='word_1_63' title='bbox 783 922 950 948; x_wconf 58' lang='lat' dir='ltr'>sAEeciliae</span> <span class='ocrx_word' id='word_1_64' title='bbox 973 929 1057 957; x_wconf 91' lang='lat' dir='ltr'>pres·</span> <span class='ocrx_word' id='word_1_65' title='bbox 1075 918 1079 958; x_wconf 93' lang='grc' dir='ltr'>Ι</span> <span class='ocrx_word' id='word_1_66' title='bbox 1098 921 1157 949; x_wconf 86' lang='grc'>388</span> <span class='ocrx_word' id='word_1_67' title='bbox 1177 919 1183 960; x_wconf 99' lang='grc' dir='ltr'>Ι</span> <span class='ocrx_word' id='word_1_68' title='bbox 1218 921 1278 949; x_wconf 93' lang='grc'>800</span> 
     </span>
     <span class='ocr_line' id='line_1_21' title="bbox 474 971 1071 1006; baseline 0 -8"><span class='ocrx_word' id='word_1_69' title='bbox 474 972 586 1006; x_wconf 84' lang='lat' dir='ltr'>hytero</span> <span class='ocrx_word' id='word_1_70' title='bbox 615 971 776 1003; x_wconf 78' lang='lat' dir='ltr'>cardinali,</span> <span class='ocrx_word' id='word_1_71' title='bbox 807 971 998 1005; x_wconf 85' lang='lat' dir='ltr'>apostolicae</span> <span class='ocrx_word' id='word_1_72' title='bbox 1026 976 1071 998; x_wconf 87' lang='lat' dir='ltr'>se-</span> 
     </span>
     <span class='ocr_line' id='line_1_22' title="bbox 469 1020 1071 1056; baseline -0.002 -9"><span class='ocrx_word' id='word_1_73' title='bbox 469 1021 516 1047; x_wconf 92' lang='lat' dir='ltr'>dis</span> <span class='ocrx_word' id='word_1_74' title='bbox 546 1021 659 1056; x_wconf 84' lang='lat' dir='ltr'>legato,</span> <span class='ocrx_word' id='word_1_75' title='bbox 686 1021 787 1047; x_wconf 84' lang='lat' dir='ltr'>mittit</span> <span class='ocrx_word' id='word_1_76' title='bbox 819 1020 1071 1047; x_wconf 79' lang='lat' dir='ltr'>modificationes</span> 
     </span>
     <span class='ocr_line' id='line_1_23' title="bbox 469 1069 1068 1105; baseline -0.002 -9"><span class='ocrx_word' id='word_1_77' title='bbox 469 1076 550 1105; x_wconf 87' lang='lat' dir='ltr'>quas</span> <span class='ocrx_word' id='word_1_78' title='bbox 565 1070 705 1102; x_wconf 81' lang='lat' dir='ltr'>Carolus,</span> <span class='ocrx_word' id='word_1_79' title='bbox 724 1069 927 1103; x_wconf 71' lang='lat' dir='ltr'>Andegaviae</span> <span class='ocrx_word' id='word_1_80' title='bbox 945 1070 977 1095; x_wconf 90' lang='lat' dir='ltr'>et</span> <span class='ocrx_word' id='word_1_81' title='bbox 995 1070 1068 1096; x_wconf 88' lang='lat' dir='ltr'>Pro-</span> 
     </span>
     <span class='ocr_line' id='line_1_24' title="bbox 467 1118 1066 1152; baseline -0.002 -7"><span class='ocrx_word' id='word_1_82' title='bbox 467 1118 590 1145; x_wconf 85' lang='lat' dir='ltr'>vinciae</span> <span class='ocrx_word' id='word_1_83' title='bbox 614 1125 728 1151; x_wconf 86' lang='lat' dir='ltr'>comes,</span> <span class='ocrx_word' id='word_1_84' title='bbox 754 1125 846 1152; x_wconf 85' lang='lat' dir='ltr'>super</span> <span class='ocrx_word' id='word_1_85' title='bbox 870 1118 996 1151; x_wconf 77' lang='lat' dir='ltr'>negotio</span> <span class='ocrx_word' id='word_1_86' title='bbox 1020 1124 1066 1144; x_wconf 91' lang='lat' dir='ltr'>re-</span> 
     </span>
     <span class='ocr_line' id='line_1_25' title="bbox 472 1167 1073 1202; baseline -0.002 -8"><span class='ocrx_word' id='word_1_87' title='bbox 472 1168 524 1202; x_wconf 86' lang='lat' dir='ltr'>gni</span> <span class='ocrx_word' id='word_1_88' title='bbox 547 1167 670 1195; x_wconf 83' lang='lat' dir='ltr'>Siciliae</span> <span class='ocrx_word' id='word_1_89' title='bbox 692 1169 724 1193; x_wconf 85' lang='lat' dir='ltr'>et</span> <span class='ocrx_word' id='word_1_90' title='bbox 747 1168 875 1193; x_wconf 79' lang='lat' dir='ltr'>senatus</span> <span class='ocrx_word' id='word_1_91' title='bbox 899 1167 992 1194; x_wconf 73' lang='lat' dir='ltr'>L&#39;rbis</span> <span class='ocrx_word' id='word_1_92' title='bbox 1008 1174 1073 1194; x_wconf 92' lang='lat' dir='ltr'>ma-</span> 
     </span>
     <span class='ocr_line' id='line_1_26' title="bbox 471 1216 1071 1251; baseline 0.002 -9"><span class='ocrx_word' id='word_1_93' title='bbox 471 1217 570 1251; x_wconf 85' lang='lat' dir='ltr'>gistro</span> <span class='ocrx_word' id='word_1_94' title='bbox 593 1216 724 1242; x_wconf 77' lang='lat' dir='ltr'>Alberto</span> <span class='ocrx_word' id='word_1_95' title='bbox 749 1216 872 1242; x_wconf 77' lang='lat' dir='ltr'>notario</span> <span class='ocrx_word' id='word_1_96' title='bbox 895 1216 1071 1250; x_wconf 84' lang='lat' dir='ltr'>proposuit.</span> 
     </span>
    </p>
   </div>
   <div class='ocr_carea' id='block_1_7' title="bbox 467 1296 1278 1621">
    <p class='ocr_par' dir='ltr' id='par_1_7' title="bbox 467 1296 1278 1621">
     <span class='ocr_line' id='line_1_27' title="bbox 513 1296 1278 1336; baseline 0 -9"><span class='ocrx_word' id='word_1_97' title='bbox 513 1301 625 1327; x_wconf 89' lang='lat' dir='ltr'>Eidem</span> <span class='ocrx_word' id='word_1_98' title='bbox 635 1300 786 1327; x_wconf 85' lang='lat' dir='ltr'>cardinali</span> <span class='ocrx_word' id='word_1_99' title='bbox 799 1300 943 1326; x_wconf 87' lang='lat' dir='ltr'>concedit</span> <span class='ocrx_word' id='word_1_100' title='bbox 960 1299 1058 1327; x_wconf 81' lang='lat' dir='ltr'>facul·</span> <span class='ocrx_word' id='word_1_101' title='bbox 1076 1296 1080 1336; x_wconf 89' lang='grc' dir='ltr'>Ι</span> <span class='ocrx_word' id='word_1_102' title='bbox 1099 1299 1153 1327; x_wconf 91' lang='grc'>391</span> <span class='ocrx_word' id='word_1_103' title='bbox 1176 1296 1182 1336; x_wconf 92' lang='grc' dir='ltr'>Ι</span> <span class='ocrx_word' id='word_1_104' title='bbox 1220 1299 1278 1327; x_wconf 87' lang='grc'>815</span> 
     </span>
     <span class='ocr_line' id='line_1_28' title="bbox 470 1348 1072 1383; baseline -0.002 -7"><span class='ocrx_word' id='word_1_105' title='bbox 470 1351 571 1376; x_wconf 86' lang='lat' dir='ltr'>tatem</span> <span class='ocrx_word' id='word_1_106' title='bbox 594 1349 816 1383; x_wconf 82' lang='lat' dir='ltr'>suspendendi,</span> <span class='ocrx_word' id='word_1_107' title='bbox 832 1348 944 1375; x_wconf 81' lang='lat' dir='ltr'>afesto</span> <span class='ocrx_word' id='word_1_108' title='bbox 965 1349 995 1375; x_wconf 90' lang='lat' dir='ltr'>b.</span> <span class='ocrx_word' id='word_1_109' title='bbox 1017 1351 1072 1377; x_wconf 88' lang='lat' dir='ltr'>Jo-</span> 
     </span>
     <span class='ocr_line' id='line_1_29' title="bbox 469 1398 1069 1432; baseline -0.002 -7"><span class='ocrx_word' id='word_1_110' title='bbox 469 1398 582 1425; x_wconf 87' lang='lat' dir='ltr'>hannis</span> <span class='ocrx_word' id='word_1_111' title='bbox 594 1398 762 1432; x_wconf 76' lang='lat' dir='ltr'>Baptistae</span> <span class='ocrx_word' id='word_1_112' title='bbox 775 1398 919 1432; x_wconf 90' lang='lat' dir='ltr'>proximo</span> <span class='ocrx_word' id='word_1_113' title='bbox 933 1399 1069 1424; x_wconf 83' lang='lat' dir='ltr'>venturo</span> 
     </span>
     <span class='ocr_line' id='line_1_30' title="bbox 473 1447 1072 1482; baseline 0 -8"><span class='ocrx_word' id='word_1_114' title='bbox 473 1454 574 1482; x_wconf 83' lang='lat' dir='ltr'>usque</span> <span class='ocrx_word' id='word_1_115' title='bbox 602 1448 642 1474; x_wconf 89' lang='lat' dir='ltr'>ad</span> <span class='ocrx_word' id='word_1_116' title='bbox 670 1454 798 1480; x_wconf 89' lang='lat' dir='ltr'>annum,</span> <span class='ocrx_word' id='word_1_117' title='bbox 826 1447 1007 1481; x_wconf 83' lang='lat' dir='ltr'>passagium</span> <span class='ocrx_word' id='word_1_118' title='bbox 1033 1447 1072 1474; x_wconf 88' lang='lat' dir='ltr'>de</span> 
     </span>
     <span class='ocr_line' id='line_1_31' title="bbox 469 1495 1068 1530; baseline 0 -8"><span class='ocrx_word' id='word_1_119' title='bbox 469 1503 564 1530; x_wconf 86' lang='lat' dir='ltr'>regno</span> <span class='ocrx_word' id='word_1_120' title='bbox 593 1495 744 1523; x_wconf 84' lang='lat' dir='ltr'>Franciae</span> <span class='ocrx_word' id='word_1_121' title='bbox 773 1496 813 1522; x_wconf 89' lang='lat' dir='ltr'>ad</span> <span class='ocrx_word' id='word_1_122' title='bbox 842 1495 1068 1522; x_wconf 82' lang='lat' dir='ltr'>ultramarinas</span> 
     </span>
     <span class='ocr_line' id='line_1_32' title="bbox 467 1545 1073 1580; baseline 0 -8"><span class='ocrx_word' id='word_1_123' title='bbox 467 1547 585 1580; x_wconf 87' lang='lat' dir='ltr'>partes,</span> <span class='ocrx_word' id='word_1_124' title='bbox 618 1545 658 1572; x_wconf 86' lang='lat' dir='ltr'>ad</span> <span class='ocrx_word' id='word_1_125' title='bbox 689 1548 802 1573; x_wconf 84' lang='lat' dir='ltr'>Terrae</span> <span class='ocrx_word' id='word_1_126' title='bbox 834 1546 976 1571; x_wconf 78' lang='lat' dir='ltr'>sanctae</span> <span class='ocrx_word' id='word_1_127' title='bbox 1006 1551 1073 1572; x_wconf 86' lang='lat' dir='ltr'>suc-</span> 
     </span>
     <span class='ocr_line' id='line_1_33' title="bbox 467 1601 602 1621; baseline 0 -1"><span class='ocrx_word' id='word_1_128' title='bbox 467 1601 602 1621; x_wconf 85' lang='lat' dir='ltr'>cursum.</span> 
     </span>
    </p>
   </div>
   <div class='ocr_carea' id='block_1_8' title="bbox 1071 1656 1195 1678">
    <p class='ocr_par' dir='ltr' id='par_1_8' title="bbox 1071 1656 1195 1678">
     <span class='ocr_line' id='line_1_34' title="bbox 1071 1656 1195 1678; baseline 0.008 -1"><span class='ocrx_word' id='word_1_129' title='bbox 1071 1658 1135 1678; x_wconf 81' lang='lat' dir='ltr'>tome</span> <span class='ocrx_word' id='word_1_130' title='bbox 1164 1656 1195 1678; x_wconf 83' lang='lat'>111</span> 
     </span>
    </p>
   </div>
   <div class='ocr_carea' id='block_1_9' title="bbox 468 1703 1281 2038">
    <p class='ocr_par' dir='ltr' id='par_1_9' title="bbox 468 1703 1281 2038">
     <span class='ocr_line' id='line_1_35' title="bbox 513 1703 1281 1744; baseline 0 -10"><span class='ocrx_word' id='word_1_131' title='bbox 513 1708 671 1743; x_wconf 86' lang='lat' dir='ltr'>Episcopo</span> <span class='ocrx_word' id='word_1_132' title='bbox 694 1707 842 1743; x_wconf 88' lang='lat' dir='ltr'>Equilino</span> <span class='ocrx_word' id='word_1_133' title='bbox 856 1708 989 1734; x_wconf 85' lang='lat' dir='ltr'>mandat</span> <span class='ocrx_word' id='word_1_134' title='bbox 1012 1708 1058 1741; x_wconf 84' lang='lat' dir='ltr'>ut,</span> <span class='ocrx_word' id='word_1_135' title='bbox 1077 1703 1081 1744; x_wconf 93' lang='grc' dir='ltr'>Ι</span> <span class='ocrx_word' id='word_1_136' title='bbox 1099 1705 1160 1734; x_wconf 78' lang='grc'>249</span> <span class='ocrx_word' id='word_1_137' title='bbox 1177 1703 1182 1743; x_wconf 88' lang='grc' dir='ltr'>Ι</span> <span class='ocrx_word' id='word_1_138' title='bbox 1204 1707 1281 1734; x_wconf 91' lang='grc'>1648</span> 
     </span>
     <span class='ocr_line' id='line_1_36' title="bbox 472 1756 1071 1784; baseline -0.002 0"><span class='ocrx_word' id='word_1_139' title='bbox 472 1757 727 1784; x_wconf 83' lang='lat' dir='ltr'>consideratione</span> <span class='ocrx_word' id='word_1_140' title='bbox 766 1756 931 1784; x_wconf 85' lang='lat' dir='ltr'>Laurentii</span> <span class='ocrx_word' id='word_1_141' title='bbox 973 1757 1071 1784; x_wconf 90' lang='lat' dir='ltr'>Theo-</span> 
     </span>
     <span class='ocr_line' id='line_1_37' title="bbox 469 1805 1068 1842; baseline -0.002 -9"><span class='ocrx_word' id='word_1_142' title='bbox 469 1807 544 1842; x_wconf 90' lang='lat' dir='ltr'>poli,</span> <span class='ocrx_word' id='word_1_143' title='bbox 566 1807 635 1833; x_wconf 88' lang='lat' dir='ltr'>nati</span> <span class='ocrx_word' id='word_1_144' title='bbox 652 1807 816 1842; x_wconf 78' lang='lat' dir='ltr'>quondam</span> <span class='ocrx_word' id='word_1_145' title='bbox 835 1805 949 1833; x_wconf 84' lang='lat' dir='ltr'>Jacobi</span> <span class='ocrx_word' id='word_1_146' title='bbox 969 1806 1068 1833; x_wconf 86' lang='lat' dir='ltr'>Theo-</span> 
     </span>
     <span class='ocr_line' id='line_1_38' title="bbox 468 1855 1069 1890; baseline -0.003 -8"><span class='ocrx_word' id='word_1_147' title='bbox 468 1856 543 1890; x_wconf 83' lang='lat' dir='ltr'>poli‚</span> <span class='ocrx_word' id='word_1_148' title='bbox 564 1855 653 1882; x_wconf 86' lang='lat' dir='ltr'>ducis</span> <span class='ocrx_word' id='word_1_149' title='bbox 673 1856 878 1887; x_wconf 86' lang='lat' dir='ltr'>Venetorum,</span> <span class='ocrx_word' id='word_1_150' title='bbox 900 1855 1069 1888; x_wconf 68' lang='lat' dir='ltr'>Andream,</span> 
     </span>
     <span class='ocr_line' id='line_1_39' title="bbox 468 1903 1070 1937; baseline -0.005 -5"><span class='ocrx_word' id='word_1_151' title='bbox 468 1906 592 1933; x_wconf 87' lang='lat' dir='ltr'>dictum</span> <span class='ocrx_word' id='word_1_152' title='bbox 615 1904 745 1937; x_wconf 81' lang='lat' dir='ltr'>Gausin,</span> <span class='ocrx_word' id='word_1_153' title='bbox 764 1904 796 1930; x_wconf 90' lang='lat' dir='ltr'>in</span> <span class='ocrx_word' id='word_1_154' title='bbox 814 1903 943 1930; x_wconf 85' lang='lat' dir='ltr'>ecclesia</span> <span class='ocrx_word' id='word_1_155' title='bbox 962 1904 1070 1930; x_wconf 88' lang='lat' dir='ltr'>Ferra-</span> 
     </span>
     <span class='ocr_line' id='line_1_40' title="bbox 470 1951 1071 1987; baseline -0.003 -6"><span class='ocrx_word' id='word_1_156' title='bbox 470 1954 565 1981; x_wconf 90' lang='lat' dir='ltr'>riensi</span> <span class='ocrx_word' id='word_1_157' title='bbox 588 1954 620 1980; x_wconf 92' lang='lat' dir='ltr'>in</span> <span class='ocrx_word' id='word_1_158' title='bbox 644 1953 831 1980; x_wconf 85' lang='lat' dir='ltr'>canonicum</span> <span class='ocrx_word' id='word_1_159' title='bbox 856 1952 951 1987; x_wconf 89' lang='lat' dir='ltr'>recipi</span> <span class='ocrx_word' id='word_1_160' title='bbox 974 1951 1071 1979; x_wconf 84' lang='lat' dir='ltr'>faciat</span> 
     </span>
     <span class='ocr_line' id='line_1_41' title="bbox 477 2002 1072 2038; baseline 0 -9"><span class='ocrx_word' id='word_1_161' title='bbox 477 2003 568 2038; x_wconf 89' lang='lat' dir='ltr'>eique</span> <span class='ocrx_word' id='word_1_162' title='bbox 604 2003 643 2030; x_wconf 90' lang='lat' dir='ltr'>de</span> <span class='ocrx_word' id='word_1_163' title='bbox 678 2002 858 2037; x_wconf 85' lang='lat' dir='ltr'>praebenda</span> <span class='ocrx_word' id='word_1_164' title='bbox 894 2002 1072 2036; x_wconf 85' lang='lat' dir='ltr'>provideat.</span> 
     </span>
    </p>
   </div>
   <div class='ocr_carea' id='block_1_10' title="bbox 1068 2075 1192 2096">
    <p class='ocr_par' dir='ltr' id='par_1_10' title="bbox 1068 2075 1192 2096">
     <span class='ocr_line' id='line_1_42' title="bbox 1068 2075 1192 2096; baseline 0.008 -1"><span class='ocrx_word' id='word_1_165' title='bbox 1068 2076 1132 2096; x_wconf 83' lang='lat' dir='ltr'>tome</span> <span class='ocrx_word' id='word_1_166' title='bbox 1161 2075 1192 2096; x_wconf 90' lang='grc'>111</span> 
     </span>
    </p>
   </div>
   <div class='ocr_carea' id='block_1_11' title="bbox 467 2129 1280 2554">
    <p class='ocr_par' dir='ltr' id='par_1_11' title="bbox 509 2129 1280 2171">
     <span class='ocr_line' id='line_1_43' title="bbox 509 2129 1280 2171; baseline -0.001 -9"><span class='ocrx_word' id='word_1_167' title='bbox 509 2135 738 2162; x_wconf 87' lang='lat' dir='ltr'>Archidiacono</span> <span class='ocrx_word' id='word_1_168' title='bbox 752 2135 900 2161; x_wconf 85' lang='lat' dir='ltr'>ecclesiae</span> <span class='ocrx_word' id='word_1_169' title='bbox 912 2135 1055 2169; x_wconf 86' lang='lat' dir='ltr'>Spoleta-</span> <span class='ocrx_word' id='word_1_170' title='bbox 1074 2130 1078 2171; x_wconf 89' lang='grc' dir='ltr'>Ι</span> <span class='ocrx_word' id='word_1_171' title='bbox 1096 2131 1155 2161; x_wconf 77' lang='lat'>254</span> <span class='ocrx_word' id='word_1_172' title='bbox 1174 2129 1179 2170; x_wconf 95' lang='grc' dir='ltr'>Ι</span> <span class='ocrx_word' id='word_1_173' title='bbox 1202 2134 1280 2162; x_wconf 91' lang='grc'>1670</span> 
     </span>
    </p>

    <p class='ocr_par' dir='ltr' id='par_1_12' title="bbox 467 2183 1076 2554">
     <span class='ocr_line' id='line_1_44' title="bbox 469 2183 1067 2217; baseline -0.005 -5"><span class='ocrx_word' id='word_1_174' title='bbox 469 2191 529 2212; x_wconf 89' lang='lat' dir='ltr'>nae</span> <span class='ocrx_word' id='word_1_175' title='bbox 550 2185 683 2210; x_wconf 86' lang='lat' dir='ltr'>mandat</span> <span class='ocrx_word' id='word_1_176' title='bbox 706 2185 741 2210; x_wconf 83' lang='lat' dir='ltr'>ut</span> <span class='ocrx_word' id='word_1_177' title='bbox 764 2184 921 2216; x_wconf 88' lang='lat' dir='ltr'>Marcon0‚</span> <span class='ocrx_word' id='word_1_178' title='bbox 946 2183 1067 2217; x_wconf 88' lang='lat' dir='ltr'>clerico,</span> 
     </span>
     <span class='ocr_line' id='line_1_45' title="bbox 469 2232 1068 2260; baseline -0.003 0"><span class='ocrx_word' id='word_1_179' title='bbox 469 2234 545 2260; x_wconf 83' lang='lat' dir='ltr'>nato</span> <span class='ocrx_word' id='word_1_180' title='bbox 561 2232 675 2259; x_wconf 89' lang='lat' dir='ltr'>nobilis</span> <span class='ocrx_word' id='word_1_181' title='bbox 688 2232 748 2259; x_wconf 90' lang='lat' dir='ltr'>viri</span> <span class='ocrx_word' id='word_1_182' title='bbox 762 2232 912 2259; x_wconf 87' lang='lat' dir='ltr'>Venantii</span> <span class='ocrx_word' id='word_1_183' title='bbox 928 2232 966 2258; x_wconf 90' lang='lat' dir='ltr'>de</span> <span class='ocrx_word' id='word_1_184' title='bbox 980 2232 1068 2259; x_wconf 92' lang='lat' dir='ltr'>Mon-</span> 
     </span>
     <span class='ocr_line' id='line_1_46' title="bbox 467 2281 1068 2315; baseline -0.003 -6"><span class='ocrx_word' id='word_1_185' title='bbox 467 2282 634 2315; x_wconf 79' lang='lat' dir='ltr'>tefalcone‚</span> <span class='ocrx_word' id='word_1_186' title='bbox 659 2281 806 2308; x_wconf 85' lang='lat' dir='ltr'>ecclesiae</span> <span class='ocrx_word' id='word_1_187' title='bbox 829 2282 994 2308; x_wconf 84' lang='lat' dir='ltr'>Romanae</span> <span class='ocrx_word' id='word_1_188' title='bbox 1016 2281 1068 2308; x_wconf 88' lang='lat' dir='ltr'>de-</span> 
     </span>
     <span class='ocr_line' id='line_1_47' title="bbox 468 2330 1068 2364; baseline -0.003 -6"><span class='ocrx_word' id='word_1_189' title='bbox 468 2331 547 2364; x_wconf 87' lang='lat' dir='ltr'>voti,</span> <span class='ocrx_word' id='word_1_190' title='bbox 577 2331 712 2357; x_wconf 86' lang='lat' dir='ltr'>obtentu</span> <span class='ocrx_word' id='word_1_191' title='bbox 739 2331 780 2363; x_wconf 88' lang='lat' dir='ltr'>J.,</span> <span class='ocrx_word' id='word_1_192' title='bbox 809 2337 849 2356; x_wconf 91' lang='lat' dir='ltr'>ss.</span> <span class='ocrx_word' id='word_1_193' title='bbox 875 2330 1009 2356; x_wconf 88' lang='lat' dir='ltr'>Cosmae</span> <span class='ocrx_word' id='word_1_194' title='bbox 1035 2331 1068 2356; x_wconf 88' lang='lat' dir='ltr'>et</span> 
     </span>
     <span class='ocr_line' id='line_1_48' title="bbox 470 2378 1076 2411; baseline -0.005 -4"><span class='ocrx_word' id='word_1_195' title='bbox 470 2379 618 2407; x_wconf 89' lang='lat' dir='ltr'>Damiani</span> <span class='ocrx_word' id='word_1_196' title='bbox 653 2379 776 2406; x_wconf 87' lang='lat' dir='ltr'>diaconi</span> <span class='ocrx_word' id='word_1_197' title='bbox 825 2378 1001 2411; x_wconf 84' lang='lat' dir='ltr'>cardinalis,</span> <span class='ocrx_word' id='word_1_198' title='bbox 1038 2379 1076 2405; x_wconf 91' lang='lat' dir='ltr'>de</span> 
     </span>
     <span class='ocr_line' id='line_1_49' title="bbox 469 2427 1069 2464; baseline -0.005 -8"><span class='ocrx_word' id='word_1_199' title='bbox 469 2429 575 2464; x_wconf 90' lang='lat' dir='ltr'>aliquo</span> <span class='ocrx_word' id='word_1_200' title='bbox 604 2427 758 2455; x_wconf 87' lang='lat' dir='ltr'>beneficio</span> <span class='ocrx_word' id='word_1_201' title='bbox 788 2427 1007 2460; x_wconf 85' lang='lat' dir='ltr'>ecclesiastico,</span> <span class='ocrx_word' id='word_1_202' title='bbox 1037 2427 1069 2454; x_wconf 92' lang='lat' dir='ltr'>in</span> 
     </span>
     <span class='ocr_line' id='line_1_50' title="bbox 469 2476 1070 2511; baseline -0.005 -6"><span class='ocrx_word' id='word_1_203' title='bbox 469 2477 584 2505; x_wconf 88' lang='lat' dir='ltr'>diocesi</span> <span class='ocrx_word' id='word_1_204' title='bbox 601 2479 635 2504; x_wconf 85' lang='lat' dir='ltr'>et</span> <span class='ocrx_word' id='word_1_205' title='bbox 653 2476 785 2504; x_wconf 88' lang='lat' dir='ltr'>civitate</span> <span class='ocrx_word' id='word_1_206' title='bbox 803 2476 982 2511; x_wconf 86' lang='lat' dir='ltr'>Spoletanis</span> <span class='ocrx_word' id='word_1_207' title='bbox 1000 2482 1070 2510; x_wconf 89' lang='lat' dir='ltr'>pro-</span> 
     </span>
     <span class='ocr_line' id='line_1_51' title="bbox 467 2527 586 2554; baseline -0.008 0"><span class='ocrx_word' id='word_1_208' title='bbox 467 2527 586 2554; x_wconf 87' lang='lat' dir='ltr'>videat.</span> 
     </span>
    </p>
   </div>
   <div class='ocr_carea' id='block_1_12' title="bbox 1069 2588 1193 2610">
    <p class='ocr_par' dir='ltr' id='par_1_13' title="bbox 1069 2588 1193 2610">
     <span class='ocr_line' id='line_1_52' title="bbox 1069 2588 1193 2610; baseline 0.008 -1"><span class='ocrx_word' id='word_1_209' title='bbox 1069 2590 1133 2610; x_wconf 82' lang='lat' dir='ltr'>tome</span> <span class='ocrx_word' id='word_1_210' title='bbox 1162 2588 1193 2610; x_wconf 84' lang='grc'>111</span> 
     </span>
    </p>
   </div>
   <div class='ocr_carea' id='block_1_13' title="bbox 468 2643 1278 2928">
    <p class='ocr_par' dir='ltr' id='par_1_14' title="bbox 468 2643 1278 2928">
     <span class='ocr_line' id='line_1_53' title="bbox 507 2643 1278 2685; baseline -0.006 -8"><span class='ocrx_word' id='word_1_211' title='bbox 507 2649 753 2685; x_wconf 86' lang='lat' dir='ltr'>Archiepiscopo</span> <span class='ocrx_word' id='word_1_212' title='bbox 762 2651 781 2677; x_wconf 83' lang='lat' dir='ltr'>J</span> <span class='ocrx_word' id='word_1_213' title='bbox 786 2649 909 2676; x_wconf 90' lang='lat' dir='ltr'>adrensi</span> <span class='ocrx_word' id='word_1_214' title='bbox 920 2648 1052 2675; x_wconf 82' lang='lat' dir='ltr'>mandat</span> <span class='ocrx_word' id='word_1_215' title='bbox 1069 2643 1074 2685; x_wconf 94' lang='grc' dir='ltr'>Ι</span> <span class='ocrx_word' id='word_1_216' title='bbox 1094 2645 1154 2674; x_wconf 81' lang='lat'>432</span> <span class='ocrx_word' id='word_1_217' title='bbox 1172 2643 1178 2685; x_wconf 95' lang='grc' dir='ltr'>Ι</span> <span class='ocrx_word' id='word_1_218' title='bbox 1197 2645 1278 2675; x_wconf 77' lang='lat'><strong>2572</strong></span> 
     </span>
     <span class='ocr_line' id='line_1_54' title="bbox 471 2697 1084 2735; baseline -0.003 -9"><span class='ocrx_word' id='word_1_219' title='bbox 471 2701 517 2735; x_wconf 78' lang='lat' dir='ltr'>ut,</span> <span class='ocrx_word' id='word_1_220' title='bbox 531 2700 667 2727; x_wconf 87' lang='lat' dir='ltr'>obtentu</span> <span class='ocrx_word' id='word_1_221' title='bbox 677 2697 1008 2732; x_wconf 85' lang='lat' dir='ltr'>LaurentiiTheopoli,</span> <span class='ocrx_word' id='word_1_222' title='bbox 1017 2697 1084 2724; x_wconf 88' lang='lat' dir='ltr'>nati</span> 
     </span>
     <span class='ocr_line' id='line_1_55' title="bbox 468 2746 1067 2784; baseline -0.005 -9"><span class='ocrx_word' id='word_1_223' title='bbox 468 2749 631 2784; x_wconf 88' lang='lat' dir='ltr'>quondam</span> <span class='ocrx_word' id='word_1_224' title='bbox 655 2747 768 2775; x_wconf 88' lang='lat' dir='ltr'>Jacobi</span> <span class='ocrx_word' id='word_1_225' title='bbox 791 2746 953 2781; x_wconf 86' lang='lat' dir='ltr'>Theopoli,</span> <span class='ocrx_word' id='word_1_226' title='bbox 979 2746 1067 2773; x_wconf 89' lang='lat' dir='ltr'>ducis</span> 
     </span>
     <span class='ocr_line' id='line_1_56' title="bbox 468 2795 1073 2829; baseline -0.005 -5"><span class='ocrx_word' id='word_1_227' title='bbox 468 2798 672 2829; x_wconf 80' lang='lat' dir='ltr'>Venetorum,</span> <span class='ocrx_word' id='word_1_228' title='bbox 680 2796 826 2823; x_wconf 87' lang='lat' dir='ltr'>ecclesiae</span> <span class='ocrx_word' id='word_1_229' title='bbox 847 2796 1011 2822; x_wconf 81' lang='lat' dir='ltr'>Romanae</span> <span class='ocrx_word' id='word_1_230' title='bbox 1022 2795 1073 2821; x_wconf 86' lang='lat' dir='ltr'>de-</span> 
     </span>
     <span class='ocr_line' id='line_1_57' title="bbox 469 2843 1069 2879; baseline -0.007 -6"><span class='ocrx_word' id='word_1_231' title='bbox 469 2846 548 2879; x_wconf 89' lang='lat' dir='ltr'>voti,</span> <span class='ocrx_word' id='word_1_232' title='bbox 573 2845 750 2878; x_wconf 77' lang='lat' dir='ltr'>ancisco,</span> <span class='ocrx_word' id='word_1_233' title='bbox 775 2846 851 2871; x_wconf 89' lang='lat' dir='ltr'>nato</span> <span class='ocrx_word' id='word_1_234' title='bbox 875 2844 987 2870; x_wconf 89' lang='lat' dir='ltr'>nobilis</span> <span class='ocrx_word' id='word_1_235' title='bbox 1009 2843 1069 2870; x_wconf 90' lang='lat' dir='ltr'>viri</span> 
     </span>
     <span class='ocr_line' id='line_1_58' title="bbox 470 2893 1061 2928; baseline -0.005 -6"><span class='ocrx_word' id='word_1_236' title='bbox 470 2894 601 2928; x_wconf 90' lang='lat' dir='ltr'>Nicolai,</span> <span class='ocrx_word' id='word_1_237' title='bbox 625 2894 703 2921; x_wconf 85' lang='lat' dir='ltr'>dicti</span> <span class='ocrx_word' id='word_1_238' title='bbox 730 2893 889 2928; x_wconf 73' lang='lat' dir='ltr'>Tanaliyo,</span> <span class='ocrx_word' id='word_1_239' title='bbox 901 2893 940 2920; x_wconf 91' lang='lat' dir='ltr'>de</span> <span class='ocrx_word' id='word_1_240' title='bbox 961 2893 1061 2920; x_wconf 87' lang='lat' dir='ltr'>Vene-</span> 
     </span>
    </p>
   </div>
   <div class='ocr_carea' id='block_1_14' title="bbox 1332 547 1483 625">
    <p class='ocr_par' dir='ltr' id='par_1_15' title="bbox 1332 547 1483 625">
     <span class='ocr_line' id='line_1_59' title="bbox 1354 547 1428 576; baseline 0 -1"><span class='ocrx_word' id='word_1_241' title='bbox 1354 547 1428 576; x_wconf 75' lang='grc'>1264</span> 
     </span>
     <span class='ocr_line' id='line_1_60' title="bbox 1332 597 1483 625; baseline 0.007 -1"><span class='ocrx_word' id='word_1_242' title='bbox 1332 597 1395 624; x_wconf 86' lang='lat' dir='ltr'>mai</span> <span class='ocrx_word' id='word_1_243' title='bbox 1436 597 1483 625; x_wconf 94' lang='grc'>10.</span> 
     </span>
    </p>
   </div>
   <div class='ocr_carea' id='block_1_15' title="bbox 1376 1263 1387 1277">
    <p class='ocr_par' dir='ltr' id='par_1_16' title="bbox 1376 1263 1387 1277">
     <span class='ocr_line' id='line_1_61' title="bbox 1376 1263 1387 1277; baseline 0 0"><span class='ocrx_word' id='word_1_244' title='bbox 1376 1263 1387 1277; x_wconf 81' lang='grc'>))</span> 
     </span>
    </p>
   </div>
   <div class='ocr_carea' id='block_1_16' title="bbox 1452 1009 1462 1022">
    <p class='ocr_par' dir='ltr' id='par_1_17' title="bbox 1452 1009 1462 1022">
     <span class='ocr_line' id='line_1_62' title="bbox 1452 1009 1462 1022; baseline 0 0"><span class='ocrx_word' id='word_1_245' title='bbox 1452 1009 1462 1022; x_wconf 69' lang='grc'>1)</span> 
     </span>
    </p>
   </div>
   <div class='ocr_carea' id='block_1_17' title="bbox 1456 1264 1467 1277">
    <p class='ocr_par' dir='ltr' id='par_1_18' title="bbox 1456 1264 1467 1277">
     <span class='ocr_line' id='line_1_63' title="bbox 1456 1264 1467 1277; baseline 0 0"><span class='ocrx_word' id='word_1_246' title='bbox 1456 1264 1467 1277; x_wconf 93' lang='grc'>))</span> 
     </span>
    </p>
   </div>
   <div class='ocr_carea' id='block_1_18' title="bbox 1453 1624 1464 1638">
    <p class='ocr_par' dir='ltr' id='par_1_19' title="bbox 1453 1624 1464 1638">
     <span class='ocr_line' id='line_1_64' title="bbox 1453 1624 1464 1638; baseline -0.091 0"><span class='ocrx_word' id='word_1_247' title='bbox 1453 1624 1464 1638; x_wconf 87' lang='grc'>))</span> 
     </span>
    </p>
   </div>
   <div class='ocr_carea' id='block_1_19' title="bbox 1453 1897 1463 1910">
    <p class='ocr_par' dir='ltr' id='par_1_20' title="bbox 1453 1897 1463 1910">
     <span class='ocr_line' id='line_1_65' title="bbox 1453 1897 1463 1910; baseline 0 0"><span class='ocrx_word' id='word_1_248' title='bbox 1453 1897 1463 1910; x_wconf 84' lang='grc'>))</span> 
     </span>
    </p>
   </div>
   <div class='ocr_carea' id='block_1_20' title="bbox 1439 2497 1484 2522">
    <p class='ocr_par' dir='ltr' id='par_1_21' title="bbox 1439 2497 1484 2522">
     <span class='ocr_line' id='line_1_66' title="bbox 1439 2497 1484 2522; baseline -0.022 0"><span class='ocrx_word' id='word_1_249' title='bbox 1439 2497 1484 2522; x_wconf 93' lang='lat' dir='ltr'>ll.</span> 
     </span>
    </p>
   </div>
   <div class='ocr_carea' id='block_1_21' title="bbox 1514 550 1641 577">
    <p class='ocr_par' dir='ltr' id='par_1_22' title="bbox 1514 550 1641 577">
     <span class='ocr_line' id='line_1_67' title="bbox 1514 550 1641 577; baseline -0.008 0"><span class='ocrx_word' id='word_1_250' title='bbox 1514 550 1641 577; x_wconf 68' lang='lat' dir='ltr'>Orm’eto.</span> 
     </span>
    </p>
   </div>
   <div class='ocr_carea' id='block_1_22' title="bbox 2437 232 2500 263">
    <p class='ocr_par' dir='ltr' id='par_1_23' title="bbox 2437 232 2500 263">
     <span class='ocr_line' id='line_1_68' title="bbox 2437 232 2500 263; baseline 0.016 -1"><span class='ocrx_word' id='word_1_251' title='bbox 2437 232 2500 263; x_wconf 79' lang='lat'>213</span> 
     </span>
    </p>
   </div>
   <div class='ocr_carea' id='block_1_23' title="bbox 2261 324 2497 351">
    <p class='ocr_par' dir='ltr' id='par_1_24' title="bbox 2261 324 2497 351">
     <span class='ocr_line' id='line_1_69' title="bbox 2261 324 2497 351; baseline 0.008 -6"><span class='ocrx_word' id='word_1_252' title='bbox 2261 324 2346 351; x_wconf 74' lang='lat' dir='ltr'>Pageu.</span> <span class='ocrx_word' id='word_1_253' title='bbox 2368 324 2497 347; x_wconf 68' lang='lat' dir='ltr'>Numeron.</span> 
     </span>
    </p>
   </div>
   <div class='ocr_carea' id='block_1_24' title="bbox 1695 377 2293 510">
    <p class='ocr_par' dir='ltr' id='par_1_25' title="bbox 1695 377 2293 510">
     <span class='ocr_line' id='line_1_70' title="bbox 1695 377 2293 413; baseline 0.005 -10"><span class='ocrx_word' id='word_1_254' title='bbox 1695 377 1747 404; x_wconf 81' lang='lat' dir='ltr'>tiis</span> <span class='ocrx_word' id='word_1_255' title='bbox 1770 378 1889 411; x_wconf 82' lang='lat' dir='ltr'>clerico,</span> <span class='ocrx_word' id='word_1_256' title='bbox 1914 379 1952 405; x_wconf 90' lang='lat' dir='ltr'>de</span> <span class='ocrx_word' id='word_1_257' title='bbox 1973 380 2111 413; x_wconf 81' lang='lat' dir='ltr'>quodam</span> <span class='ocrx_word' id='word_1_258' title='bbox 2135 379 2293 406; x_wconf 84' lang='lat' dir='ltr'>ecclesias-</span> 
     </span>
     <span class='ocr_line' id='line_1_71' title="bbox 1697 427 2293 455; baseline 0.003 -3"><span class='ocrx_word' id='word_1_259' title='bbox 1697 427 1758 452; x_wconf 87' lang='lat' dir='ltr'>tico</span> <span class='ocrx_word' id='word_1_260' title='bbox 1780 427 1932 454; x_wconf 76' lang='lat' dir='ltr'>beneficio</span> <span class='ocrx_word' id='word_1_261' title='bbox 1954 428 1984 453; x_wconf 94' lang='lat' dir='ltr'>in</span> <span class='ocrx_word' id='word_1_262' title='bbox 2005 428 2137 454; x_wconf 83' lang='lat' dir='ltr'>civitate</span> <span class='ocrx_word' id='word_1_263' title='bbox 2157 428 2207 454; x_wconf 88' lang='lat' dir='ltr'>vcl</span> <span class='ocrx_word' id='word_1_264' title='bbox 2228 428 2293 455; x_wconf 90' lang='lat' dir='ltr'>dio-</span> 
     </span>
     <span class='ocr_line' id='line_1_72' title="bbox 1697 475 2118 510; baseline 0.007 -9"><span class='ocrx_word' id='word_1_265' title='bbox 1697 475 1757 501; x_wconf 84' lang='lat' dir='ltr'>cesi</span> <span class='ocrx_word' id='word_1_266' title='bbox 1776 476 1923 502; x_wconf 75' lang='lat' dir='ltr'>Jadrensi</span> <span class='ocrx_word' id='word_1_267' title='bbox 1943 477 2118 510; x_wconf 85' lang='lat' dir='ltr'>provideat.</span> 
     </span>
    </p>
   </div>
   <div class='ocr_carea' id='block_1_25' title="bbox 1695 548 2500 927">
    <p class='ocr_par' dir='ltr' id='par_1_26' title="bbox 1739 548 2500 590">
     <span class='ocr_line' id='line_1_73' title="bbox 1739 548 2500 590; baseline 0.004 -13"><span class='ocrx_word' id='word_1_268' title='bbox 1739 552 1894 585; x_wconf 83' lang='lat' dir='ltr'>Episcopo</span> <span class='ocrx_word' id='word_1_269' title='bbox 1907 552 2061 578; x_wconf 77' lang='lat' dir='ltr'>Esculano</span> <span class='ocrx_word' id='word_1_270' title='bbox 2077 552 2207 579; x_wconf 87' lang='lat' dir='ltr'>mandat</span> <span class='ocrx_word' id='word_1_271' title='bbox 2228 552 2273 579; x_wconf 85' lang='lat' dir='ltr'>fa·</span> <span class='ocrx_word' id='word_1_272' title='bbox 2291 548 2296 589; x_wconf 95' lang='grc' dir='ltr'>Ι</span> <span class='ocrx_word' id='word_1_273' title='bbox 2317 551 2377 580; x_wconf 80' lang='lat'>289</span> <span class='ocrx_word' id='word_1_274' title='bbox 2395 549 2400 590; x_wconf 93' lang='grc' dir='ltr'>Ι</span> <span class='ocrx_word' id='word_1_275' title='bbox 2440 552 2500 581; x_wconf 85' lang='grc'>569</span> 
     </span>
    </p>

    <p class='ocr_par' dir='ltr' id='par_1_27' title="bbox 1695 599 2297 927">
     <span class='ocr_line' id='line_1_74' title="bbox 1698 599 2289 636; baseline 0.003 -10"><span class='ocrx_word' id='word_1_276' title='bbox 1698 599 1761 626; x_wconf 75' lang='lat' dir='ltr'>ciat</span> <span class='ocrx_word' id='word_1_277' title='bbox 1789 601 1822 626; x_wconf 81' lang='lat' dir='ltr'>ut</span> <span class='ocrx_word' id='word_1_278' title='bbox 1851 601 1999 633; x_wconf 83' lang='lat' dir='ltr'>Roberio,</span> <span class='ocrx_word' id='word_1_279' title='bbox 2027 602 2102 627; x_wconf 87' lang='lat' dir='ltr'>nato</span> <span class='ocrx_word' id='word_1_280' title='bbox 2127 602 2289 636; x_wconf 87' lang='lat' dir='ltr'>quondam</span> 
     </span>
     <span class='ocr_line' id='line_1_75' title="bbox 1695 649 2292 685; baseline 0.005 -11"><span class='ocrx_word' id='word_1_281' title='bbox 1695 649 1846 681; x_wconf 85' lang='lat' dir='ltr'>Munaldi,</span> <span class='ocrx_word' id='word_1_282' title='bbox 1883 650 2008 676; x_wconf 88' lang='lat' dir='ltr'>comitis</span> <span class='ocrx_word' id='word_1_283' title='bbox 2042 650 2201 683; x_wconf 73' lang='lat' dir='ltr'>Aprutini,</span> <span class='ocrx_word' id='word_1_284' title='bbox 2236 651 2292 685; x_wconf 87' lang='lat' dir='ltr'>qui</span> 
     </span>
     <span class='ocr_line' id='line_1_76' title="bbox 1698 697 2294 733; baseline 0.003 -10"><span class='ocrx_word' id='word_1_285' title='bbox 1698 705 1769 724; x_wconf 92' lang='lat' dir='ltr'>cum</span> <span class='ocrx_word' id='word_1_286' title='bbox 1797 704 1894 723; x_wconf 85' lang='lat' dir='ltr'>uxore</span> <span class='ocrx_word' id='word_1_287' title='bbox 1921 705 1956 724; x_wconf 89' lang='grc'>36</span> <span class='ocrx_word' id='word_1_288' title='bbox 1981 699 2120 733; x_wconf 89' lang='lat' dir='ltr'>quatuor</span> <span class='ocrx_word' id='word_1_289' title='bbox 2145 697 2219 724; x_wconf 77' lang='lat' dir='ltr'>filiis</span> <span class='ocrx_word' id='word_1_290' title='bbox 2245 706 2294 726; x_wconf 91' lang='grc' dir='ltr'>6ο-</span> 
     </span>
     <span class='ocr_line' id='line_1_77' title="bbox 1697 747 2297 780; baseline 0.005 -8"><span class='ocrx_word' id='word_1_291' title='bbox 1697 748 1790 780; x_wconf 85' lang='lat' dir='ltr'>gatur</span> <span class='ocrx_word' id='word_1_292' title='bbox 1812 748 1902 773; x_wconf 87' lang='lat' dir='ltr'>extra</span> <span class='ocrx_word' id='word_1_293' title='bbox 1925 754 2056 780; x_wconf 84' lang='lat' dir='ltr'>regnum</span> <span class='ocrx_word' id='word_1_294' title='bbox 2079 747 2201 773; x_wconf 84' lang='lat' dir='ltr'>Siciliae</span> <span class='ocrx_word' id='word_1_295' title='bbox 2222 754 2297 775; x_wconf 88' lang='lat' dir='ltr'>exu-</span> 
     </span>
     <span class='ocr_line' id='line_1_78' title="bbox 1696 795 2297 827; baseline 0.003 -6"><span class='ocrx_word' id='word_1_296' title='bbox 1696 796 1769 827; x_wconf 83' lang='lat' dir='ltr'>lare,</span> <span class='ocrx_word' id='word_1_297' title='bbox 1794 795 1832 822; x_wconf 85' lang='lat' dir='ltr'>ab</span> <span class='ocrx_word' id='word_1_298' title='bbox 1856 795 1993 822; x_wconf 83' lang='lat' dir='ltr'>ecclesiis</span> <span class='ocrx_word' id='word_1_299' title='bbox 2015 802 2090 822; x_wconf 85' lang='lat' dir='ltr'>suae</span> <span class='ocrx_word' id='word_1_300' title='bbox 2111 796 2242 823; x_wconf 87' lang='lat' dir='ltr'>diocesis</span> <span class='ocrx_word' id='word_1_301' title='bbox 2265 797 2297 824; x_wconf 91' lang='lat' dir='ltr'>in</span> 
     </span>
     <span class='ocr_line' id='line_1_79' title="bbox 1695 844 2292 879; baseline 0.002 -9"><span class='ocrx_word' id='word_1_302' title='bbox 1695 844 1783 870; x_wconf 87' lang='lat' dir='ltr'>victu</span> <span class='ocrx_word' id='word_1_303' title='bbox 1806 845 1837 870; x_wconf 87' lang='lat' dir='ltr'>et</span> <span class='ocrx_word' id='word_1_304' title='bbox 1859 844 1980 870; x_wconf 86' lang='lat' dir='ltr'>vestitu</span> <span class='ocrx_word' id='word_1_305' title='bbox 2003 851 2103 879; x_wconf 82' lang='lat' dir='ltr'>usque</span> <span class='ocrx_word' id='word_1_306' title='bbox 2124 845 2164 871; x_wconf 88' lang='lat' dir='ltr'>ad</span> <span class='ocrx_word' id='word_1_307' title='bbox 2197 845 2292 872; x_wconf 85' lang='lat' dir='ltr'>trien-</span> 
     </span>
     <span class='ocr_line' id='line_1_80' title="bbox 1697 893 2021 927; baseline 0 -8"><span class='ocrx_word' id='word_1_308' title='bbox 1697 893 1784 919; x_wconf 90' lang='lat' dir='ltr'>nium</span> <span class='ocrx_word' id='word_1_309' title='bbox 1806 893 2021 927; x_wconf 80' lang='lat' dir='ltr'>provideatur.</span> 
     </span>
    </p>
   </div>
   <div class='ocr_carea' id='block_1_26' title="bbox 1700 997 2507 1226">
    <p class='ocr_par' dir='ltr' id='par_1_28' title="bbox 1700 997 2507 1174">
     <span class='ocr_line' id='line_1_81' title="bbox 1741 997 2507 1041; baseline 0.003 -14"><span class='ocrx_word' id='word_1_310' title='bbox 1741 1001 1780 1035; x_wconf 59' lang='lat' dir='ltr'>S„</span> <span class='ocrx_word' id='word_1_311' title='bbox 1805 1000 1891 1026; x_wconf 89' lang='lat' dir='ltr'>tituli</span> <span class='ocrx_word' id='word_1_312' title='bbox 1911 1007 1934 1026; x_wconf 84' lang='grc'>5.</span> <span class='ocrx_word' id='word_1_313' title='bbox 1949 1000 2082 1027; x_wconf 87' lang='lat' dir='ltr'>Ceciliae</span> <span class='ocrx_word' id='word_1_314' title='bbox 2102 1001 2285 1035; x_wconf 88' lang='lat' dir='ltr'>presbytero</span> <span class='ocrx_word' id='word_1_315' title='bbox 2303 997 2308 1037; x_wconf 92' lang='grc' dir='ltr'>Ι</span> <span class='ocrx_word' id='word_1_316' title='bbox 2326 1001 2386 1028; x_wconf 88' lang='grc'>399</span> <span class='ocrx_word' id='word_1_317' title='bbox 2406 1000 2411 1041; x_wconf 94' lang='grc' dir='ltr'>Ι</span> <span class='ocrx_word' id='word_1_318' title='bbox 2446 1000 2507 1029; x_wconf 78' lang='lat'>820</span> 
     </span>
     <span class='ocr_line' id='line_1_82' title="bbox 1700 1049 2288 1081; baseline 0.002 -6"><span class='ocrx_word' id='word_1_319' title='bbox 1700 1049 1861 1081; x_wconf 81' lang='lat' dir='ltr'>cardinali,</span> <span class='ocrx_word' id='word_1_320' title='bbox 1905 1049 2049 1076; x_wconf 77' lang='lat' dir='ltr'>concedit</span> <span class='ocrx_word' id='word_1_321' title='bbox 2100 1050 2288 1076; x_wconf 81' lang='lat' dir='ltr'>facultatem</span> 
     </span>
     <span class='ocr_line' id='line_1_83' title="bbox 1700 1098 2299 1133; baseline 0.003 -9"><span class='ocrx_word' id='word_1_322' title='bbox 1700 1098 1896 1125; x_wconf 85' lang='lat' dir='ltr'>convocandi</span> <span class='ocrx_word' id='word_1_323' title='bbox 1926 1099 2023 1125; x_wconf 87' lang='lat' dir='ltr'>etiam</span> <span class='ocrx_word' id='word_1_324' title='bbox 2054 1099 2220 1125; x_wconf 86' lang='lat' dir='ltr'>concilium</span> <span class='ocrx_word' id='word_1_325' title='bbox 2249 1106 2299 1133; x_wconf 87' lang='lat' dir='ltr'>ge-</span> 
     </span>
     <span class='ocr_line' id='line_1_84' title="bbox 1700 1147 1821 1174; baseline -0.008 0"><span class='ocrx_word' id='word_1_326' title='bbox 1700 1147 1821 1174; x_wconf 86' lang='lat' dir='ltr'>nerale.</span> 
     </span>
    </p>

    <p class='ocr_par' dir='ltr' id='par_1_29' title="bbox 2299 1204 2422 1226">
     <span class='ocr_line' id='line_1_85' title="bbox 2299 1204 2422 1226; baseline 0.008 -2"><span class='ocrx_word' id='word_1_327' title='bbox 2299 1206 2363 1225; x_wconf 83' lang='lat' dir='ltr'>tome</span> <span class='ocrx_word' id='word_1_328' title='bbox 2391 1204 2422 1226; x_wconf 84' lang='grc'>111</span> 
     </span>
    </p>
   </div>
   <div class='ocr_carea' id='block_1_27' title="bbox 1701 1250 2507 1534">
    <p class='ocr_par' dir='ltr' id='par_1_30' title="bbox 1701 1250 2507 1534">
     <span class='ocr_line' id='line_1_86' title="bbox 1747 1250 2507 1291; baseline 0.004 -11"><span class='ocrx_word' id='word_1_329' title='bbox 1747 1255 1792 1281; x_wconf 87' lang='lat' dir='ltr'>De</span> <span class='ocrx_word' id='word_1_330' title='bbox 1816 1254 1988 1281; x_wconf 70' lang='lat' dir='ltr'>Almazano</span> <span class='ocrx_word' id='word_1_331' title='bbox 2003 1256 2034 1281; x_wconf 80' lang='lat' dir='ltr'>et</span> <span class='ocrx_word' id='word_1_332' title='bbox 2048 1256 2085 1281; x_wconf 83' lang='lat' dir='ltr'>de</span> <span class='ocrx_word' id='word_1_333' title='bbox 2110 1255 2226 1281; x_wconf 84' lang='lat' dir='ltr'>Molina</span> <span class='ocrx_word' id='word_1_334' title='bbox 2238 1261 2285 1281; x_wconf 83' lang='lat' dir='ltr'>ar·</span> <span class='ocrx_word' id='word_1_335' title='bbox 2303 1250 2307 1291; x_wconf 93' lang='grc' dir='ltr'>Ι</span> <span class='ocrx_word' id='word_1_336' title='bbox 2325 1252 2386 1281; x_wconf 78' lang='lat'>266</span> <span class='ocrx_word' id='word_1_337' title='bbox 2404 1251 2410 1291; x_wconf 93' lang='grc' dir='ltr'>Ι</span> <span class='ocrx_word' id='word_1_338' title='bbox 2431 1255 2507 1283; x_wconf 87' lang='grc'>1715</span> 
     </span>
     <span class='ocr_line' id='line_1_87' title="bbox 1701 1303 2300 1337; baseline 0.002 -7"><span class='ocrx_word' id='word_1_339' title='bbox 1701 1304 1894 1330; x_wconf 89' lang='lat' dir='ltr'>chidiaconis</span> <span class='ocrx_word' id='word_1_340' title='bbox 1918 1304 1950 1330; x_wconf 95' lang='lat' dir='ltr'>in</span> <span class='ocrx_word' id='word_1_341' title='bbox 1973 1304 2103 1330; x_wconf 87' lang='lat' dir='ltr'>ecclesia</span> <span class='ocrx_word' id='word_1_342' title='bbox 2128 1303 2300 1337; x_wconf 76' lang='lat' dir='ltr'>seguntina</span> 
     </span>
     <span class='ocr_line' id='line_1_88' title="bbox 1702 1353 2300 1385; baseline 0 -6"><span class='ocrx_word' id='word_1_343' title='bbox 1702 1354 1833 1379; x_wconf 88' lang='lat' dir='ltr'>mandat</span> <span class='ocrx_word' id='word_1_344' title='bbox 1858 1355 1892 1379; x_wconf 92' lang='lat' dir='ltr'>ut</span> <span class='ocrx_word' id='word_1_345' title='bbox 1916 1353 2097 1380; x_wconf 88' lang='lat' dir='ltr'>Pascasium</span> <span class='ocrx_word' id='word_1_346' title='bbox 2122 1353 2217 1385; x_wconf 83' lang='lat' dir='ltr'>Petri,</span> <span class='ocrx_word' id='word_1_347' title='bbox 2241 1353 2300 1379; x_wconf 88' lang='lat' dir='ltr'>cle—</span> 
     </span>
     <span class='ocr_line' id='line_1_89' title="bbox 1701 1402 2299 1435; baseline 0 -7"><span class='ocrx_word' id='word_1_348' title='bbox 1701 1402 1800 1428; x_wconf 88' lang='lat' dir='ltr'>ricum</span> <span class='ocrx_word' id='word_1_349' title='bbox 1821 1402 1908 1428; x_wconf 87' lang='lat' dir='ltr'>chori</span> <span class='ocrx_word' id='word_1_350' title='bbox 1928 1402 2076 1428; x_wconf 86' lang='lat' dir='ltr'>ecclesiae</span> <span class='ocrx_word' id='word_1_351' title='bbox 2094 1402 2299 1435; x_wconf 77' lang='lat' dir='ltr'>zamorensis,</span> 
     </span>
     <span class='ocr_line' id='line_1_90' title="bbox 1702 1450 2300 1485; baseline 0 -8"><span class='ocrx_word' id='word_1_352' title='bbox 1702 1451 1752 1478; x_wconf 91' lang='lat' dir='ltr'>cui</span> <span class='ocrx_word' id='word_1_353' title='bbox 1776 1458 1792 1477; x_wconf 86' lang='lat' dir='ltr'>a</span> <span class='ocrx_word' id='word_1_354' title='bbox 1816 1451 1953 1485; x_wconf 80' lang='lat' dir='ltr'>pueritia</span> <span class='ocrx_word' id='word_1_355' title='bbox 1977 1451 2118 1484; x_wconf 85' lang='lat' dir='ltr'>servivit,</span> <span class='ocrx_word' id='word_1_356' title='bbox 2135 1451 2166 1477; x_wconf 93' lang='lat' dir='ltr'>in</span> <span class='ocrx_word' id='word_1_357' title='bbox 2183 1450 2300 1485; x_wconf 83' lang='lat' dir='ltr'>portio-</span> 
     </span>
     <span class='ocr_line' id='line_1_91' title="bbox 1701 1499 2300 1534; baseline 0 -8"><span class='ocrx_word' id='word_1_358' title='bbox 1701 1500 1825 1527; x_wconf 88' lang='lat' dir='ltr'>narium</span> <span class='ocrx_word' id='word_1_359' title='bbox 1854 1500 1951 1534; x_wconf 87' lang='lat' dir='ltr'>recipi</span> <span class='ocrx_word' id='word_1_360' title='bbox 1978 1499 2098 1526; x_wconf 80' lang='lat' dir='ltr'>faciant</span> <span class='ocrx_word' id='word_1_361' title='bbox 2128 1499 2159 1526; x_wconf 91' lang='lat' dir='ltr'>in</span> <span class='ocrx_word' id='word_1_362' title='bbox 2188 1500 2300 1526; x_wconf 89' lang='lat' dir='ltr'>eadem</span> 
     </span>
    </p>
   </div>
   <div class='ocr_carea' id='block_1_28' title="bbox 1701 1549 2421 1581">
    <p class='ocr_par' dir='ltr' id='par_1_31' title="bbox 1701 1549 2421 1581">
     <span class='ocr_line' id='line_1_92' title="bbox 1701 1549 2421 1581; baseline 0.008 -6"><span class='ocrx_word' id='word_1_363' title='bbox 1701 1549 1840 1576; x_wconf 85' lang='lat' dir='ltr'>ecclesia.</span> <span class='ocrx_word' id='word_1_364' title='bbox 2298 1561 2362 1581; x_wconf 82' lang='lat' dir='ltr'>tome</span> <span class='ocrx_word' id='word_1_365' title='bbox 2391 1559 2421 1581; x_wconf 86' lang='lat'>111</span> 
     </span>
    </p>
   </div>
   <div class='ocr_carea' id='block_1_29' title="bbox 1701 1611 2502 1790">
    <p class='ocr_par' dir='ltr' id='par_1_32' title="bbox 1701 1611 2502 1790">
     <span class='ocr_line' id='line_1_93' title="bbox 1743 1611 2502 1654; baseline 0 -12"><span class='ocrx_word' id='word_1_366' title='bbox 1743 1615 1928 1643; x_wconf 86' lang='lat' dir='ltr'>Guardiano</span> <span class='ocrx_word' id='word_1_367' title='bbox 1947 1615 2083 1642; x_wconf 85' lang='lat' dir='ltr'>fratrum</span> <span class='ocrx_word' id='word_1_368' title='bbox 2121 1615 2278 1642; x_wconf 86' lang='lat' dir='ltr'>Minorum</span> <span class='ocrx_word' id='word_1_369' title='bbox 2298 1615 2302 1654; x_wconf 94' lang='grc' dir='ltr'>Ι</span> <span class='ocrx_word' id='word_1_370' title='bbox 2320 1615 2379 1642; x_wconf 78' lang='grc'>430</span> <span class='ocrx_word' id='word_1_371' title='bbox 2397 1611 2402 1652; x_wconf 94' lang='grc' dir='ltr'>Ι</span> <span class='ocrx_word' id='word_1_372' title='bbox 2421 1613 2502 1642; x_wconf 77' lang='lat'>2558</span> 
     </span>
     <span class='ocr_line' id='line_1_94' title="bbox 1702 1664 2299 1699; baseline 0.002 -9"><span class='ocrx_word' id='word_1_373' title='bbox 1702 1665 1905 1699; x_wconf 88' lang='lat' dir='ltr'>Papiensium</span> <span class='ocrx_word' id='word_1_374' title='bbox 1927 1665 2058 1691; x_wconf 85' lang='lat' dir='ltr'>mandat</span> <span class='ocrx_word' id='word_1_375' title='bbox 2081 1666 2116 1691; x_wconf 87' lang='lat' dir='ltr'>ut</span> <span class='ocrx_word' id='word_1_376' title='bbox 2138 1664 2299 1692; x_wconf 89' lang='lat' dir='ltr'>ecclesiam</span> 
     </span>
     <span class='ocr_line' id='line_1_95' title="bbox 1703 1714 2300 1748; baseline 0.002 -8"><span class='ocrx_word' id='word_1_377' title='bbox 1703 1721 1726 1740; x_wconf 89' lang='lat' dir='ltr'>s.</span> <span class='ocrx_word' id='word_1_378' title='bbox 1750 1714 1868 1740; x_wconf 89' lang='lat' dir='ltr'>Mariae</span> <span class='ocrx_word' id='word_1_379' title='bbox 1892 1714 1930 1740; x_wconf 93' lang='lat' dir='ltr'>de</span> <span class='ocrx_word' id='word_1_380' title='bbox 1951 1714 2126 1748; x_wconf 83' lang='lat' dir='ltr'>Bregundis</span> <span class='ocrx_word' id='word_1_381' title='bbox 2148 1720 2300 1748; x_wconf 85' lang='lat' dir='ltr'>personae</span> 
     </span>
     <span class='ocr_line' id='line_1_96' title="bbox 1701 1762 2011 1790; baseline 0 -1"><span class='ocrx_word' id='word_1_382' title='bbox 1701 1763 1833 1790; x_wconf 92' lang='lat' dir='ltr'>idoneae</span> <span class='ocrx_word' id='word_1_383' title='bbox 1859 1762 2011 1790; x_wconf 82' lang='lat' dir='ltr'>conferat.</span> 
     </span>
    </p>
   </div>
   <div class='ocr_carea' id='block_1_30' title="bbox 1699 1836 2508 2455">
    <p class='ocr_par' dir='ltr' id='par_1_33' title="bbox 2299 1836 2422 1858">
     <span class='ocr_line' id='line_1_97' title="bbox 2299 1836 2422 1858; baseline 0 -1"><span class='ocrx_word' id='word_1_384' title='bbox 2299 1838 2363 1857; x_wconf 80' lang='lat' dir='ltr'>tome</span> <span class='ocrx_word' id='word_1_385' title='bbox 2392 1836 2422 1858; x_wconf 87' lang='grc' dir='ltr'>ΙΙΙ</span> 
     </span>
    </p>

    <p class='ocr_par' dir='ltr' id='par_1_34' title="bbox 1699 1883 2508 2455">
     <span class='ocr_line' id='line_1_98' title="bbox 1742 1883 2508 1924; baseline 0.003 -11"><span class='ocrx_word' id='word_1_386' title='bbox 1742 1887 1840 1913; x_wconf 86' lang='lat' dir='ltr'>Priori</span> <span class='ocrx_word' id='word_1_387' title='bbox 1864 1887 2046 1913; x_wconf 86' lang='lat' dir='ltr'>monasterii</span> <span class='ocrx_word' id='word_1_388' title='bbox 2071 1894 2093 1913; x_wconf 85' lang='lat' dir='ltr'>s.</span> <span class='ocrx_word' id='word_1_389' title='bbox 2110 1888 2227 1914; x_wconf 83' lang='lat' dir='ltr'>Mariae</span> <span class='ocrx_word' id='word_1_390' title='bbox 2250 1889 2288 1914; x_wconf 90' lang='lat' dir='ltr'>de</span> <span class='ocrx_word' id='word_1_391' title='bbox 2305 1884 2310 1924; x_wconf 94' lang='grc' dir='ltr'>Ι</span> <span class='ocrx_word' id='word_1_392' title='bbox 2329 1888 2384 1914; x_wconf 84' lang='grc'>431</span> <span class='ocrx_word' id='word_1_393' title='bbox 2406 1883 2411 1924; x_wconf 96' lang='grc' dir='ltr'>Ι</span> <span class='ocrx_word' id='word_1_394' title='bbox 2429 1885 2508 1915; x_wconf 79' lang='lat'>2567</span> 
     </span>
     <span class='ocr_line' id='line_1_99' title="bbox 1699 1936 2299 1970; baseline 0.002 -8"><span class='ocrx_word' id='word_1_395' title='bbox 1699 1936 1839 1969; x_wconf 80' lang='lat' dir='ltr'>Virtuto,</span> <span class='ocrx_word' id='word_1_396' title='bbox 1866 1936 2130 1963; x_wconf 79' lang='lat' dir='ltr'>Cathalaunensis</span> <span class='ocrx_word' id='word_1_397' title='bbox 2157 1936 2299 1970; x_wconf 87' lang='lat' dir='ltr'>diocesis,</span> 
     </span>
     <span class='ocr_line' id='line_1_100' title="bbox 1703 1986 2300 2019; baseline 0 -8"><span class='ocrx_word' id='word_1_398' title='bbox 1703 1987 1835 2012; x_wconf 76' lang='lat' dir='ltr'>mandat</span> <span class='ocrx_word' id='word_1_399' title='bbox 1858 1987 1893 2011; x_wconf 88' lang='lat' dir='ltr'>ut</span> <span class='ocrx_word' id='word_1_400' title='bbox 1914 1986 2101 2019; x_wconf 74' lang='lat' dir='ltr'>magistrum</span> <span class='ocrx_word' id='word_1_401' title='bbox 2121 1986 2300 2012; x_wconf 84' lang='lat' dir='ltr'>Johannem</span> 
     </span>
     <span class='ocr_line' id='line_1_101' title="bbox 1703 2035 2296 2068; baseline 0 -8"><span class='ocrx_word' id='word_1_402' title='bbox 1703 2036 1741 2061; x_wconf 88' lang='lat' dir='ltr'>de</span> <span class='ocrx_word' id='word_1_403' title='bbox 1758 2035 2221 2068; x_wconf 67' lang='lat' dir='ltr'>Condeto-super-Maironam,</span> <span class='ocrx_word' id='word_1_404' title='bbox 2242 2041 2296 2068; x_wconf 84' lang='lat' dir='ltr'>per</span> 
     </span>
     <span class='ocr_line' id='line_1_102' title="bbox 1701 2083 2299 2118; baseline -0.002 -8"><span class='ocrx_word' id='word_1_405' title='bbox 1701 2084 1889 2118; x_wconf 78' lang='lat' dir='ltr'>magistrum</span> <span class='ocrx_word' id='word_1_406' title='bbox 1928 2084 2069 2115; x_wconf 74' lang='lat' dir='ltr'>Petrum,</span> <span class='ocrx_word' id='word_1_407' title='bbox 2109 2083 2299 2110; x_wconf 84' lang='lat' dir='ltr'>archidiaco-</span> 
     </span>
     <span class='ocr_line' id='line_1_103' title="bbox 1701 2132 2300 2166; baseline 0 -7"><span class='ocrx_word' id='word_1_408' title='bbox 1701 2140 1774 2159; x_wconf 86' lang='lat' dir='ltr'>num</span> <span class='ocrx_word' id='word_1_409' title='bbox 1790 2133 1984 2158; x_wconf 82' lang='lat' dir='ltr'>Rruliensem</span> <span class='ocrx_word' id='word_1_410' title='bbox 2012 2132 2043 2158; x_wconf 88' lang='lat' dir='ltr'>in</span> <span class='ocrx_word' id='word_1_411' title='bbox 2058 2132 2184 2158; x_wconf 85' lang='grc'>66616513</span> <span class='ocrx_word' id='word_1_412' title='bbox 2199 2134 2300 2166; x_wconf 71' lang='lat' dir='ltr'>Agen-</span> 
     </span>
     <span class='ocr_line' id='line_1_104' title="bbox 1701 2181 2297 2215; baseline -0.002 -7"><span class='ocrx_word' id='word_1_413' title='bbox 1701 2182 1798 2215; x_wconf 85' lang='lat' dir='ltr'>nensi,</span> <span class='ocrx_word' id='word_1_414' title='bbox 1826 2182 1945 2207; x_wconf 87' lang='lat' dir='ltr'>socium</span> <span class='ocrx_word' id='word_1_415' title='bbox 1971 2181 2113 2215; x_wconf 73' lang='lat' dir='ltr'>magistri</span> <span class='ocrx_word' id='word_1_416' title='bbox 2138 2181 2297 2208; x_wconf 81' lang='lat' dir='ltr'>Michaelis</span> 
     </span>
     <span class='ocr_line' id='line_1_105' title="bbox 1702 2231 2312 2263; baseline -0.003 -5"><span class='ocrx_word' id='word_1_417' title='bbox 1702 2232 1740 2258; x_wconf 89' lang='lat' dir='ltr'>de</span> <span class='ocrx_word' id='word_1_418' title='bbox 1783 2231 1928 2263; x_wconf 82' lang='lat' dir='ltr'>Tholosa,</span> <span class='ocrx_word' id='word_1_419' title='bbox 1976 2232 2105 2257; x_wconf 78' lang='lat' dir='ltr'>sanctae</span> <span class='ocrx_word' id='word_1_420' title='bbox 2148 2231 2312 2257; x_wconf 83' lang='lat' dir='ltr'>Romanae</span> 
     </span>
     <span class='ocr_line' id='line_1_106' title="bbox 1702 2279 2310 2313; baseline -0.003 -7"><span class='ocrx_word' id='word_1_421' title='bbox 1702 2281 1850 2307; x_wconf 85' lang='lat' dir='ltr'>ecclesiae</span> <span class='ocrx_word' id='word_1_422' title='bbox 1894 2279 2149 2311; x_wconf 77' lang='lat' dir='ltr'>vicecancellarii,</span> <span class='ocrx_word' id='word_1_423' title='bbox 2209 2285 2310 2313; x_wconf 85' lang='lat' dir='ltr'>reper-</span> 
     </span>
     <span class='ocr_line' id='line_1_107' title="bbox 1701 2328 2300 2361; baseline -0.003 -6"><span class='ocrx_word' id='word_1_424' title='bbox 1701 2330 1768 2356; x_wconf 83' lang='lat' dir='ltr'>tum</span> <span class='ocrx_word' id='word_1_425' title='bbox 1792 2330 1950 2361; x_wconf 90' lang='lat' dir='ltr'>idoneum,</span> <span class='ocrx_word' id='word_1_426' title='bbox 1968 2330 1999 2355; x_wconf 92' lang='lat' dir='ltr'>in</span> <span class='ocrx_word' id='word_1_427' title='bbox 2022 2328 2150 2355; x_wconf 82' lang='grc'>66616513</span> <span class='ocrx_word' id='word_1_428' title='bbox 2173 2336 2195 2354; x_wconf 77' lang='lat' dir='ltr'>s,</span> <span class='ocrx_word' id='word_1_429' title='bbox 2215 2328 2300 2354; x_wconf 81' lang='lat' dir='ltr'>Petri</span> 
     </span>
     <span class='ocr_line' id='line_1_108' title="bbox 1700 2376 2294 2410; baseline -0.005 -5"><span class='ocrx_word' id='word_1_430' title='bbox 1700 2379 1738 2405; x_wconf 88' lang='lat' dir='ltr'>de</span> <span class='ocrx_word' id='word_1_431' title='bbox 1763 2378 1905 2405; x_wconf 86' lang='lat' dir='ltr'>Maceriis</span> <span class='ocrx_word' id='word_1_432' title='bbox 1931 2378 1962 2404; x_wconf 90' lang='lat' dir='ltr'>in</span> <span class='ocrx_word' id='word_1_433' title='bbox 1988 2378 2173 2404; x_wconf 89' lang='lat' dir='ltr'>canonicum</span> <span class='ocrx_word' id='word_1_434' title='bbox 2200 2376 2294 2410; x_wconf 83' lang='lat' dir='ltr'>recipi</span> 
     </span>
     <span class='ocr_line' id='line_1_109' title="bbox 1700 2427 1805 2455; baseline 0.01 -3"><span class='ocrx_word' id='word_1_435' title='bbox 1700 2427 1805 2455; x_wconf 83' lang='lat' dir='ltr'>faciat.</span> 
     </span>
    </p>
   </div>
   <div class='ocr_carea' id='block_1_31' title="bbox 1699 2487 2508 2918">
    <p class='ocr_par' dir='ltr' id='par_1_35' title="bbox 1699 2487 2508 2918">
     <span class='ocr_line' id='line_1_110' title="bbox 1739 2487 2508 2529; baseline 0 -9"><span class='ocrx_word' id='word_1_436' title='bbox 1739 2494 1996 2520; x_wconf 87' lang='lat' dir='ltr'>Avenionensiet</span> <span class='ocrx_word' id='word_1_437' title='bbox 2018 2494 2282 2527; x_wconf 71' lang='lat' dir='ltr'>Carpentoraten-</span> <span class='ocrx_word' id='word_1_438' title='bbox 2300 2488 2305 2529; x_wconf 92' lang='grc' dir='ltr'>Ι</span> <span class='ocrx_word' id='word_1_439' title='bbox 2325 2490 2384 2519; x_wconf 70' lang='grc'>283</span> <span class='ocrx_word' id='word_1_440' title='bbox 2403 2487 2409 2529; x_wconf 93' lang='grc' dir='ltr'>Ι</span> <span class='ocrx_word' id='word_1_441' title='bbox 2447 2492 2508 2520; x_wconf 84' lang='grc'>558</span> 
     </span>
     <span class='ocr_line' id='line_1_111' title="bbox 1700 2543 2294 2578; baseline -0.005 -8"><span class='ocrx_word' id='word_1_442' title='bbox 1700 2544 1725 2570; x_wconf 86' lang='lat' dir='ltr'>si</span> <span class='ocrx_word' id='word_1_443' title='bbox 1741 2543 1895 2578; x_wconf 84' lang='lat' dir='ltr'>episcopis</span> <span class='ocrx_word' id='word_1_444' title='bbox 1912 2543 2042 2569; x_wconf 87' lang='lat' dir='ltr'>mandat</span> <span class='ocrx_word' id='word_1_445' title='bbox 2060 2543 2098 2568; x_wconf 87' lang='lat' dir='ltr'>ab</span> <span class='ocrx_word' id='word_1_446' title='bbox 2115 2549 2294 2568; x_wconf 88' lang='lat' dir='ltr'>excommu-</span> 
     </span>
     <span class='ocr_line' id='line_1_112' title="bbox 1701 2591 2289 2620; baseline -0.003 -1"><span class='ocrx_word' id='word_1_447' title='bbox 1701 2593 1859 2620; x_wconf 80' lang='lat' dir='ltr'>nicatione</span> <span class='ocrx_word' id='word_1_448' title='bbox 1909 2592 2077 2618; x_wconf 86' lang='lat' dir='ltr'>absolvant</span> <span class='ocrx_word' id='word_1_449' title='bbox 2127 2591 2289 2618; x_wconf 65' lang='lat' dir='ltr'>&#39;l‘edicium</span> 
     </span>
     <span class='ocr_line' id='line_1_113' title="bbox 1699 2640 2296 2672; baseline -0.005 -4"><span class='ocrx_word' id='word_1_450' title='bbox 1699 2640 1881 2672; x_wconf 79' lang='lat' dir='ltr'>Marcoaldi,</span> <span class='ocrx_word' id='word_1_451' title='bbox 1908 2640 2008 2667; x_wconf 89' lang='lat' dir='ltr'>civem</span> <span class='ocrx_word' id='word_1_452' title='bbox 2033 2642 2065 2666; x_wconf 80' lang='lat' dir='ltr'>et</span> <span class='ocrx_word' id='word_1_453' title='bbox 2091 2641 2296 2666; x_wconf 85' lang='lat' dir='ltr'>mercatorem</span> 
     </span>
     <span class='ocr_line' id='line_1_114' title="bbox 1703 2688 2297 2724; baseline -0.005 -7"><span class='ocrx_word' id='word_1_454' title='bbox 1703 2690 1931 2721; x_wconf 83' lang='lat' dir='ltr'>Florentinum,</span> <span class='ocrx_word' id='word_1_455' title='bbox 1964 2689 2019 2724; x_wconf 86' lang='lat' dir='ltr'>qui</span> <span class='ocrx_word' id='word_1_456' title='bbox 2052 2688 2206 2722; x_wconf 80' lang='lat' dir='ltr'>promisit,</span> <span class='ocrx_word' id='word_1_457' title='bbox 2240 2688 2297 2714; x_wconf 88' lang='lat' dir='ltr'>sub</span> 
     </span>
     <span class='ocr_line' id='line_1_115' title="bbox 1700 2738 2297 2773; baseline -0.003 -8"><span class='ocrx_word' id='word_1_458' title='bbox 1700 2746 1781 2773; x_wconf 85' lang='lat' dir='ltr'>pena</span> <span class='ocrx_word' id='word_1_459' title='bbox 1798 2739 2011 2764; x_wconf 86' lang='lat' dir='ltr'>trecentarum</span> <span class='ocrx_word' id='word_1_460' title='bbox 2027 2744 2203 2764; x_wconf 87' lang='lat' dir='ltr'>marcarum</span> <span class='ocrx_word' id='word_1_461' title='bbox 2219 2738 2297 2763; x_wconf 88' lang='lat' dir='ltr'>ster-</span> 
     </span>
     <span class='ocr_line' id='line_1_116' title="bbox 1701 2786 2297 2822; baseline -0.003 -9"><span class='ocrx_word' id='word_1_462' title='bbox 1701 2788 1866 2822; x_wconf 84' lang='lat' dir='ltr'>lingorum,</span> <span class='ocrx_word' id='word_1_463' title='bbox 1893 2793 1924 2812; x_wconf 91' lang='lat' dir='ltr'>se</span> <span class='ocrx_word' id='word_1_464' title='bbox 1947 2786 2108 2813; x_wconf 80' lang='lat' dir='ltr'>facturum</span> <span class='ocrx_word' id='word_1_465' title='bbox 2131 2786 2217 2821; x_wconf 90' lang='lat' dir='ltr'>quod</span> <span class='ocrx_word' id='word_1_466' title='bbox 2241 2787 2297 2811; x_wconf 76' lang='lat' dir='ltr'>Ar-</span> 
     </span>
     <span class='ocr_line' id='line_1_117' title="bbox 1701 2835 2297 2870; baseline -0.003 -8"><span class='ocrx_word' id='word_1_467' title='bbox 1701 2837 1795 2870; x_wconf 78' lang='lat' dir='ltr'>rigus‚</span> <span class='ocrx_word' id='word_1_468' title='bbox 1818 2835 1917 2862; x_wconf 81' lang='lat' dir='ltr'>frater</span> <span class='ocrx_word' id='word_1_469' title='bbox 1940 2842 2024 2868; x_wconf 90' lang='lat' dir='ltr'>suus,</span> <span class='ocrx_word' id='word_1_470' title='bbox 2047 2835 2149 2861; x_wconf 84' lang='lat' dir='ltr'>socius</span> <span class='ocrx_word' id='word_1_471' title='bbox 2170 2836 2203 2861; x_wconf 89' lang='lat' dir='ltr'>et</span> <span class='ocrx_word' id='word_1_472' title='bbox 2226 2841 2297 2860; x_wconf 92' lang='lat' dir='ltr'>con-</span> 
     </span>
     <span class='ocr_line' id='line_1_118' title="bbox 1705 2883 2299 2918; baseline -0.005 -6"><span class='ocrx_word' id='word_1_473' title='bbox 1705 2885 1792 2918; x_wconf 84' lang='lat' dir='ltr'>civis,</span> <span class='ocrx_word' id='word_1_474' title='bbox 1839 2885 1871 2911; x_wconf 88' lang='lat' dir='ltr'>in</span> <span class='ocrx_word' id='word_1_475' title='bbox 1915 2884 2070 2911; x_wconf 83' lang='lat' dir='ltr'>comitatu</span> <span class='ocrx_word' id='word_1_476' title='bbox 2114 2883 2299 2910; x_wconf 88' lang='lat' dir='ltr'>Provinciae</span> 
     </span>
    </p>
   </div>
  </div>
 </body>
</html>
