2519 3262
1059 198 1301 236 TROISOEME
1328 198 1492 235 ANNEE.

275 297 289 315 1(
316 310 322 316 .
345 313 350 318 ,
374 287 486 317 decano
510 288 632 318 ecclesie
657 289 867 325 Tlioarcensis,
892 289 1081 318 Pictavensz's
1105 289 1242 318 diocesis.

235 341 395 371 Volentes
413 342 534 372 dilecto
551 342 620 372 filio
638 343 815 373 XVillelino
830 342 870 372 de
885 343 1017 377 Niorto‚
1030 341 1243 380 presbytero,

231 395 393 432 perpetuo
417 395 592 433 capellano
615 395 756 425 ecclesie
783 395 890 424 sancti
916 394 1007 424 Petri
1036 394 1075 423 de
1100 394 1242 428 Merulo,

232 446 446 477 Pictavensis
469 449 627 485 diocesis,
658 448 715 487 qui
745 448 784 478 de
807 447 1031 486 proventibus
1057 447 1243 485 capellanie

231 500 342 538 ipsius
359 501 511 537 ecclesie,
528 501 627 540 juxta
642 509 786 539 persone
810 509 870 530 sue
889 500 1088 537 decentiam,
1113 500 1242 538 nequit,

232 555 267 582 ut
285 554 418 588 asserit,
442 554 578 584 comode
601 554 798 590 sustentari,
825 553 969 592 gratiam
992 553 1100 583 facere
1118 554 1245 592 specia—

231 606 310 642 lem,
343 607 539 637 discretioni
567 609 623 637 tue
656 607 869 643 mandamus,
899 608 1066 645 quatenus
1098 606 1242 637 eundem

234 659 462 695 W'illelmurn,
483 660 541 698 qui
559 669 619 698 per
644 660 805 690 dilectum
830 659 938 689 filium
957 660 1159 698 magistrum
1180 660 1243 690 Pe-
1268 690 1270 701 v

228 713 332 746 trum,
364 712 636 742 archidiaconum
664 712 880 743 Bruliensem
906 713 940 742 in
962 712 1105 742 ecclesia
1134 714 1244 751 Agen-

229 765 338 801 nensi,
354 765 568 795 examinatus
584 766 776 804 diligenter,
792 766 916 796 dicitur
930 766 1090 796 inventus
1104 766 1139 795 in
1156 766 1242 796 litte-

230 819 344 848 ratura
361 820 591 857 competenter
608 819 773 858 ydoneus,
796 820 978 849 dummodo
996 819 1088 849 aliud
1107 820 1241 850 canoni-

228 880 302 901 cum
321 880 386 901 non
400 871 556 907 obsistat,
571 872 606 902 in
624 873 768 903 seculari
785 873 929 903 ecclesia
947 872 1044 903 beate
1065 873 1243 911 Radegun-

229 924 281 954 dis
296 924 520 961 pietavensis,
537 925 719 956 dnmmodo
734 926 860 956 ibidem
875 935 935 965 pro
952 926 1017 956 alio
1032 935 1098 956 non
1113 926 1243 956 direxe-

229 977 337 1008 rimus
356 978 482 1016 scripta
500 981 630 1018 nostra,
646 988 706 1017 per
723 981 754 1009 te
773 980 825 1010 vel
841 988 902 1018 per
920 980 1024 1009 alium
1042 980 1241 1010 auctoritate
1268 994 1269 1000 1

229 1032 345 1061 nostra
360 1032 466 1070 recipi
479 1032 584 1062 facias
598 1033 631 1062 in
642 1034 839 1063 canonicum
855 1035 885 1063 et
897 1033 932 1063 in
944 1033 1097 1067 fratrem,
1115 1034 1145 1063 et
1159 1033 1188 1062 ei
1201 1033 1240 1063 de

227 1083 409 1122 prebenda,
435 1085 465 1115 si
489 1094 555 1124 qua
577 1088 673 1116 vacat
695 1087 735 1116 ad
753 1095 896 1125 presens
920 1086 954 1116 in
974 1087 1049 1125 ipsa
1064 1086 1117 1116 vel
1139 1095 1241 1125 quam

225 1137 375 1174 primum
395 1138 437 1167 ad
455 1138 489 1168 id
510 1138 672 1169 obtulerit
691 1148 725 1169 se
749 1139 904 1176 facultas,
924 1140 1104 1178 provideas
1122 1140 1174 1170 vel
1195 1139 1241 1169 fa·
1266 1173 1268 1183 γ

225 1190 295 1220 cias
318 1191 502 1229 provideri.
527 1191 603 1222 Non
628 1191 782 1222 obstante
805 1210 851 1220 —.
879 1192 1151 1223 Contradictores
1176 1194 1239 1223 etc.
1266 1186 1268 1192 ¹

224 1252 332 1282 usque
364 1245 618 1283 compescendo.
647 1246 790 1276 Proviso
819 1246 908 1285 quod
933 1264 982 1276 —.
1004 1246 1129 1276 Datum
1151 1247 1240 1285 apud
1266 1256 1268 1288 3

226 1297 518 1333 Urbemveterem,
539 1299 695 1329 kalendis
714 1299 840 1335 martii,
861 1308 959 1336 anuo,
978 1300 1089 1330 tertio.
1114 1310 1128 1328 n

317 1462 411 1493 1517
796 1462 921 1496 OrvietO,
942 1463 974 1490 16
990 1471 1067 1489 mars
1086 1464 1164 1490 1202.

260 1545 517 1581 Archipresbytero
531 1547 670 1574 ecclesiae
680 1555 703 1573 s.
715 1547 872 1574 Laurentii.
889 1546 1091 1574 Foroliviensis
1102 1548 1239 1582 diocesis,

225 1595 344 1621 mandat
356 1597 396 1625 ut,
412 1595 531 1622 obtentu
546 1596 671 1630 episcopi
685 1596 846 1623 Penestrini
863 1599 889 1623 et
906 1597 949 1630 R„
967 1605 990 1623 s.
1008 1596 1109 1631 Angcli
1127 1597 1237 1624 diaconi

225 1643 391 1675 cardinalis,
411 1644 529 1671 Petrum
548 1645 581 1672 de
599 1645 804 1676 Lambertinis,
823 1646 994 1672 canonicum
1016 1645 1237 1678 Bononiensem,

224 1692 257 1717 de
274 1692 370 1726 aliquo
389 1693 526 1720 beneficio
544 1694 573 1720 in
592 1693 763 1720 Bononiensi
780 1694 899 1725 diocesi,
917 1702 1017 1720 curam
1035 1702 1091 1721 non
1112 1694 1237 1722 habente

223 1740 388 1768 animarum
410 1750 564 1774 annexam,
583 1743 741 1777 provideat.
760 1743 836 1777 (unu.
854 1743 898 1776 29,
916 1743 965 1769 tol.
984 1743 1033 1770 144
1052 1746 1092 1773 νο,
1113 1750 1142 1769 n⁰
1163 1742 1237 1778 567.)
1264 1759 1265 1763 =

262 1858 276 1873 «
293 1847 560 1887 :irclzz'presbilero
576 1847 697 1877 ecclesie
710 1858 734 1877 s.
752 1848 924 1884 Laurentii,
939 1847 1158 1878 Foroliviensis
1173 1848 1237 1878 dio-

222 1899 307 1929 cesis.
332 1901 530 1931 Honestatis
551 1901 744 1932 exolvimus
764 1901 915 1931 debitum
935 1920 983 1932 —.
1004 1902 1131 1932 Datum
1150 1902 1239 1941 apud
1264 1911 1266 1927 2

225 1952 515 1991 Urbemveterem‚
542 1964 611 1984 xvn
634 1955 797 1985 kalendas
816 1955 947 1993 aprilis,
967 1964 1054 1985 anno
1080 1956 1193 1986 tertio.
1222 1965 1238 1985 ))
1264 1959 1266 1968 ¹

819 2120 944 2152 Orvieto,
961 2122 978 2148 5
995 2121 1066 2148 avril
1086 2123 1162 2150 1261.

314 2120 410 2151 1518

258 2202 396 2237 Magistro
409 2203 517 2235 Miloni,
535 2204 718 2231 sorisdecano
732 2205 903 2236 Brivatensi,
921 2208 1036 2232 centum
1054 2206 1143 2233 libras
1162 2210 1238 2234 turo-

221 2258 325 2278 nenses
341 2252 375 2278 de
389 2253 518 2286 pecuniis
534 2255 730 2280 mercatorum
747 2255 919 2281 senensium
932 2255 1075 2290 assignat,
1096 2256 1173 2289 (nm.
1191 2258 1236 2289 29,

224 2299 273 2327 sol.
294 2300 353 2331 145,
370 2306 399 2326 n⁹
414 2301 489 2336 508.)

267 2421 280 2436 «
301 2407 449 2447 illaqistzv
462 2405 580 2443 Miloni,
595 2406 787 2445 forisdeccmo
804 2407 989 2445 Brivatensi,
1005 2408 1236 2439 Claromonten-

222 2462 262 2491 sis
289 2460 429 2497 diocesis,
458 2460 562 2489 nuntio
589 2464 701 2490 nostro.
724 2461 816 2492 Olim
841 2462 991 2501 experiri
1016 2462 1170 2494 volentes
1195 2472 1237 2494 an

220 2513 376 2553 reprobis
394 2512 616 2549 Senensibus,
640 2521 700 2552 pro
723 2522 785 2544 sua
804 2514 1021 2546 indevotione
1038 2524 1098 2554 per
1118 2517 1234 2547 sedem

221 2566 444 2606 apostolicam
452 2565 586 2596 vinculo
599 2567 1130 2604 excommunicationisastrictis,
1140 2569 1236 2600 daret

221 2619 370 2650 salubris
399 2618 534 2649 vexatio
562 2619 773 2650 intellectum
799 2622 831 2651 et
860 2629 917 2651 eos
949 2621 990 2651 ad
1019 2622 1233 2653 devotionem

221 2673 363 2704 ecclesie
382 2672 568 2709 revocaret,
593 2673 625 2702 te
646 2674 784 2711 propter
805 2672 867 2704 hoc
891 2674 933 2704 ad
954 2676 1068 2713 partes
1091 2676 1235 2707 Francie

221 2725 384 2756 duximus
392 2724 643 2761 destinandum,
655 2724 717 2754 tibi
727 2733 788 2763 per
797 2724 930 2756 litteras
939 2728 1074 2757 nostras
1082 2727 1233 2767 injuncto

222 2779 259 2809 ut
276 2778 412 2809 eosdem
436 2777 604 2808 Senenses
622 2779 796 2816 tamquam
818 2780 1129 2811 excommunicatos
1146 2781 1236 2812 face-

222 2839 277 2861 res
303 2831 343 2861 ab
371 2830 529 2862 omnibus
557 2830 665 2860 artius
692 2830 812 2861 evitari
840 2833 872 2861 et
895 2831 1116 2864 interdiceres
1141 2834 1234 2865 debi-

221 2884 355 2915 toribus
381 2883 565 2914 eorundem
589 2891 630 2914 118
649 2883 735 2922 ipsis
752 2883 961 2915 Senensibus
984 2885 1032 2916 sic
1055 2886 1170 2925 ligatis
1193 2888 1233 2918 de

2256 218 2314 248 219

1303 289 1376 318 suis
1393 289 1517 319 debitis
1532 291 1780 326 satisfacerent,
1794 294 1867 324 sine
1881 296 1995 325 nostra
2008 296 2145 327 licentia
2160 300 2311 337 speciali,

1303 343 1335 371 et
1357 343 1573 380 postmodum
1598 345 1687 382 quod
1711 346 1751 376 de
1772 346 1857 384 ipsis
1880 347 2004 378 debitis
2028 358 2134 388 usque
2159 352 2199 381 ad
2225 361 2312 382 sum-

1302 402 1392 424 mam
1405 403 1464 425 sex
1476 396 1610 426 milium
1625 406 1815 429 marcarum
1829 400 2069 440 sterlingorum
2082 403 2216 434 dilectis
2233 406 2313 435 tiliis

1302 447 1433 477 civibus
1454 449 1613 486 Lucanis,
1631 460 1716 489 quos
1736 452 1816 482 dicti
1834 453 2000 484 senenses
2020 457 2168 494 graviter
2185 458 2312 488 afflixe-

1302 502 1392 536 runt,
1414 501 1541 532 faceres
1555 503 1720 534 exhiberi.
1738 506 1864 536 Verum
1886 507 1976 545 quia,
1996 508 2083 539 sicut
2099 511 2238 546 asseris,
2259 520 2310 541 su-

1302 561 1361 591 per
1381 555 1609 593 percipiendis
1635 559 1932 595 procurationibus
1954 560 1995 590 ab
2019 562 2192 601 aliquibus
2211 565 2314 595 eccle-

1302 606 1364 636 siis
1382 608 1511 638 nullam
1531 609 1593 639 tibi
1612 612 1842 642 concessimus
1859 613 2065 651 facultatem,
2089 625 2148 654 pro
2167 618 2263 655 equis
2281 620 2311 648 et

1302 660 1455 690 vestibus
1484 662 1553 692 tuis
1579 671 1644 693 non
1670 665 1847 696 minimam
1878 667 1918 697 de
1946 669 2082 706 proprio
2121 670 2312 708 expendisti

1301 714 1443 751 pecunie
1467 716 1702 753 quantitatem.
1731 718 1840 753 Quare
1862 719 1960 750 nobis
1982 721 2159 752 humiliter
2184 723 2312 761 suppli-

1268 794 1270 805 ,
1301 767 1385 797 casti
1406 770 1442 797 ut
1460 769 1638 806 providere
1655 770 1718 800 tibi
1740 780 1841 810 super
1858 773 1918 803 hoc
1936 775 2203 806 misericorditer
2221 785 2312 807 cura-

1300 828 1428 850 remus.
1453 822 1615 853 Volentes
1638 824 1740 862 igitur
1760 826 1847 863 quod
1868 828 2001 857 centum
2024 827 2130 858 libras
2154 830 2312 860 turonen—

1301 881 1367 909 585,
1391 882 1451 912 pro
1470 883 1557 905 anno
1580 877 1730 914 presenti
1750 878 1924 915 duntaxat,
1949 880 2074 911 habeas
2098 882 2137 911 de
2158 883 2312 920 pecuniis

1301 928 1503 957 Senensinm
1527 929 1769 967 predictorum,
1790 940 1875 970 quas
1896 933 1936 962 de
1959 934 2117 964 mandato
2136 938 2251 965 nostro
2272 936 2312 965 ab

1300 988 1416 1010 eorum
1430 980 1640 1012 debitoribus
1654 984 1799 1022 exegisti
1815 985 1868 1015 vel
1879 986 1995 1025 exiges
2009 987 2043 1017 in
2060 988 2223 1023 futurum,
2240 997 2311 1027 pre-

1301 1034 1449 1063 sentium
1476 1034 1540 1064 tibi
1571 1037 1771 1068 auctoritate
1801 1039 2017 1070 concedimus
2051 1043 2085 1071 ut
2118 1041 2312 1080 hujusmodi

1300 1088 1435 1117 centum
1452 1088 1559 1119 libras
1576 1090 1722 1128 recipias
1737 1093 1768 1121 et
1785 1093 1903 1130 exigas
1921 1093 1961 1123 de
1978 1094 2132 1132 pecuniis
2148 1103 2312 1125 memora-

1299 1140 1355 1170 tis.
1387 1141 1661 1173 Contradictores
1694 1146 1756 1174 818.
1795 1154 1902 1184 usque
1940 1148 2194 1185 compescendo.
2236 1148 2312 1178 Non

1300 1193 1454 1225 obstante
1479 1196 1508 1225 si
1529 1213 1576 1226 -—.
1595 1197 1764 1227 Volumus
1784 1200 1896 1228 autem
1915 1200 2001 1238 quod
2023 1200 2218 1239 hujusmodi
2237 1210 2309 1231 cen-

1298 1248 1371 1277 tum
1389 1248 1488 1279 libris
1510 1250 1646 1288 penitus
1665 1251 1714 1280 sis
1734 1254 1912 1283 contentus
1935 1255 1966 1283 et
1986 1254 2075 1292 quod
2100 1254 2139 1284 de
2157 1255 2311 1293 pecuniis

1298 1300 1422 1332 debitis
1443 1302 1578 1333 dilectis
1601 1303 1683 1334 filiis
1708 1305 1862 1336 Rolando
1884 1306 2106 1346 Bonsegnori,
2130 1308 2310 1339 Francisco

1297 1354 1399 1384 Gnidi
1414 1357 1577 1386 eteorum
1596 1358 1711 1391 508115,
1727 1358 1859 1389 civilius
1876 1361 1907 1389 et
1926 1361 2172 1391 mercatoribus
2188 1361 2311 1392 Senen-

1298 1407 1404 1443 sibus,
1428 1409 1559 1440 devotis
1581 1411 1720 1445 nostris,
1742 1414 1773 1441 te
1800 1414 1938 1450 propter
1960 1413 2021 1443 hoc
2046 1414 2240 1444 nullatenus
2260 1414 2310 1444 in-

1296 1462 1479 1498 tromittas,
1495 1463 1639 1493 maxime
1653 1472 1728 1493 cum
1739 1473 1796 1494 eos
1810 1473 1828 1494 a
1840 1466 2019 1496 sententiis
2034 1467 2068 1496 in
2080 1467 2171 1496 cives
2187 1467 2308 1497 Senen-

1265 1528 1266 1534 1
1297 1522 1352 1543 585
1374 1515 1578 1553 generaliter
1601 1517 1840 1556 promulgatis,
1861 1518 2061 1548 duxerimus
2080 1520 2309 1550 excludendos

1297 1583 1344 1597 —.
1371 1568 1494 1598 Datum
1519 1570 1606 1608 apud
1632 1569 1921 1605 Urbemveterem,
1942 1572 2040 1602 nonis
2065 1573 2196 1611 aprilis,
2222 1581 2308 1603 anno

1295 1621 1407 1651 tertio.
1428 1631 1443 1650 n

1389 1781 1484 1811 1519

1892 1782 2016 1815 Orvieto,
2035 1784 2051 1809 8
2066 1783 2137 1809 avril
2157 1784 2234 1810 1264.

1740 1834 1768 1846 '⁷0

1332 1864 1415 1890 Petro
1431 1865 1466 1891 de
1483 1865 1605 1896 Sabello,
1628 1866 1725 1900 nepoti
1744 1866 1778 1897 J.,.
1797 1875 1819 1893 s.
1842 1867 1948 1894 Mariae
1974 1867 2002 1893 in
2025 1868 2173 1894 Cosmidin
2194 1868 2309 1894 diaconi

1296 1913 1460 1945 cardinalis,
1484 1915 1687 1941 canonicatum
1709 1915 1846 1942 ccclesiae
1874 1916 2022 1943 Remensis
2055 1920 2083 1943 et
2114 1917 2308 1951 praebendam

1296 1962 1418 1990 conseri.
1436 1962 1515 1997 tREu.
1530 1964 1574 1994 29,
1589 1963 1639 1990 fol.
1659 1964 1716 1991 145.
1736 1970 1765 1991 11ο
1781 1966 1853 1997 5119.)

1338 2082 1353 2097 «
1367 2070 1458 2100 Petro
1473 2070 1508 2100 de
1521 2071 1658 2107 Sabello,
1672 2072 1817 2101 canonico
1833 2071 1980 2107 Remensi‚
1996 2074 2100 2113 nepoti
2111 2073 2153 2110 J.‚
2172 2084 2195 2103 s,
2211 2074 2310 2103 Marie

1298 2124 1327 2152 in
1347 2123 1502 2154 Cosmidin
1519 2124 1643 2154 diaconi
1659 2125 1838 2155 cardinalis.
1854 2126 2025 2157 Personas
2040 2127 2174 2166 generis
2190 2127 2310 2157 nobili-

1295 2179 1362 2207 tate
1387 2196 1434 2207 —.
1458 2178 1582 2208 Datum
1606 2179 1694 2217 apud
1717 2179 2058 2215 U1·beniveterem‚v1
2083 2180 2159 2210 idus
2175 2180 2306 2219 aprilis,

1296 2239 1382 2261 anno
1401 2231 1512 2262 tertio.
1535 2242 1548 2260 n

1387 2392 1483 2423 1520
1894 2392 2017 2424 Orvieto,
2032 2394 2048 2420 8
2065 2393 2136 2420 avril
2157 2394 2235 2421 1202.

1331 2475 1467 2509 Magistro
1484 2475 1704 2503 Bartholomaeo
1722 2476 1755 2502 de
1773 2475 1881 2503 Mutina
1900 2477 2019 2513 majoris
2041 2480 2069 2505 et
2089 2477 2173 2505 Petro
2197 2478 2307 2507 Ponelli

1295 2531 1317 2549 s.
1340 2524 1489 2558 Gaugerici
1509 2524 1699 2552 ecclesiarum
1717 2525 1971 2552 Cameracensium
1996 2526 2151 2558 canonicis,
2179 2527 2306 2562 capella-

1294 2572 1339 2599 nis
1355 2573 1533 2607 apostolicis,
1552 2574 1718 2608 praedictae
1740 2574 1903 2602 collationis
1919 2576 2077 2603 committit
2095 2576 2305 2604 executionem.

1294 2622 1375 2657 (Rae.
1395 2623 1439 2652 29,
1461 2622 1508 2650 sol.
1531 2623 1591 2657 125,
1612 2627 1643 2649 n⁰
1659 2624 1734 2656 570.)

1334 2737 1349 2755 «
1366 2726 1515 2766 Mayisero
1532 2727 1749 2758 Bai-tholomeo
1766 2728 1802 2758 de
1817 2729 1938 2759 Mutina
1954 2731 2082 2770 majoris
2097 2736 2124 2761 ee
2141 2731 2235 2761 Petro
2250 2732 2308 2762 Ρο-

1294 2779 1367 2810 nelli
1388 2775 1412 2809 s.
1439 2780 1603 2820 Gaaqei·ici
1628 2780 1821 2812 ecclesiarum
1853 2782 2113 2814 Cameracensiwn
2139 2785 2306 2820 canonicis,

1294 2833 1461 2874 capellanis
1486 2835 1608 2864 nostr-is.
1634 2835 1804 2866 Personas
1829 2838 1892 2867 etc.
1919 2853 1968 2868 —.
1989 2838 2114 2868 Datum
2133 2839 2222 2877 apud
2245 2839 2305 2870 Ur-

1293 2888 1534 2925 bemveterem,
1553 2898 1585 2918 v1
1603 2888 1680 2919 idus
1699 2889 1830 2928 aprilis,
1849 2899 1936 2921 anno
1952 2892 2063 2922 tertio.
2085 2902 2100 2920 η
