2519 3262
220 224 279 254 250

811 304 936 337 (lrvieto,
957 305 989 331 12
1006 304 1062 330 runi
1080 304 1156 331 1262.

314 309 327 339 Ι
336 309 408 339 653

258 392 386 418 Andreae
405 392 546 423 (lansono,
564 389 699 416 canonico
713 389 855 419 Paduano,
874 389 993 415 mandat
1010 391 1049 419 ut,
1067 389 1229 415 considera-

223 441 298 468 tione
313 441 407 467 Jacobi
426 440 571 474 Theopoli,
590 439 748 471 Nicolaum,
766 439 905 465 ccclesiae
921 447 942 465 s.
965 437 1112 470 Augustini
1129 439 1162 464 ‹le
1181 438 1230 463 Vc-

224 490 306 517 1161115
323 490 470 519 clericum,
498 489 525 515 in
544 488 665 515 ccclesia
689 497 709 514 s.
731 487 864 522 Stephani
882 489 915 514 dc
937 487 1065 521 ltodigio,
1082 487 1229 513 Adricnsis

223 539 354 571 diocesis,
371 539 397 565 in
418 539 587 565 canonicum
605 536 691 571 recipi
707 536 793 564 saciat
812 537 892 571 cique
911 537 944 563 de
960 536 1121 571 praebenda
1138 535 1230 570 provi-

222 588 298 614 deat.
316 588 393 621 (ltuu,
414 589 458 620 29,
478 588 526 614 sol.
546 587 604 617 104,
624 592 653 612 11Ω
669 586 741 617 703.)

262 702 278 722 ((
296 692 418 722 Amlrec
439 690 588 725 Ccmssmo,
608 690 751 720 canonico
772 689 929 720 Paduano.
950 689 1097 721 Obtentu
1115 689 1229 720 dilecti

225 745 283 775 lilii
309 761 357 774 --.
386 746 509 775 Datum
535 744 623 784 apud
654 743 940 780 Urbemveterem,
963 753 1009 773 1111
1034 743 1109 773 idus
1134 742 1227 780 maii,

223 807 308 829 auno
328 799 437 829 tertio.
456 809 470 828 n

314 959 408 990 1354
814 955 939 987 (lrvieto,
959 956 988 983 12
1006 955 1063 982 mai
1081 955 1157 982 1204.

255 1042 376 1069 Johanni
394 1043 427 1068 dc
447 1042 574 1072 Summa,
592 1041 730 1068 canonico
748 1040 925 1067 Atheniensi.
943 1041 1058 1067 mandat
1077 1042 1118 1073 ut,
1137 1039 1230 1066 consi-

221 1091 366 1118 deratione
382 1091 526 1118 Laurentii
541 1090 684 1125 Theopoli,
698 1090 867 1123 Antonium,
880 1090 1079 1125 presbyterum
1091 1088 1230 1116 ecclesiae

221 1149 244 1167 s.
257 1141 406 1175 Augustini
422 1141 455 1167 dc
470 1140 606 1172 Venetiis,
616 1140 644 1166 in
655 1140 775 1167 ecclesia
788 1138 1003 1174 Nigripoutcnsi
1021 1139 1048 1165 in
1060 1138 1230 1165 canonicum

222 1190 308 1224 recipi
326 1189 412 1217 faciat
430 1189 511 1224 cique
527 1190 560 1216 de
576 1189 737 1224 praebenda
754 1188 912 1223 provideat.
934 1188 1013 1222 (nnc.
1031 1188 1075 1221 29,
1102 1187 1150 1214 sol.
1169 1186 1229 1216 164,

222 1244 251 1265 11θ
265 1239 339 1272 704.)

263 1354 276 1373 ι(
294 1343 429 1373 Jolmnm‘
444 1343 480 1374 de
494 1343 630 1380 Summa,
651 1343 795 1372 canonico
810 1342 996 1372 Atheniensi.
1018 1341 1165 1373 Obtentu
1183 1343 1231 1371 ‹li-

224 1398 299 1428 lecti
323 1398 381 1427 filii
407 1416 455 1427 —.
481 1397 607 1427 Datum
637 1397 724 1436 apud
752 1396 1042 1432 Frbemveterem,
1075 1405 1123 1425 1111
1154 1395 1230 1425 idus

223 1451 315 1487 maii,
331 1459 417 1481 anno
434 1450 545 1480 tertio.
566 1461 580 1479 υ

315 1616 407 1647 1655
814 1612 939 1647 (jlrvieto,
960 1614 990 1639 19
1008 1613 1064 1639 mai
1081 1613 1158 1640 1204.

259 1700 294 1726 lle
309 1707 402 1726 annua
425 1698 560 1733 pensione
578 1700 693 1725 centum
712 1689 850 1725 librarum
872 1701 927 1725 tur.
948 1697 1069 1724 Johauni
1086 1698 1119 1724 dc
1132 1699 1231 1725 'saxel-

222 1748 268 1783 lis,
285 1748 487 1775 archidiacono
507 1748 647 1775 Laticensi
668 1748 695 1774 in
713 1747 834 1775 ecclesia
849 1747 1033 1781 Lingonensi,
1051 1756 1067 1773 a
1087 1750 1231 1774 monaste-

221 1797 270 1825 riis
284 1800 311 1824 et
326 1797 456 1824 ccelesiis
470 1806 493 1824 s.
512 1797 656 1824 Benedicti
675 1800 702 1824 et
719 1806 740 1824 s.
762 1796 912 1831 Augustini
929 1796 1063 1823 ordinum
1082 1796 1110 1823 in
1125 1796 1230 1831 Lingo-

221 1847 301 1874 nensi
317 1847 423 1874 diocesi
440 1847 639 1881 persolvenda.
657 1847 735 1881 (nm.
755 1847 800 1880 29,
820 1846 869 1873 fol.
899 1846 946 1872 104
962 1850 1002 1877 νῦ,
1018 1850 1049 1872 n⁰
1065 1845 1141 1878 705.)

262 1961 275 1979 α
303 1950 526 1981 Awleidincono
545 1960 570 1979 s.
598 1949 769 1989 illaryarele
794 1950 825 1978 in.
850 1949 971 1978 eeclesia
1003 1949 1151 1979 Trerensi.
1179 1950 1230 1979 Ad

223 2004 408 2034 faciendam
426 2004 549 2033 dilecto
570 2003 639 2033 lilio
657 2003 802 2033 Johanni
822 2003 862 2032 de
885 2002 1046 2037 'l'avellis‚
1067 2002 1231 2032 archidia-

221 2066 303 2088 cono
331 2057 500 2088 Laticcnsi
522 2057 556 2086 in
579 2056 721 2086 ecclesia
746 2056 965 2094 Lingonensi,
986 2055 1129 2093 gratiam
1156 2064 1231 2093 spe-

221 2111 340 2141 cialem
355 2111 484 2141 sincere
501 2109 691 2140 devotionis
708 2109 845 2139 affectus
869 2117 968 2147 quem
990 2108 1077 2138 idem
1096 2109 1137 2138 ad
1156 2117 1230 2146 per-

221 2173 338 2194 sonam
361 2165 510 2194 nostram
535 2163 641 2201 gessit
668 2162 709 2192 ab
734 2163 828 2198 olim,
847 2162 926 2192 dum
946 2162 979 2191 in
998 2161 1119 2191 minori
1140 2163 1228 2192 statu

220 2217 394 2248 constituti
412 2226 579 2253 essemus,
601 2225 660 2247 sue
679 2225 812 2255 quoque
827 2215 1007 2255 probitatis
1029 2215 1150 2245 merita
1168 2224 1229 2245 nos

219 2271 393 2301 inducunt.
419 2271 506 2300 Hinc
524 2271 575 2300 est
596 2270 684 2308 quod
701 2278 775 2306 nos,
792 2269 945 2299 volentes
963 2269 998 2298 ut
1015 2267 1102 2298 idem
1123 2268 1229 2298 archi-

219 2324 380 2354 diaconus
404 2324 444 2354 de
467 2323 650 2362 apostolice
672 2322 889 2353 liberalitatis
907 2329 1045 2351 munere
1065 2321 1228 2359 condigna

218 2377 450 2408 beneficientie
482 2376 642 2415 sutfragia
671 2377 909 2414 consequatur,
946 2374 1142 2404 discretioni
1172 2376 1227 2405 tue

218 2431 418 2461 mandamus
431 2431 597 2469 quatenus
611 2430 721 2460 eidem
734 2428 969 2459 archidiacono
980 2436 998 2458 a
1011 2427 1227 2457 monasteriis

218 2486 250 2515 et
274 2484 428 2515 ecclesiis
447 2492 473 2513 s.
503 2483 674 2514 Benedicti
698 2484 729 2513 et
753 2492 779 2513 S.
811 2481 995 2521 Augustini
1015 2481 1171 2511 ordinum
1194 2481 1226 2510 in

218 2538 422 2576 Lingonensi
439 2537 574 2567 civitate
588 2545 625 2567 ac
642 2536 768 2567 diocesi
785 2535 993 2571 constitutis,
1012 2535 1180 2573 exemptis
1196 2537 1227 2564 et

217 2599 283 2621 non
301 2591 479 2629 exemptis,
491 2590 696 2620 monasterio
712 2599 739 2620 s.
760 2589 865 2620 Marie
882 2588 922 2619 de
941 2587 1158 2623 castellione,
1181 2588 1227 2626 ip-

217 2644 289 2674 sius
304 2643 433 2674 ordinis
443 2652 470 2673 s.
489 2643 684 2682 Augustini,
702 2643 788 2673 dicte
809 2641 967 2678 diocesis,
977 2641 1153 2671 dumtaxat
1170 2649 1225 2671 ex-

216 2698 322 2736 cepto,
341 2697 375 2726 in
391 2698 524 2727 centum
546 2696 644 2726 libris
668 2696 904 2727 turonensium
929 2694 1143 2734 imponendis
1166 2702 1226 2732 per

215 2752 246 2781 te
267 2749 319 2780 vel
346 2758 405 2789 per
428 2749 532 2779 alium
557 2758 615 2780 seu
639 2749 724 2779 alios
743 2749 846 2779 facias
870 2757 930 2788 per
954 2747 1223 2787 quinquennium

215 2803 397 2842 provideri.
423 2803 498 2833 Non
528 2802 681 2833 obstante
707 2802 736 2832 si
761 2819 811 2832 —.
841 2801 1114 2832 Contradictores
1146 2802 1222 2835 etc.,

214 2865 320 2895 usque
360 2856 613 2894 compescendo.
653 2856 777 2885 Datum
809 2855 898 2894 apud
928 2854 1220 2889 Urbemveterem,

214 2918 285 2940 xuu
302 2909 464 2940 kalendas
477 2909 577 2948 junii,
596 2917 681 2939 anno
700 2909 812 2939 tertio.
832 2918 846 2937 n

971 220 1214 251 REGISTRES
1241 220 1455 251 D’URBAIN
1485 219 1541 249 lv.

1862 301 1988 334 Orvicto,
2008 300 2039 327 13
2058 300 2131 327 avril
2150 301 2228 328 1204.

1379 304 1474 334 1623ss

1323 382 1419 418 tiajulo
1444 382 1526 417 regni
1544 382 1628 416 Cypri
1654 382 1771 408 mandat
1790 384 1819 408 ut
1838 381 1997 408 Nicosicnsi
2021 380 2236 416 archiepiscopo
2254 382 2302 407 ad-

1288 438 1385 457 versus
1405 433 1620 465 contemptores
1645 430 1786 457 ccclesiae
1806 430 1944 457 auxilium
1973 430 2131 464 impendat.
2158 430 2237 464 (itan.
2257 432 2301 462 κί’,

1288 479 1335 505 t‘ol.
1357 479 1405 506 10²2
1422 484 1462 512 νῦ,
1481 484 1510 505 11ο
1525 481 1600 509 71143.)

1326 575 1341 594 <i
1362 564 1479 595 Dilecto
1502 564 1568 603 silio
1589 565 1683 594 nobili
1704 565 1768 595 viro
1786 564 1889 604 bajulo
1906 565 1992 604 requi
2008 565 2106 604 cipri.
2129 565 2303 596 Accedens

1287 627 1352 648 non
1372 618 1498 657 absque
1518 618 1636 648 multis
1653 619 1814 657 periculis
1833 620 1864 648 et
1888 618 2063 648 laboribus
2087 619 2126 648 ad
2144 619 2303 657 apostoli-

1287 680 1358 702 cam
1372 671 1498 707 sedem,
1514 671 1720 701 venerabilis
1735 671 1839 702 frater
1851 673 1966 701 noster
1979 697 1983 700 .
1997 695 2016 707 .‚
2030 671 2243 702 Nicosiensis
2255 681 2303 702 ar-

1286 725 1533 763 chiepiscopum
1552 724 1650 755 nobis
1669 725 1827 763 exposuit
1848 725 1984 755 oraculo
2004 725 2078 754 vive
2105 725 2196 755 vocis
2214 725 2303 764 quod

1285 778 1384 809 Greci
1402 778 1495 817 regni
1513 778 1616 817 Cypri
1635 786 1701 808 non
1719 778 1831 808 solum
1853 778 2101 808 ordinationem
2118 777 2304 813 salubrem,

1287 840 1345 870 per
1364 840 1464 870 quam
1492 831 1708 866 discordiam,
1736 840 1837 870 quam
1862 839 1963 870 super
1982 831 2130 861 diversis
2150 831 2304 862 articulis

1287 885 1385 924 longo
1402 886 1554 923 tempore
1572 885 1658 915 inter
1677 885 1876 915 Latinorum
1899 887 1930 914 et
1949 885 2101 922 ipsorum
2117 884 2303 915 Grecorum

1287 938 1449 968 ecclesias
1476 938 1667 975 duraverat,
1696 938 1804 968 felicis
1835 938 2080 969 recordationis
2108 938 2304 969 Alexander

1286 1000 1385 1030 papa,
1403 992 1622 1030 predecessor
1641 994 1766 1027 noster,
1783 991 1822 1022 de
1842 1000 1980 1021 suorum
1998 992 2140 1022 fratrum
2159 991 2302 1022 consilio

1287 1045 1490 1075 terminasse
1521 1045 1685 1080 noscitur,
1713 1053 1781 1075 non
1812 1044 2003 1081 servabant,
2044 1053 2162 1075 verum
2200 1044 2303 1075 etiam

1286 1099 1404 1128 contra
1432 1097 1540 1136 ipsam
1567 1106 1603 1127 ac
1636 1097 1745 1128 dictas
1773 1098 1972 1128 Latinorum
2006 1097 2168 1128 ecclesias
2198 1096 2303 1127 calca—

1288 1159 1389 1181 neum
1409 1151 1589 1190 erigentes‚
1609 1151 1843 1181 conventicula
1862 1152 1893 1181 et
1916 1151 2186 1189 conspirationes
2205 1151 2239 1181 in
2256 1151 2305 1189 ip·

1288 1204 1360 1234 sius
1378 1205 1409 1234 et
1430 1204 1625 1235 earumdem
1648 1204 1870 1234 ecclesiarum
1896 1204 2024 1242 jurium
2049 1204 2304 1243 depressionem

1287 1257 1543 1295 presumptione
1558 1256 1744 1287 damnabili
1760 1257 1939 1292 fac-iebant,
1956 1257 2125 1296 quodque,
2141 1257 2219 1287 licet
2234 1256 2305 1296 ple—

1289 1319 1431 1348 rumque
1454 1309 1621 1346 nonnulli,
1649 1312 1718 1340 tam
1742 1310 1855 1340 clerici
1878 1319 1978 1348 quam
2003 1310 2078 1339 laici
2103 1310 2253 1340 civitatis
2272 1311 2305 1340 et

1288 1363 1434 1393 diocesis
1447 1363 1672 1398 Nicosiensis,
1691 1363 1751 1393 Dei
1770 1363 1892 1393 timore
1910 1363 2164 1401 postposito,ad
2177 1363 2305 1394 scelera

1288 1416 1442 1446 laxantes
1459 1415 1619 1451 habenas,
1635 1415 1782 1454 publicis
1797 1416 1974 1446 adulteriis
1989 1416 2183 1446 sedarentur
2199 1418 2229 1446 et
2245 1415 2304 1446 alii

1287 1469 1461 1500 Christum
1484 1469 1625 1508 ejusque
1652 1471 1786 1499 sanctos
1808 1468 2033 1508 blasphemiis
2058 1470 2091 1499 et
2114 1468 2306 1508 sacrilegiis

1289 1523 1507 1557 lacessarent,
1536 1522 1593 1551 alii
1625 1522 1826 1552 azardornm
1850 1522 1952 1556 ludis,
1978 1522 2131 1560 plerique
2158 1522 2306 1552 diversis

1289 1585 1325 1606 ac
1339 1575 1536 1606 enormibus
1554 1584 1618 1605 non
1636 1575 1831 1606 dubitarent
1849 1575 2051 1605 criminibus
2071 1575 2242 1614 inquinari
2259 1577 2304 1613 et,

1289 1629 1378 1669 quod
1398 1631 1469 1659 erat
1486 1628 1737 1664 detestabilius,
1758 1629 1896 1667 quidam
1918 1628 1952 1658 in
1971 1628 2176 1667 profundum
2198 1629 2304 1659 malo·

1289 1692 1363 1713 rum
1380 1682 1618 1713 execrabiliter
1632 1683 1840 1717 corruentes,
1851 1682 1973 1721 perimi
1986 1691 2061 1712 cum
2077 1682 2223 1713 Sodoma
2238 1690 2303 1712 non

1288 1736 1508 1772 timebant,si
1538 1735 1671 1774 quando
1693 1737 1804 1766 tamen
1831 1735 1919 1766 idem
1948 1735 2235 1774 archiepiscopus,
2264 1735 2303 1765 ad

1289 1797 1388 1827 quem
1402 1798 1442 1819 ex
1458 1797 1519 1819 suo
1536 1790 1662 1827 spectet
1680 1788 1792 1819 officio
1807 1789 1846 1818 de
1862 1797 1923 1818 sua
1935 1789 2114 1827 metropoli
2132 1789 2304 1827 extirpare

1288 1842 1439 1880 predicta
1457 1844 1486 1873 et
1503 1842 1570 1872 alia
1582 1842 1666 1872 vitia
1682 1844 1713 1872 et
1732 1842 1765 1871 in
1782 1850 1861 1880 agro
1875 1842 2014 1872 Domini
2030 1842 2182 1880 plantare
2200 1842 2304 1872 virtu-

1287 1896 1349 1931 tes,
1368 1894 1501 1925 volebat
1519 1895 1559 1924 ad
1570 1895 1812 1925 correctionem
1823 1895 1954 1929 talium.
1969 1895 2020 1924 sui
2035 1895 2137 1925 officii
2151 1895 2302 1926 debitum

1287 1948 1495 1986 exequendo,
1505 1948 1698 1986 precedere,
1708 1948 1911 1986 imponendo
1922 1957 2026 1986 penas
2037 1948 2221 1978 secundum
2232 1956 2303 1987 per-

1288 2010 1448 2031 sonarum
1473 2003 1503 2031 et
1533 2009 1734 2030 excessuum
1759 2001 1954 2039 qualitates
1976 2002 2188 2039 inquantum
2208 2001 2303 2032 decet

1287 2054 1554 2084 ecclesiasticum
1567 2054 1714 2091 judicem
1730 2055 1760 2084 et
1776 2053 1977 2084 modestiam
1991 2054 2094 2084 officii
2106 2054 2302 2092 pastoralis,

1286 2110 1334 2142 tu,
1354 2116 1418 2137 non
1443 2107 1621 2137 attendens
1638 2107 1727 2145 quod
1742 2106 1972 2136 ecclesiastica
1996 2107 2227 2145 secularisque
2249 2115 2302 2146 po-

1288 2162 1392 2190 testas
1413 2160 1540 2190 mutuis
1561 2159 1734 2198 suffragiis
1758 2159 1907 2198 indigent
1934 2162 1964 2190 et
1992 2160 2147 2190 foventur
2165 2162 2195 2190 et
2212 2160 2300 2199 quod

1286 2213 1345 2243 hoc
1361 2213 1471 2243 solum
1490 2213 1573 2243 bene
1589 2213 1700 2251 agitur
1718 2213 1790 2243 sive
1813 2213 2016 2252 ignoscendo
2031 2213 2103 2243 sive
2125 2213 2301 2252 plectendo

1286 2269 1319 2296 ut
1344 2267 1413 2297 vita
1436 2266 1609 2296 hominum
1637 2266 1836 2304 corrigatur,
1857 2267 1970 2305 ipsum
1991 2275 2053 2296 uon
2081 2266 2302 2305 permittebas

1286 2328 1447 2350 excessus
1462 2319 1653 2358 hujusmodi
1671 2319 1841 2358 corrigere
1860 2328 1896 2349 ac
1914 2320 2045 2358 punire,
2064 2327 2222 2350 asserens
2240 2320 2303 2351 hoc

1286 2373 1326 2403 ad
1350 2374 1442 2402 tuam
1467 2373 1594 2402 curiam
1616 2372 1782 2411 pertinere
1803 2382 1840 2403 ac
1866 2373 1978 2411 ipsum
2008 2373 2299 2412 archiepiscopum

1286 2435 1350 2456 non
1372 2426 1493 2456 debere
1513 2434 1548 2456 se
1571 2426 1796 2456 intromittere
1823 2426 1862 2456 de
1887 2426 2079 2465 hujusmodi
2101 2426 2302 2457 excessibus

1284 2479 1505 2518 corrigendis,
1525 2479 1591 2508 nisi
1620 2478 1734 2508 forsan
1761 2481 1876 2509 contra
1894 2479 1967 2517 ejus
1983 2479 2124 2509 clericos
2149 2481 2205 2509 aut
2231 2487 2303 2510 ser-

1284 2541 1355 2569 vos,
1378 2533 1494 2571 sicque
1511 2532 1620 2570 ipsius
1639 2531 1789 2562 osticium
1803 2532 1836 2562 in
1854 2533 1985 2562 tautum
2000 2532 2120 2563 inutile
2140 2532 2302 2563 reddeba-

1283 2587 1337 2616 tur
1357 2586 1529 2625 (1uodJ'am
1549 2594 1615 2616 non
1637 2585 1925 2624 archiepiscopus,
1946 2585 2004 2616 sed
2023 2585 2171 2624 simplex
2187 2594 2300 2616 sacer-

1283 2640 1343 2669 dos
1366 2640 1480 2678 potius
1507 2639 1690 2669 videretur.
1712 2639 1844 2677 Adjecit
1871 2639 1972 2669 etiam
2003 2639 2092 2669 idem
2115 2639 2300 2679 archiepis-

1283 2702 1387 2732 copus
1415 2693 1456 2723 ad
1484 2693 1651 2731 premissa
1680 2692 1770 2731 quod
1795 2692 2017 2731 quamplures
2042 2692 2100 2722 alii
2127 2692 2167 2723 de
2195 2701 2298 2732 regno

1282 2747 1444 2786 predicto,
1460 2746 1572 2776 claves
1586 2746 1728 2776 ecclesie
1745 2745 2008 2784 dampnabiliter
2020 2747 2298 2784 contempnentes

1282 2802 1314 2830 et
1330 2800 1602 2830 maledictionem
1625 2798 1779 2829 bibentes
1801 2801 1837 2828 ut
1861 2807 1995 2837 aquam,
2025 2799 2296 2829 excommunica—

1282 2853 1385 2883 tionis
1404 2853 1606 2883 sententiam
1625 2852 1658 2882 in
1678 2852 1815 2882 eosdem
1839 2860 1857 2881 a
1877 2852 2034 2890 personis
2053 2852 2296 2883 ecclesiasticis

1281 2906 1528 2945 promulgatam
1555 2905 1710 2935 indurato
1735 2904 1949 2935 sustinebant
1969 2905 2094 2940 animo,
2118 2905 2226 2935 redire
2253 2905 2293 2935 ad
