2519 3262
1039 165 1277 204 TROISIEME
1304 165 1466 203 ANNFJE.

212 265 227 283 «
253 255 411 291 deferret,
430 256 463 285 in
482 255 668 286 crastinum
686 256 846 287 Omnium
866 256 1065 287 Sanctorum
1082 256 1123 286 ad
1141 264 1226 286 com-

214 318 228 337 «
253 308 440 347 parendum
462 317 573 339 coram
591 309 665 348 ipso
683 318 785 348 super
801 309 861 340 1100
883 310 992 340 eidem
1016 308 1228 348 procuratori

214 372 219 390 ε
253 362 438 392 terminum
468 362 673 401 assignavit3
701 372 767 401 qua
794 363 847 393 die
874 363 1084 397 adveniente,
1110 362 1227 392 eodem

215 425 229 443 «
255 417 471 453 procuratore
503 417 672 454 presente,
702 416 791 446 idern
821 416 1053 446 thesaurarius
1081 423 1228 453 pronun-

255 467 351 497 tiavit
367 468 582 506 exceptiones
601 469 633 498 in
647 468 842 507 hujusmodi
857 468 1083 507 appellatione
1096 469 1229 497 conten-

216 531 230 550 «
254 523 307 551 tas
338 521 407 551 tore
436 521 577 552 frivolas
603 523 634 552 et
662 522 791 558 inanes,
818 530 837 551 a
862 530 927 560 qua
953 521 1229 559 pronuntiatione

214 585 228 602 «
255 574 343 604 idem
383 576 583 613 procurator
622 575 736 605 sedem
773 574 995 613 apostolicam
1033 573 1228 611 appellavit.

215 638 229 656 «
254 627 365 663 Quare
394 628 478 666 petit
502 628 590 658 idem
614 628 882 664 archidiaconus,
910 636 975 658 non
996 627 1149 657 obstante
1173 636 1230 665 ap-

254 681 436 721 pellatione
453 690 512 712 seu
531 681 820 720 appellationibus
839 681 1055 720 supradictis,
1077 689 1136 719 per
1157 689 1230 717 vos,

254 735 437 765 reverende
460 736 555 773 pater
584 736 615 765 et
640 735 788 771 domine,
812 734 1024 773 pronuntiari
1050 733 1134 764 bene
1157 743 1231 773 pro-

215 480 220 496 t

215 693 220 710 t

214 745 220 764 t

214 850 229 869 «
254 839 361 870 latum
380 849 440 879 pro
454 842 548 879 parte
565 840 705 879 capituli
719 840 917 879 supradicti,
938 841 970 870 et
988 840 1126 870 eosdem
1142 849 1231 870 00111-

214 957 220 975 <

254 946 463 985 integraliter
476 946 663 977 faciendam
676 955 694 976 a
710 947 862 985 tempore
876 947 1024 977 mandati
1037 946 1230 977 executoris

215 1008 230 1028 (1
253 1000 395 1038 predicti
409 1000 442 1029 in
454 1001 640 1038 posterum,
654 1000 839 1030 secundum
855 1000 944 1038 quod
958 1000 991 1029 in
1010 1000 1123 1030 littera
1136 1008 1231 1038 apos-

214 1063 229 1082 «
254 1053 355 1083 tolica
382 1053 584 1083 continetur.
613 1053 702 1083 Petit
732 1053 832 1083 etiam
861 1061 1029 1091 expensas
1053 1053 1169 1088 factas,
1200 1054 1231 1083 et

214 1116 228 1134 «
253 1107 460 1144 protestatur
487 1106 526 1136 de
553 1105 719 1136 faciendis
745 1114 830 1144 quas
852 1114 912 1136 suo
929 1105 1001 1135 loco
1024 1107 1056 1136 ot
1079 1107 1230 1144 tempore

215 1170 229 1187 «
254 1158 451 1195 declarabit,
472 1159 566 1189 salvo
581 1159 656 1198 jure
672 1160 735 1189 etc.
754 1169 769 1188 ))

255 1222 269 1240 ι(
289 1212 362 1242 Lite
382 1211 485 1251 igitur
508 1212 596 1242 inter
617 1212 753 1242 easdem
770 1214 883 1251 partes
905 1221 1016 1242 coram
1035 1211 1132 1242 nobis
1152 1212 1232 1251 legi-

214 1265 295 1295 time
314 1266 513 1299 contestata,
543 1267 574 1295 et
598 1265 740 1304 prestito
762 1266 801 1295 de
824 1265 1017 1304 calumpnia
1036 1267 1067 1295 et
1087 1265 1127 1295 de
1146 1265 1232 1295 veri-

213 1319 282 1349 tate
303 1318 444 1348 dicenda
462 1318 503 1348 ab
523 1318 651 1348 eisdem
671 1319 825 1357 partibus
839 1318 1044 1357 juramento,
1062 1318 1159 1348 sactis
1177 1326 1230 1356 po-

215 1371 398 1401 sitionibus
414 1371 491 1401 hinc
509 1371 598 1408 inde,
619 1373 651 1402 et
673 1371 865 1402 subsecutis
888 1371 1170 1410 responsionibus
1190 1371 1230 1401 ad

217 1424 363 1460 easdem,
383 1424 539 1463 datisque
557 1424 723 1461 articulis,
744 1425 870 1455 auditis
897 1425 1000 1455 etiam
1022 1424 1232 1455 sufficienter

217 1486 281 1517 que
307 1480 421 1516 partes
444 1477 522 1507 hinc
548 1478 625 1508 inde
648 1486 836 1517 proponere
859 1478 1049 1514 voluerunt,
1074 1480 1106 1508 et
1134 1478 1233 1516 plena
1261 1497 1263 1507 1

215 1530 460 1561 deliberatione
477 1531 656 1565 discussis,
679 1531 765 1561 facta
786 1540 920 1570 quoque
943 1531 1159 1570 postmodum
1180 1540 1233 1561 su-

215 1592 274 1623 per
297 1584 383 1622 ipsis
409 1584 547 1615 domino
576 1586 692 1614 nostro
718 1593 802 1623 pape
829 1587 860 1614 et
882 1584 1045 1614 fratribus
1068 1584 1232 1615 relatione

216 1637 361 1667 fideliter
378 1639 410 1667 et
428 1637 530 1668 etiam
548 1638 739 1677 diligenter,
761 1647 797 1668 ac
817 1638 953 1668 obtenta
978 1637 1019 1668 ab
1036 1638 1153 1668 eodem
1175 1638 1232 1668 do-

218 1691 310 1721 mino
340 1692 456 1721 nostro
488 1699 575 1729 papa
607 1691 834 1722 sententiandi
866 1691 1015 1728 licentia,
1052 1690 1114 1721 sub
1144 1692 1235 1721 certa

218 1744 326 1774 forma
351 1744 563 1783 interposita,
586 1744 626 1775 de
645 1744 755 1783 ipsius
775 1744 904 1774 domini
926 1752 1011 1783 pape
1037 1744 1176 1783 speciali
1202 1745 1233 1774 et

217 1805 380 1836 expresso
404 1797 574 1833 mandato,
603 1799 787 1836 proventus
811 1806 895 1836 quos
920 1797 1072 1828 canonici
1092 1797 1233 1828 ecclesie

217 1850 439 1889 Legionensis
465 1851 505 1880 de
531 1859 671 1880 suorum
692 1851 842 1890 episcopi
862 1853 894 1881 et
918 1851 1058 1889 capituli
1082 1850 1231 1887 licentia,

218 1903 408 1933 litterarum
432 1904 544 1934 studio
564 1904 787 1934 immorantes
807 1904 1011 1942 percipiunt,
1034 1912 1234 1943 quocunque

217 1957 353 1987 nomine
371 1958 585 1993 censeantur,
603 1957 753 1988 denariis
770 1958 941 1988 canonicis
958 1957 1174 1988 venientibus
1193 1957 1235 1987 ad

218 2010 319 2040 horas
336 2010 370 2040 in
389 2011 505 2040 eadem
521 2010 664 2041 ecclesia
681 2011 804 2041 cotidie
831 2011 1004 2047 distribui,
1028 2011 1158 2040 ratione
1176 2010 1235 2040 hu—

216 2063 379 2102 jusmodi,
409 2064 590 2099 consuetis,
619 2064 722 2094 etiam
749 2064 777 2094 si
815 2064 957 2103 predicti
992 2064 1140 2094 scolares
1177 2072 1235 2094 eos

220 2117 445 2155 perciperent,
463 2125 537 2147 cum
557 2117 687 2148 domini
712 2118 820 2148 nostri
848 2126 934 2157 pape
960 2126 1020 2148 nec
1045 2119 1159 2148 nostre
1188 2117 1236 2147 in-

218 2170 383 2201 tentionis
409 2171 545 2201 intersit
578 2171 668 2210 quod
697 2180 755 2201 eos
785 2171 1042 2201 archidiaconus
1070 2171 1236 2210 percipiat

222 2223 424 2260 antedictus,
446 2224 623 2255 dumtaxat
643 2225 805 2263 exceptis,
831 2224 962 2263 prefato
986 2225 1235 2260 archidiacono,

222 2285 288 2306 non
306 2276 520 2307 obstantibus
540 2277 767 2316 appellatione
790 2286 851 2308 seu
869 2277 1158 2316 appellationibus
1179 2286 1236 2307 su-

222 2330 396 2369 pradictis,
415 2338 456 2360 ex
474 2332 567 2368 parte
585 2331 771 2369 supradicti
789 2331 929 2369 capituli
949 2331 1147 2370 interjectis,
1163 2339 1236 2361 sen·
1266 2361 1268 2379 a

221 2382 406 2413 tentialiter
435 2383 680 2422 adjudicamus,
704 2385 736 2414 et
761 2384 949 2423 predictum
980 2384 1166 2422 capitulum
1195 2383 1236 2413 ad

224 2435 472 2466 restituendum
497 2437 529 2466 et
555 2436 596 2466 ad
622 2436 887 2467 ministrandum
912 2438 1097 2476 proventus
1120 2437 1238 2477 thus-
1268 2459 1269 2462 η

223 2489 326 2525 modi,
347 2488 558 2527 adjudicatos
580 2489 689 2520 eidem
709 2490 955 2526 archidiacono,
983 2491 1194 2530 integraliter
1221 2499 1239 2521 a
1268 2503 1269 2514 1

1268 2535 1270 2556 ¹,
1296 2538 1476 2569 venerabilis
1492 2537 1602 2576 fratris
1622 2536 1720 2565 nostri
1735 2559 1740 2565 .
1758 2562 1762 2566 .

222 2545 373 2581 tempore
404 2542 554 2572 mandati
581 2543 773 2574 executoris
806 2543 949 2582 predicti
984 2544 1018 2574 in
1052 2546 1237 2582 posterum,

223 2595 409 2626 secundum
433 2595 523 2634 quod
542 2595 577 2625 in
594 2596 756 2634 predictis
775 2597 899 2627 litteris
919 2597 1117 2636 apostolicis
1135 2597 1239 2627 conti·
1269 2615 1270 2618 =

1269 2648 1271 2656 ¹
1298 2644 1501 2680 decembris,
1519 2652 1606 2674 anno
1626 2643 1740 2673 tertio.
1760 2655 1774 2670 »

224 2711 313 2738 mus,
332 2701 426 2731 salva
442 2701 531 2731 dicto
552 2701 786 2733 archidiacono
810 2704 987 2742 questione
1011 2712 1239 2742 expensarum
1270 2691 1271 2703 ¹

226 2650 334 2684 netur,
364 2657 422 2687 per
446 2648 586 2678 eandem
615 2650 764 2679 nostram
793 2651 995 2681 sententiam
1016 2651 1239 2689 condempna-

224 2755 257 2785 in
283 2754 477 2793 hujusmodi
494 2763 596 2784 causa
617 2754 794 2792 factarum,
818 2759 979 2795 quantum
997 2757 1036 2787 de
1049 2757 1126 2796 jure
1142 2756 1241 2787 debet

223 2817 298 2839 esse
323 2807 427 2838 salva.
443 2807 481 2837 In
497 2807 598 2846 hujus
615 2808 728 2847 itaque
746 2809 795 2839 rei
812 2810 1018 2840 evidentiam
1035 2810 1238 2849 pleniorem,

223 2862 416 2900 presentem
433 2861 637 2891 sententiam
654 2869 713 2900 per
734 2861 989 2901 infrascriptum
1006 2864 1161 2894 nostrum
1182 2872 1236 2894 no-

352 2914 491 2943 Unum«
513 2914 567 2947 IV,
588 2915 609 2941 t.
630 2914 686 2946 III,
708 2915 773 2948 1109.
793 2915 852 2942 ord.

2239 177 2298 206 393

1285 255 1410 285 tarium
1437 255 1540 285 scribi
1567 256 1598 285 et
1625 254 1792 293 publicari
1821 255 1963 285 fecimus
1989 257 2163 295 nostrique
2193 258 2297 296 sigilli

1286 308 1491 346 appensione
1526 308 1663 338 muniri.
1697 309 1779 338 Lata
1806 309 1837 338 ct
1865 309 2082 347 pronuntiata
2114 311 2200 348 apud
2240 312 2299 341 ΕΙ·-

1285 360 1511 391 bemveterem
1530 361 1592 390 sub
1612 370 1697 391 anno
1716 361 1854 391 Domini
1872 362 1986 392 M⁰CC⁰
2004 363 2216 401 sexagesimo
2237 365 2298 393 ter-

1286 414 1344 450 tio,
1370 414 1553 444 indictione
1578 423 1634 448 vn,
1664 423 1779 444 mense
1807 414 2002 453 septembri,
2024 415 2077 445 die
2108 424 2154 444 via
2177 424 2299 446 exeun-

1286 467 1341 503 tis,
1364 467 1579 505 pontificatus
1596 467 1725 497 domini
1746 467 1873 497 Urbani
1892 476 1976 506 pape
1995 468 2059 498 1111
2080 477 2166 498 anno
2185 470 2299 507 tertio,

1286 520 1502 558 presentibus
1518 520 1585 550 hiis
1606 520 1752 550 testibus
1770 520 1928 551 videlicet
1946 521 2198 551 venerabilibus
2217 522 2301 552 viris

1286 573 1448 612 magistro
1475 574 1574 604 Petro
1602 573 1690 603 (11010
1720 573 1832 608 Veteri,
1856 574 1981 604 decano
2003 574 2208 611 pictavensi,
2233 584 2302 605 ma-

1260 660 1261 663 *
1287 627 1393 665 gistro
1422 626 1554 656 Matheo
1587 627 1626 656 de
1659 627 1799 657 Salerno
1833 627 1961 657 domini
1992 636 2076 666 pape
2103 628 2300 666 capellanis,

1260 672 1261 719 J
1289 679 1420 710 Matheo
1441 680 1479 709 de
1498 679 1637 715 Narnia,
1664 680 1827 718 magistro
1855 679 2007 710 ,Johanne
2042 680 2081 710 de
2109 681 2301 716 Marchona,

1260 764 1262 773 s
1288 732 1495 763 Thomasino
1512 733 1634 770 Spada,
1659 732 1783 763 Jacobo
1810 733 1849 763 de
1870 733 1998 763 Narnia
2025 734 2302 771 procuratoribus

216 798 229 817 «
255 796 389 818 cessum
404 788 475 818 fore
491 796 551 826 per
566 788 693 818 dictum
710 788 938 823 executorem,
962 788 994 817 et
1011 787 1098 817 male
1117 788 1229 826 appel·
1261 794 1262 827 ζ

1288 786 1323 815 111
1347 786 1501 816 Romana
1530 786 1635 822 curia,
1663 788 1694 816 et
1722 786 1876 816 XValtero
1903 786 1942 816 de
1974 787 2149 823 Bractone,
2180 787 2302 817 clerico

1260 832 1262 853 ³
1288 839 1494 868 Exoniensis
1526 839 1684 875 diocesis,
1705 839 1833 869 voeatis
1857 840 1889 869 et
1915 839 2053 878 rogatis.
2082 840 2121 869 Et
2139 848 2199 878 ego
2218 839 2304 869 Wil-

214 903 228 922 α
254 893 335 932 pelli
364 893 405 923 ad
430 893 681 924 restitutionem
709 893 879 923 fructuum
904 893 1133 932 predictorum
1164 893 1230 923 sibi
1261 893 1262 905 ¹

1288 891 1411 921 lelmus
1445 892 1588 927 Nicolai,
1617 892 1816 922 auctoritate
1847 893 1960 922 sancte
1981 892 2133 922 Romane
2162 893 2303 923 ecclesie

1288 945 1442 975 notarius
1461 954 1497 975 ac
1518 945 1639 984 prefati
1662 945 1791 975 domini
1809 945 1992 975 cardinalis
2012 945 2137 982 scriba,
2156 954 2304 984 pronun-

1260 1026 1262 1044 ?
1290 999 1422 1029 tiationi
1446 999 1638 1037 supradicte
1664 998 1830 1029 sententie
1855 1000 1886 1029 et
1907 999 2051 1029 aliorum
2074 999 2303 1038 predictorum

1289 1061 1428 1091 presens
1454 1052 1514 1087 fui,
1533 1054 1575 1089 ct,
1596 1054 1631 1082 ut
1659 1061 1763 1091 supra
1783 1052 1917 1091 legitur,
1934 1052 1973 1082 de
1999 1053 2157 1082 mandato
2180 1052 2304 1092 prefati

1289 1106 1417 1135 domini
1438 1105 1621 1135 cardinalis
1638 1105 1761 1144 scripsi
1781 1107 1812 1135 et
1833 1106 1867 1135 in
1890 1105 2061 1143 publicam
2087 1106 2229 1136 sormam
2252 1115 2304 1136 re-

1289 1159 1364 1198 degi
1384 1168 1527 1197 meoque
1544 1159 1640 1197 signo
1658 1159 1801 1198 signavi.
1823 1168 1836 1187 1)

1330 1227 1345 1245 (t
1360 1216 1455 1247 Nulli
1475 1225 1553 1255 ergo
1571 1218 1683 1246 nostre
1699 1216 1967 1246 confirmationis
1986 1217 2047 1246 etc.
2071 1217 2194 1246 Datum
2214 1216 2302 1254 apud

1290 1269 1579 1307 Urbemveterem,
1601 1280 1616 1299 v
1635 1270 1711 1300 idus
1729 1269 1936 1306 novembris,
1954 1278 2040 1299 anno
2058 1269 2169 1300 tertio.
2189 1279 2203 1298 »

1378 1460 1473 1491 2361

1781 1459 1908 1492 Orvieto,
1929 1459 1959 1487 10
1977 1459 2132 1486 novembre
2152 1459 2230 1486 1203.

1324 1542 1580 1578 Archipresbytero
1597 1544 1629 1569 de
1645 1543 1773 1577 Rupella,
1788 1543 1995 1571 Xanctonensis
2011 1544 2144 1575 diocesis,
2158 1543 2302 1577 praefatae

1289 1591 1537 1618 condemnationis
1566 1592 1763 1619 executionem
1791 1591 1960 1619 committit.
1992 1592 2068 1625 (Rau.
2096 1593 2141 1625 20,
2168 1591 2215 1618 sol.
2240 1592 2302 1623 208,

1290 1648 1320 1667 11Ο
1340 1641 1429 1673 1410.)

1331 1760 1346 1780 ‹(
1365 1750 1632 1790 Archipresbitcro
1664 1750 1698 1779 de
1729 1750 1870 1790 Himella,
1912 1751 2134 1781 Xanctonensz's
2166 1750 2303 1781 diocesis.

1263 1822 1264 1825 =
1290 1803 1451 1834 Exhibita
1477 1803 1575 1834 nobis
1597 1804 1712 1834 dilecti
1742 1822 1790 1833 —.
1812 1805 1937 1835 Datum
1967 1805 2056 1843 apud
2086 1804 2305 1836 Urbemvete-

1291 1866 1374 1894 rem,
1392 1867 1439 1887 1111
1458 1857 1533 1887 idus
1552 1857 1757 1893 novembris,
1776 1867 1862 1888 anno
1882 1858 1992 1888 tertio.
2010 1868 2023 1887 1)

1382 2045 1480 2076 9362
1815 2042 1940 2073 Orvieto,
1956 2043 1972 2069 9
1989 2044 2140 2070 decembre
2157 2045 2234 2072 1203.

1327 2128 1448 2155 Obteutu
1466 2127 1591 2163 episcopi
1605 2126 1757 2161 Ostiensis,
1779 2127 1936 2154 Raimondo
1948 2128 2068 2159 Alberti,
2085 2129 2222 2156 canonico
2234 2129 2307 2156 Mas-

1292 2177 1414 2209 siliensi,
1451 2177 1581 2212 indulget
1607 2179 1646 2207 ut,
1678 2176 1814 2211 quamdiu
1842 2176 1971 2212 ejusdem
2005 2177 2131 2212 episcopi
2164 2177 2306 2212 obsequiis

1294 2229 1430 2261 tanquam
1458 2226 1634 2253 domesticus
1660 2225 1866 2252 commensalis
1900 2225 2049 2259 institerit,
2081 2226 2171 2261 possit
2208 2235 2307 2253 omnes

1293 2277 1448 2310 proventus
1462 2275 1684 2305 ecclesiasticos,
1706 2274 1880 2308 quotidianis
1898 2275 2150 2302 distributionibus
2170 2277 2307 2303 duntaxat

1293 2324 1431 2358 exceptis,
1456 2323 1603 2358 percipere
1625 2331 1690 2349 cum
1713 2331 1746 2349 ea
1772 2323 1937 2357 integritate
1966 2332 1998 2350 ac
2019 2324 2042 2350 si
2069 2324 2260 2358 personaliter
2279 2324 2306 2351 in

1294 2373 1442 2400 beneficiis
1459 2373 1517 2399 suis
1534 2373 1683 2399 resideret.
1706 2372 1785 2405 (REG.
1801 2373 1844 2403 29,
1864 2372 1912 2398 fol.
1929 2372 1992 2406 268,
2010 2378 2041 2398 n⁰
2057 2373 2151 2407 1411.)

1336 2497 1350 2515 (ι
1372 2484 1542 2516 Haimondo
1566 2483 1722 2520 Alberti¹‚
1754 2483 1899 2513 canonico
1926 2482 2125 2519 Massiliensi,
2151 2482 2308 2523 capellano

1785 2536 1923 2576 episcopi
1942 2535 2097 2567 Ostiensis.
2124 2536 2310 2567 Probitatis

1297 2594 1329 2623 et
1359 2591 1500 2622 scientie
1529 2607 1577 2619 —.
1602 2591 1727 2621 Datum
1755 2589 1842 2628 apud
1868 2589 2159 2627 Urbemveterem,
2185 2599 2206 2620 v
2232 2590 2308 2620 idus

1331 2773 1352 2795 1.
1372 2772 1451 2796 Cette
1474 2770 1582 2794 lecture
1603 2771 1646 2794 est
1672 2769 1708 2794 ici
1729 2769 1879 2796 douteuse,
1897 2769 1969 2793 mais
1990 2768 2042 2793 elle
2065 2776 2097 2793 ne
2115 2769 2179 2793 l'est
2200 2776 2251 2800 pas
2275 2775 2312 2793 au

1300 2819 1330 2839 11ο
1347 2816 1419 2840 2389.

2155 2915 2189 2942 50
