2519 3262
1026 188 1266 226 TROISIEME
1296 188 1460 226 ANNEE.

202 278 313 308 tentes
335 295 386 306 —-.
410 277 535 308 Datum
560 279 648 318 apud
673 279 962 316 Urbemveterem,
989 289 1010 309 11
1038 288 1146 310 nonas
1168 279 1216 318 ja·
1244 280 1247 292 ¹

1273 325 1388 353 faciant.
1406 327 1482 360 (Rae.
1496 327 1539 359 29,
1557 328 1606 354 fol.
1626 329 1684 359 181,
1702 335 1732 356 11⁰
1745 329 1822 363 823.)

205 331 329 367 nuarii,
347 340 433 362 anno
451 333 563 363 tertio.
585 343 600 362 »

296 502 393 533 1770
810 499 934 526 Orvieto,
955 500 971 526 9
987 500 1050 535 juin
1068 499 1143 526 1264.

204 682 323 709 obtentu
338 682 380 714 G„
400 691 423 709 s.
441 682 554 717 Georgii
569 682 605 709 ad
621 681 721 708 Velum
736 682 860 708 Aureum
879 681 992 708 diaconi
1007 681 1172 712 cardinalis,
1188 680 1217 707 10

203 730 299 765 aliqua
316 731 496 757 Patraccnsis
512 730 675 765 provinciae
691 730 813 757 ecclesia
827 730 985 757 cathedrali
1002 730 1030 756 in
1046 729 1216 757 canonicum

204 779 292 815 recipi
311 780 408 807 saciat.
428 780 506 815 (REG-
532 781 578 814 29,
594 779 643 806 fol.
664 780 712 807 180
736 784 776 811 νο,
792 785 822 806 n⁰
835 779 911 812 820.)

244 896 260 916 «
292 885 450 926 Episcopo
494 886 678 916 Moronensi.
726 886 926 917 Affectionis
967 889 1106 926 paterne
1148 889 1215 918 stu-

204 938 297 969 dium
323 957 372 968 —.
390 939 513 970 Datum
539 939 628 979 apud
658 939 947 976 Urbemveterem,
973 949 993 970 v
1014 940 1091 971 idus
1114 940 1214 980 junii,

203 1000 290 1023 anno
312 992 424 1023 tertio.
447 1002 461 1021 »

295 1163 388 1193 1771
814 1163 939 1196 Orviet0‚
956 1163 972 1190 6
985 1162 1048 1198 juin
1066 1163 1145 1190 1264.

237 1245 340 1272 Abbati
358 1254 381 1272 s.
400 1245 517 1279 Asterii,
533 1245 780 1281 Petragoricensis
797 1246 930 1279 diocesis,
946 1249 974 1274 et
993 1246 1167 1282 Rampnulfo
1184 1247 1218 1274 de

202 1294 331 1326 Marolio‚
341 1294 544 1322 archidiacono
561 1295 802 1330 Petragoricensi,
812 1296 933 1323 mandat
943 1298 973 1323 ut
985 1296 1095 1323 Heliam
1111 1296 1146 1323 dc
1164 1296 1217 1323 La-

203 1343 335 1370 bordcria
351 1344 369 1374 ¹,
390 1344 634 1379 Petragoricensis
654 1344 788 1375 diocesis,
812 1345 923 1372 nullum
938 1345 1029 1373 adhuc
1047 1344 1218 1373 beneficium

203 1394 377 1424 assecutum,
401 1392 430 1419 in
445 1393 567 1420 ecclesia
590 1393 710 1420 seculari
731 1394 924 1421 Albaterrcnsi
943 1394 972 1421 in
996 1394 1113 1421 fratrem
1130 1394 1218 1429 recipi
1248 1405 1250 1430 ⁴:

206 1441 322 1468 faciant.
340 1442 420 1476 ‹Rm
438 1443 484 1475 29,
504 1441 554 1470 fol.
573 1443 623 1471 180
640 1447 681 1473 νο,
702 1449 731 1469 οο
749 1443 824 1476 821.)

246 1554 262 1575 ((
281 1544 394 1574 Abbati
408 1554 432 1575 s.
453 1544 580 1581 Asterii,
606 1544 870 1585 Petrayoricensz‘s
894 1545 1032 1580 diocesis,
1051 1550 1079 1575 et
1102 1546 1218 1586 Ramp-

204 1597 292 1636 nulfo
310 1597 346 1627 de
365 1597 507 1633 Marolio,
529 1597 747 1628 archidiacono
767 1598 1028 1639 Petraqoricense'.
1049 1599 1219 1630 Constitu-

204 1653 259 1682 tus
284 1651 318 1681 in
336 1652 509 1690 presentia
525 1670 573 1682 —.
593 1652 716 1682 Datum
736 1653 824 1691 apud
851 1652 1140 1687 Urbemveterem‚
1156 1662 1216 1683 vm
1249 1670 1250 1693 i

205 1705 282 1735 idus
295 1705 394 1743 junii,
415 1713 502 1736 anno
518 1705 630 1736 tertio.
649 1714 666 1735 »

299 1880 395 1911 1779.

795 1880 919 1907 orvieto.
936 1880 969 1907 31
992 1880 1049 1907 mai
1069 1881 1146 1907 1261.

239 1960 367 1994 Cantori,
381 1960 562 1988 thesaurario
578 1963 606 1988 01
623 1961 719 1992 Ariae,
732 1962 869 1989 canonico
886 1962 1121 1996 Legionensibus,
1139 1970 1219 1989 man-

203 2010 252 2037 dat
269 2013 297 2036 ut
314 2010 498 2037 Fernandum
516 2010 638 2045 Sugerii,
654 2010 792 2038 clericum
805 2010 884 2038 chori
903 2011 1041 2038 ecclesiae
1057 2011 1218 2045 Ovetensis,

204 2068 220 2086 a
235 2059 381 2086 canonicis
405 2059 536 2095 ejusdem
553 2059 691 2087 ecclesiae
706 2060 754 2095 qui
779 2068 845 2087 eum
864 2060 990 2095 recipere
1010 2060 1174 2091 noluerunt,
1192 2060 1220 2087 in
1250 2070 1252 2090 1

203 2108 375 2136 canonicum
396 2108 486 2143 recipi
504 2108 623 2136 faciant.
641 2109 722 2144 (Rea.
738 2110 782 2141 29,
798 2109 845 2136 sol.
869 2110 920 2138 1181»
937 2115 972 2141 γ’,
988 2115 1017 2136 0ο
1032 2110 1109 2141 822.)

246 2225 262 2245 ((
284 2241 290 2246 .
311 2239 316 2244 .
336 2215 484 2251 cantori„
502 2240 508 2246 .
524 2216 728 2253 thesaurario,
743 2220 770 2246 et
785 2217 872 2254 Arie,
887 2216 1034 2246 canonico
1051 2217 1221 2256 Leyionen—

204 2269 295 2298 sibus.
316 2269 383 2299 Sua
402 2268 500 2299 nobis
518 2269 662 2300 dilectus
681 2287 729 2301 ——.
752 2271 878 2301 Datum
897 2271 984 2310 apud
1002 2270 1222 2301 Urbemvete—

207 2331 290 2358 rem,
311 2333 333 2351 11
350 2322 514 2353 kalendas
527 2323 627 2363 junii,
646 2332 732 2355 anno
747 2324 859 2355 tertio.
884 2334 898 2353 »

302 2497 396 2528 1773

810 2496 934 2529 0111010,
952 2497 983 2524 12
995 2496 1057 2532 juin
1074 2497 1151 2524 1264.

241 2580 357 2606 Cantori
376 2579 528 2606 ,florinensi
545 2582 572 2606 et
591 2579 721 2611 ilenrico,
739 2580 816 2607 dicio
835 2581 964 2611 Tuebues,
983 2580 1122 2608 canonico
1140 2580 1223 2607 Pari-

207 2628 306 2659 siensi,
324 2629 442 2655 mandat
456 2631 486 2656 ut
496 2629 671 2663 magistrum
688 2628 855 2656 Gaufridum
874 2629 907 2656 dc
924 2629 1118 2662 Bellomonte,
1136 2638 1227 2658 cano-

207 2677 305 2705 nicum
314 2678 527 2710 Belvacensem‚
544 2678 591 2712 qui
607 2678 642 2705 ab
657 2677 877 2712 archiepiscopo
894 2679 1056 2706 Senonensi
1071 2678 1226 2706 canonica·

206 2728 268 2754 tum
279 2729 307 2754 et
319 2727 511 2762 praehendam
526 2727 628 2761 quibus
645 2726 758 2759 Petrus,
774 2727 867 2754 dicius
884 2727 1061 2761 Lomfflzrdus,
1073 2728 1222 2762 quondam

207 2776 361 2803 canonicus
387 2776 516 2811 ejusdem
531 2775 680 2807 ecclesiae,
696 2776 824 2810 privatus
842 2775 948 2807 fuerat,
964 2779 1125 2811 acceperat,
1141 2785 1158 2804 a
1177 2784 1227 2804 ca-

246 2893 269 2916 1.
285 2892 327 2917 En
348 2898 445 2922 marge
463 2899 468 2915 :
483 2900 492 2913 ι
507 2891 577 2915 sacis
592 2891 766 2922 competenter
782 2889 854 2920 leqit,
870 2891 960 2914 cantat
975 2892 999 2914 et
1017 2889 1149 2915 latinizat.
1168 2899 1178 2912 ι

2225 203 2282 232 277

1273 277 1384 304 nonicis
1397 278 1526 312 ejusdcm
1536 278 1673 305 ecclesiae
1689 280 1736 313 qui
1752 288 1818 306 eum
1830 281 1955 315 recipere
1969 287 2179 317 recusaverant,
2197 285 2282 321 recipi

1314 447 1330 467 «
1348 437 1477 468 cantori
1500 439 1667 469 Morimensi
1694 446 1722 470 ec
1743 440 1886 478 Hem-ico,
1908 441 1987 471 dicto
2006 441 2175 475 Tuebues,
2195 452 2283 471 canu-

1246 490 1247 511 l
1274 491 1341 520 nico
1360 490 1538 523 parisiensi.
1559 493 1652 524 Sicut
1665 503 1706 524 ex
1725 496 1818 533 parte
1834 512 1883 523 —.
1901 495 2026 526 Datum
2043 496 2132 535 apud
2146 495 2285 527 Urbem-

1247 551 1248 554 *
1275 545 1435 581 veterem,
1457 555 1479 575 11
1505 546 1581 576 idus
1597 547 1696 585 junii,
1715 556 1801 578 anno
1824 548 1935 579 tertio.
1958 559 1972 577 n

240 584 378 619 Episcopo
416 584 576 611 Moronensi
597 585 715 611 mandat
743 587 774 611 ut
803 583 916 618 Egidio,
945 583 1048 610 clerico
1077 583 1216 610 ecclesiae
1247 607 1248 610 ,

204 641 227 658 s.
246 633 350 660 Mariae
375 634 410 660 de
425 633 593 666 Frusinone,
620 635 687 659 nato
707 632 856 664 Johnnuis,
878 632 981 659 militis
999 632 1129 667 ejusdem
1149 631 1215 662 loci,
1247 658 1248 661 ,

1367 731 1462 762 1774

1868 733 1993 764 Orvielo,
2012 734 2041 760 11
2055 733 2118 769 juin
2138 734 2215 761 1264.

1311 813 1447 847 Magistro
1469 813 1602 841 Gaufrido
1624 815 1657 841 dc
1681 814 1869 847 80110100010,
1889 816 2026 843 canonico
2044 817 2220 848 Belvaeensi,
2242 826 2287 845 ca-

1246 865 1247 868 ’
1275 862 1441 889 nonicalum
1468 865 1493 889 01
1519 863 1722 897 praebendam,
1748 864 1801 898 ipsi
1827 865 1863 891 ab
1885 865 2099 900 archiepiscopo
2130 866 2286 893 Scnoncnsi

1246 916 1247 919 ’
1274 911 1404 943 collatos,
1421 912 1584 939 confirmat.
1604 913 1684 947 (Rae.
1701 913 1746 947 29,
1768 913 1816 940 sol.
1834 914 1895 946 181,
1914 920 1944 940 n‘²
1958 914 2034 946 824.)

1315 1032 1331 1052 ((
1349 1022 1498 1062 Mayistro
1517 1022 1669 1062 Gaufrido
1686 1023 1721 1053 de
1732 1023 1929 1061 Bellomonte‚
1941 1025 2087 1055 canonico
2098 1024 2284 1056 Beli-acensi.

1275 1075 1367 1107 Sicut
1382 1084 1423 1106 ex
1441 1078 1536 1115 parte
1550 1095 1600 1106 —.
1618 1077 1742 1108 Datum
1757 1077 1845 1117 apud
1861 1077 2150 1115 Urbemveterem,
2170 1089 2191 1108 11
2211 1079 2287 1109 idus

1273 1129 1373 1169 junii,
1389 1137 1476 1160 anno
1494 1129 1606 1161 tertio.
1626 1140 1644 1160 »

1370 1316 1464 1347 1775
1875 1316 1999 1351 Orvieio,
2017 1317 2047 1344 17
2059 1317 2121 1352 juin
2139 1318 2216 1345 12134.

1312 1400 1353 1430 G„
1371 1399 1447 1426 tituli
1459 1408 1480 1427 s.
1491 1400 1635 1427 Laurentii
1652 1400 1680 1427 in
1696 1400 1800 1428 Lucina
1815 1401 1983 1436 presbytero
2001 1401 2151 1433 cardinali,
2169 1403 2287 1430 mandat

1248 1440 1250 1451 ’
1276 1451 1306 1475 ut
1324 1448 1446 1475 Johanni
1469 1448 1578 1476 Alberti
1608 1449 1724 1484 pauperi
1752 1449 1855 1477 clerico
1875 1451 1894 1483 ¹,
1909 1450 2093 1483 subdiacono,
2111 1452 2208 1486 nepoti
2224 1460 2287 1479 ma-

1249 1498 1250 1521 1
1277 1497 1360 1532 gistri
1375 1498 1490 1525 Gerardi
1505 1499 1538 1526 de
1555 1498 1724 1530 QuarteriiS,
1741 1498 1881 1534 capellani
1904 1500 2065 1535 apostolici,
2082 1501 2118 1527 ad
2133 1500 2287 1528 ecclesiam

1249 1558 1250 1562 ¹
1276 1547 1309 1573 de
1327 1546 1468 1581 chrinis,
1490 1547 1696 1574 Xanclonensis
1721 1547 1854 1582 diocesis,
1871 1557 1887 1575 a
1912 1556 1977 1576 vero
1996 1552 2077 1583 patre
2104 1552 2288 1584 praesentato

1276 1603 1366 1629 neque
1390 1596 1426 1622 ab
1450 1596 1593 1631 episeopo,
1623 1599 1719 1631 utpote
1747 1596 1889 1624 defectum
1914 1597 2055 1624 natalium
2085 1598 2220 1632 patiente,
2239 1599 2287 1625 ad-

1277 1644 1377 1676 misso,
1395 1645 1427 1670 de
1441 1645 1542 1671 eadem
1553 1644 1675 1672 ecclesia
1691 1645 1848 1680 provideat.
1866 1646 1945 1679 (Bm.
1960 1646 2004 1677 29,
2024 1646 2071 1673 sol.
2092 1647 2151 1677 181,
2170 1652 2201 1673 0ο
2210 1647 2287 1682 825.)

1317 1765 1333 1785 ((
1355 1754 1403 1789 G.²
1421 1755 1542 1785 titulis.
1564 1755 1725 1785 Laurentii
1743 1751 1773 1785 iri
1799 1755 1915 1785 Lucina
1929 1756 2100 1796 presbilem
2124 1757 2286 1787 cardinali.

1249 1804 1251 1823 '¹
1278 1807 1432 1838 Dilectus
1454 1808 1546 1838 filius
1563 1807 1734 1838 Johannes
1749 1827 1798 1837 —.
1823 1809 1947 1839 Datum
1966 1810 2055 1848 apud
2072 1809 2289 1842 Urbemvete-

1279 1869 1361 1897 reni,
1381 1870 1425 1891 xv
1441 1861 1605 1892 kalendas
1619 1861 1708 1900 julii,
1727 1870 1813 1892 anno
1831 1862 1942 1893 tertio.
1965 1872 1979 1890 n

1372 2048 1468 2079 1778

1868 2047 1992 2082 Orvieto,
2012 2048 2046 2076 30
2063 2048 2122 2075 mai
2140 2049 2218 2076 1261.

1315 2131 1453 2166 Episcopo
1478 2130 1690 2158 Constantiensi
1706 2132 1825 2158 mandat
1841 2134 1871 2159 ut
1888 2131 2008 2159 Johanni
2025 2132 2133 2159 Ardoin
2148 2133 2168 2166 Ξ,
2186 2131 2291 2160 clerico

1251 2197 1253 2203 ⁴
1280 2180 1396 2215 pauperi
1421 2180 1650 2207 Constantiensis
1674 2180 1806 2212 diocesis,
1822 2181 1855 2207 de
1881 2180 1976 2215 aliquo
1993 2181 2131 2208 beneficio
2155 2184 2291 2209 consueto

1280 2229 1455 2256 secularibus
1479 2229 1592 2257 clericis
1617 2229 1770 2264 assignari,
1795 2230 1831 2256 ad
1855 2229 2040 2257 collationem
2064 2230 2167 2264 prioris
2185 2233 2212 2257 et
2228 2238 2293 2258 con·

1280 2280 1379 2305 ventus
1392 2278 1561 2305 monasterii
1575 2288 1598 2305 s.
1616 2278 1781 2305 Frommodi
1797 2281 1954 2313 spectante,
1971 2279 2129 2314 provideat.
2149 2280 2226 2313 (lisa.
2245 2279 2290 2313 29,

1281 2327 1327 2354 sol.
1351 2328 1411 2360 181,
1428 2333 1458 2354 n⁹
1473 2328 1547 2361 820.)

1321 2449 1338 2470 «
1355 2439 1517 2480 Episcopo
1533 2439 1770 2470 Constantiensi.
1781 2439 1995 2470 Constitutus
2011 2439 2047 2470 in
2058 2440 2230 2479 presentia
2241 2457 2292 2470 -.

1281 2493 1407 2524 Datum
1425 2493 1513 2533 apud
1533 2492 1821 2530 Urhemveterein,
1843 2502 1879 2522 111
1905 2493 2068 2524 kalendas
2084 2493 2185 2532 junii,
2207 2502 2293 2524 anno

1282 2546 1395 2578 tertio.
1414 2556 1429 2576 »

1316 2668 1340 2692 1.
1358 2666 1401 2692 En
1419 2673 1517 2697 marge
1531 2673 1537 2693 2
1553 2675 1562 2688 ι
1575 2666 1647 2690 Satis
1658 2665 1792 2697 sufficiens
1802 2668 1850 2690 ese.
1869 2675 1879 2688 ι

1314 2713 1340 2736 2.
1362 2711 1405 2736 En
1423 2717 1519 2741 mai-ge
1535 2719 1540 2734 :
1555 2720 1567 2733 «ι
1584 2710 1651 2734 Bene
1659 2712 1758 2738 cantat,
1775 2710 1835 2734 bene
1851 2710 1981 2738 latinizat,
1992 2712 2166 2743 competenter
2177 2711 2239 2742 leqit
2251 2711 2297 2736 sed

1283 2755 1405 2780 debiliter
1417 2756 1554 2780 construit.
1573 2764 1584 2776 ·›
