<?xml version="1.0" encoding="UTF-8"?>
<!DOCTYPE html PUBLIC "-//W3C//DTD XHTML 1.0 Transitional//EN"
    "http://www.w3.org/TR/xhtml1/DTD/xhtml1-transitional.dtd">
<html xmlns="http://www.w3.org/1999/xhtml" xml:lang="en" lang="en">
 <head>
  <title>
</title>
<meta http-equiv="Content-Type" content="text/html;charset=utf-8" />
  <meta name='ocr-system' content='tesseract 3.04.00' />
  <meta name='ocr-capabilities' content='ocr_page ocr_carea ocr_par ocr_line ocrx_word'/>
</head>
<body>
  <div class='ocr_page' id='page_1' title='image "./lesregistresdurb34cath/lesregistresdurb34cath_0758.png"; bbox 0 0 2659 3242; ppageno 0'>
   <div class='ocr_carea' id='block_1_1' title="bbox 122 307 184 338">
    <p class='ocr_par' dir='ltr' id='par_1_1' title="bbox 122 307 184 338">
     <span class='ocr_line' id='line_1_1' title="bbox 122 307 184 338; baseline -0.016 0"><span class='ocrx_word' id='word_1_1' title='bbox 122 307 184 338; x_wconf 88' lang='grc'>222</span> 
     </span>
    </p>
   </div>
   <div class='ocr_carea' id='block_1_2' title="bbox 968 287 1744 325">
    <p class='ocr_par' dir='ltr' id='par_1_2' title="bbox 968 287 1744 325">
     <span class='ocr_line' id='line_1_2' title="bbox 968 287 1744 325; baseline -0.013 1"><span class='ocrx_word' id='word_1_2' title='bbox 968 293 1139 325; x_wconf 85' lang='lat' dir='ltr'>TABLES</span> <span class='ocrx_word' id='word_1_3' title='bbox 1156 293 1217 324; x_wconf 93' lang='lat' dir='ltr'>DU</span> <span class='ocrx_word' id='word_1_4' title='bbox 1235 289 1455 323; x_wconf 79' lang='lat' dir='ltr'>REGISTRE</span> <span class='ocrx_word' id='word_1_5' title='bbox 1471 287 1681 320; x_wconf 85' lang='lat' dir='ltr'><strong>D&#39;URBAIN</strong></span> <span class='ocrx_word' id='word_1_6' title='bbox 1699 287 1744 317; x_wconf 93' lang='lat' dir='ltr'>IV</span> 
     </span>
    </p>
   </div>
   <div class='ocr_carea' id='block_1_3' title="bbox 1057 385 1294 414">
    <p class='ocr_par' dir='ltr' id='par_1_3' title="bbox 1057 385 1294 414">
     <span class='ocr_line' id='line_1_3' title="bbox 1057 385 1294 414; baseline -0.017 -4"><span class='ocrx_word' id='word_1_7' title='bbox 1057 388 1142 414; x_wconf 74' lang='lat' dir='ltr'>Pnges.</span> <span class='ocrx_word' id='word_1_8' title='bbox 1164 385 1294 409; x_wconf 68' lang='lat' dir='ltr'>Numeros.</span> 
     </span>
    </p>
   </div>
   <div class='ocr_carea' id='block_1_4' title="bbox 488 444 1086 481">
    <p class='ocr_par' dir='ltr' id='par_1_4' title="bbox 488 444 1086 481">
     <span class='ocr_line' id='line_1_4' title="bbox 488 444 1086 481; baseline -0.007 -5"><span class='ocrx_word' id='word_1_9' title='bbox 488 451 523 477; x_wconf 87' lang='lat' dir='ltr'>ut</span> <span class='ocrx_word' id='word_1_10' title='bbox 551 448 713 476; x_wconf 84' lang='lat' dir='ltr'>ecclesiam</span> <span class='ocrx_word' id='word_1_11' title='bbox 741 454 765 474; x_wconf 85' lang='lat' dir='ltr'>s.</span> <span class='ocrx_word' id='word_1_12' title='bbox 794 447 918 481; x_wconf 83' lang='lat' dir='ltr'>Georgii</span> <span class='ocrx_word' id='word_1_13' title='bbox 941 444 1086 473; x_wconf 75' lang='lat' dir='ltr'>Senensis</span> 
     </span>
    </p>
   </div>
   <div class='ocr_carea' id='block_1_5' title="bbox 487 495 1210 560">
    <p class='ocr_par' dir='ltr' id='par_1_5' title="bbox 487 495 1210 560">
     <span class='ocr_line' id='line_1_5' title="bbox 487 495 971 534; baseline -0.006 -9"><span class='ocrx_word' id='word_1_14' title='bbox 487 504 638 534; x_wconf 78' lang='lat' dir='ltr'><strong>personae</strong></span> <span class='ocrx_word' id='word_1_15' title='bbox 662 497 794 524; x_wconf 82' lang='lat' dir='ltr'>idoneae</span> <span class='ocrx_word' id='word_1_16' title='bbox 818 495 971 523; x_wconf 79' lang='lat' dir='ltr'>conterat.</span> 
     </span>
     <span class='ocr_line' id='line_1_6' title="bbox 1087 538 1210 560; baseline -0.008 0"><span class='ocrx_word' id='word_1_17' title='bbox 1087 542 1151 560; x_wconf 78' lang='lat' dir='ltr'>tome</span> <span class='ocrx_word' id='word_1_18' title='bbox 1181 538 1210 559; x_wconf 85' lang='grc'>111</span> 
     </span>
    </p>
   </div>
   <div class='ocr_carea' id='block_1_6' title="bbox 489 593 1304 1269">
    <p class='ocr_par' dir='ltr' id='par_1_6' title="bbox 489 593 1297 933">
     <span class='ocr_line' id='line_1_7' title="bbox 517 593 1297 638; baseline -0.01 -7"><span class='ocrx_word' id='word_1_19' title='bbox 517 603 668 638; x_wconf 85' lang='lat' dir='ltr'>Magistro</span> <span class='ocrx_word' id='word_1_20' title='bbox 679 603 773 630; x_wconf 88' lang='lat' dir='ltr'>Petro</span> <span class='ocrx_word' id='word_1_21' title='bbox 784 603 823 629; x_wconf 86' lang='lat' dir='ltr'>de</span> <span class='ocrx_word' id='word_1_22' title='bbox 834 600 1076 633; x_wconf 84' lang='lat' dir='ltr'>Sancto—Mario,</span> <span class='ocrx_word' id='word_1_23' title='bbox 1095 596 1100 635; x_wconf 99' lang='grc' dir='ltr'>Ι</span> <span class='ocrx_word' id='word_1_24' title='bbox 1117 597 1177 626; x_wconf 98' lang='grc'>272</span> <span class='ocrx_word' id='word_1_25' title='bbox 1196 593 1202 634; x_wconf 96' lang='grc' dir='ltr'>Ι</span> <span class='ocrx_word' id='word_1_26' title='bbox 1223 596 1297 625; x_wconf 83' lang='grc'>1754</span> 
     </span>
     <span class='ocr_line' id='line_1_8' title="bbox 496 650 1091 685; baseline -0.008 -4"><span class='ocrx_word' id='word_1_27' title='bbox 496 652 716 681; x_wconf 87' lang='lat' dir='ltr'>archidiacono</span> <span class='ocrx_word' id='word_1_28' title='bbox 760 653 923 685; x_wconf 85' lang='lat' dir='ltr'>Surreyae,</span> <span class='ocrx_word' id='word_1_29' title='bbox 968 650 1091 677; x_wconf 89' lang='lat' dir='ltr'>Winto-</span> 
     </span>
     <span class='ocr_line' id='line_1_9' title="bbox 492 699 1090 735; baseline -0.005 -6"><span class='ocrx_word' id='word_1_30' title='bbox 492 702 607 729; x_wconf 89' lang='lat' dir='ltr'>niensis</span> <span class='ocrx_word' id='word_1_31' title='bbox 632 699 780 733; x_wconf 83' lang='lat' dir='ltr'>diocesis,&#39;</span> <span class='ocrx_word' id='word_1_32' title='bbox 792 701 934 735; x_wconf 85' lang='lat' dir='ltr'>indulget</span> <span class='ocrx_word' id='word_1_33' title='bbox 947 701 983 727; x_wconf 87' lang='lat' dir='ltr'>ut</span> <span class='ocrx_word' id='word_1_34' title='bbox 1007 699 1090 734; x_wconf 88' lang='lat' dir='ltr'>prio-</span> 
     </span>
     <span class='ocr_line' id='line_1_10' title="bbox 491 749 1092 783; baseline -0.007 -5"><span class='ocrx_word' id='word_1_35' title='bbox 491 752 596 778; x_wconf 89' lang='lat' dir='ltr'>ratum</span> <span class='ocrx_word' id='word_1_36' title='bbox 618 751 656 777; x_wconf 92' lang='lat' dir='ltr'>de</span> <span class='ocrx_word' id='word_1_37' title='bbox 677 750 843 782; x_wconf 80' lang='lat' dir='ltr'>Marciaco,</span> <span class='ocrx_word' id='word_1_38' title='bbox 875 749 1092 783; x_wconf 86' lang='lat' dir='ltr'>Engolismen-</span> 
     </span>
     <span class='ocr_line' id='line_1_11' title="bbox 489 797 1092 832; baseline -0.007 -5"><span class='ocrx_word' id='word_1_39' title='bbox 489 801 530 827; x_wconf 86' lang='lat' dir='ltr'>sis</span> <span class='ocrx_word' id='word_1_40' title='bbox 554 800 694 832; x_wconf 80' lang='lat' dir='ltr'>diocesiS,</span> <span class='ocrx_word' id='word_1_41' title='bbox 712 799 846 825; x_wconf 88' lang='lat' dir='ltr'>retinere</span> <span class='ocrx_word' id='word_1_42' title='bbox 860 799 978 831; x_wconf 76' lang='lat' dir='ltr'>valeat,</span> <span class='ocrx_word' id='word_1_43' title='bbox 994 797 1092 824; x_wconf 87' lang='lat' dir='ltr'>etiam</span> 
     </span>
     <span class='ocr_line' id='line_1_12' title="bbox 492 845 1092 881; baseline -0.005 -6"><span class='ocrx_word' id='word_1_44' title='bbox 492 849 517 875; x_wconf 89' lang='lat' dir='ltr'>si</span> <span class='ocrx_word' id='word_1_45' title='bbox 544 850 590 876; x_wconf 87' lang='lat' dir='ltr'>sui</span> <span class='ocrx_word' id='word_1_46' title='bbox 618 848 892 875; x_wconf 79' lang='lat' dir='ltr'>archidiaconatus</span> <span class='ocrx_word' id='word_1_47' title='bbox 925 845 1092 881; x_wconf 73' lang='lat' dir='ltr'>pacificam</span> 
     </span>
     <span class='ocr_line' id='line_1_13' title="bbox 493 895 1012 933; baseline -0.006 -8"><span class='ocrx_word' id='word_1_48' title='bbox 493 897 720 933; x_wconf 89' lang='lat' dir='ltr'>possessionem</span> <span class='ocrx_word' id='word_1_49' title='bbox 764 895 1012 931; x_wconf 79' lang='lat' dir='ltr'>recuperaverit.</span> 
     </span>
    </p>

    <p class='ocr_par' dir='ltr' id='par_1_7' title="bbox 1094 953 1215 975">
     <span class='ocr_line' id='line_1_14' title="bbox 1094 953 1215 975; baseline -0.017 0"><span class='ocrx_word' id='word_1_50' title='bbox 1094 957 1156 975; x_wconf 76' lang='lat' dir='ltr'>tome</span> <span class='ocrx_word' id='word_1_51' title='bbox 1185 953 1215 973; x_wconf 94' lang='lat' dir='ltr'>lll</span> 
     </span>
    </p>

    <p class='ocr_par' dir='ltr' id='par_1_8' title="bbox 495 987 1304 1269">
     <span class='ocr_line' id='line_1_15' title="bbox 533 987 1304 1030; baseline -0.005 -9"><span class='ocrx_word' id='word_1_52' title='bbox 533 995 688 1030; x_wconf 80' lang='lat' dir='ltr'>Philippo,</span> <span class='ocrx_word' id='word_1_53' title='bbox 734 994 929 1022; x_wconf 88' lang='lat' dir='ltr'>thesaurario</span> <span class='ocrx_word' id='word_1_54' title='bbox 970 992 1079 1020; x_wconf 89' lang='lat' dir='ltr'>Corin·</span> <span class='ocrx_word' id='word_1_55' title='bbox 1096 987 1101 1028; x_wconf 99' lang='grc' dir='ltr'>Ι</span> <span class='ocrx_word' id='word_1_56' title='bbox 1120 989 1181 1018; x_wconf 85' lang='grc'>302</span> <span class='ocrx_word' id='word_1_57' title='bbox 1203 987 1208 1028; x_wconf 97' lang='grc' dir='ltr'>Ι</span> <span class='ocrx_word' id='word_1_58' title='bbox 1228 987 1304 1016; x_wconf 85' lang='grc'>1910</span> 
     </span>
     <span class='ocr_line' id='line_1_16' title="bbox 495 1044 1096 1077; baseline -0.003 -7"><span class='ocrx_word' id='word_1_59' title='bbox 495 1045 619 1077; x_wconf 77' lang='lat' dir='ltr'>thiensi,</span> <span class='ocrx_word' id='word_1_60' title='bbox 657 1045 788 1071; x_wconf 89' lang='lat' dir='ltr'>mandat</span> <span class='ocrx_word' id='word_1_61' title='bbox 825 1045 860 1070; x_wconf 88' lang='lat' dir='ltr'>ut</span> <span class='ocrx_word' id='word_1_62' title='bbox 905 1044 1096 1075; x_wconf 80' lang='lat' dir='ltr'>Johannem,</span> 
     </span>
     <span class='ocr_line' id='line_1_17' title="bbox 497 1091 1097 1124; baseline -0.007 -4"><span class='ocrx_word' id='word_1_63' title='bbox 497 1094 751 1120; x_wconf 81' lang='lat' dir='ltr'>archidiaconum</span> <span class='ocrx_word' id='word_1_64' title='bbox 834 1091 1097 1124; x_wconf 69' lang='lat' dir='ltr'>Corinthiensem,</span> 
     </span>
     <span class='ocr_line' id='line_1_18' title="bbox 498 1138 1098 1177; baseline -0.007 -8"><span class='ocrx_word' id='word_1_65' title='bbox 498 1149 681 1177; x_wconf 85' lang='lat' dir='ltr'>germanum</span> <span class='ocrx_word' id='word_1_66' title='bbox 703 1141 828 1169; x_wconf 87' lang='lat' dir='ltr'>Beraldi</span> <span class='ocrx_word' id='word_1_67' title='bbox 851 1142 888 1167; x_wconf 93' lang='lat' dir='ltr'>de</span> <span class='ocrx_word' id='word_1_68' title='bbox 910 1139 1030 1173; x_wconf 74' lang='lat' dir='ltr'>&#39;I&#39;rebis,</span> <span class='ocrx_word' id='word_1_69' title='bbox 1051 1138 1098 1165; x_wconf 75' lang='lat' dir='ltr'>ia-</span> 
     </span>
     <span class='ocr_line' id='line_1_19' title="bbox 501 1187 1099 1225; baseline -0.005 -8"><span class='ocrx_word' id='word_1_70' title='bbox 501 1191 628 1217; x_wconf 84' lang='lat' dir='ltr'>miliaris</span> <span class='ocrx_word' id='word_1_71' title='bbox 652 1190 826 1225; x_wconf 84' lang='lat' dir='ltr'>apostolici,</span> <span class='ocrx_word' id='word_1_72' title='bbox 852 1190 882 1215; x_wconf 92' lang='lat' dir='ltr'>in</span> <span class='ocrx_word' id='word_1_73' title='bbox 908 1187 1099 1223; x_wconf 80' lang='lat' dir='ltr'>Argolicensi</span> 
     </span>
     <span class='ocr_line' id='line_1_20' title="bbox 499 1237 1098 1269; baseline -0.005 -4"><span class='ocrx_word' id='word_1_74' title='bbox 499 1239 627 1266; x_wconf 85' lang='lat' dir='ltr'>ecclesia</span> <span class='ocrx_word' id='word_1_75' title='bbox 659 1240 689 1265; x_wconf 91' lang='lat' dir='ltr'>in</span> <span class='ocrx_word' id='word_1_76' title='bbox 720 1238 917 1269; x_wconf 78' lang='lat' dir='ltr'>canonicum,</span> <span class='ocrx_word' id='word_1_77' title='bbox 949 1237 1006 1263; x_wconf 90' lang='lat' dir='ltr'>sub</span> <span class='ocrx_word' id='word_1_78' title='bbox 1046 1243 1098 1262; x_wconf 87' lang='lat' dir='ltr'>ex-</span> 
     </span>
    </p>
   </div>
   <div class='ocr_carea' id='block_1_7' title="bbox 498 1285 1099 1322">
    <p class='ocr_par' dir='ltr' id='par_1_9' title="bbox 498 1285 1099 1322">
     <span class='ocr_line' id='line_1_21' title="bbox 498 1285 1099 1322; baseline -0.003 -8"><span class='ocrx_word' id='word_1_79' title='bbox 498 1288 696 1322; x_wconf 85' lang='lat' dir='ltr'>spectatione</span> <span class='ocrx_word' id='word_1_80' title='bbox 721 1287 929 1322; x_wconf 81' lang='lat' dir='ltr'>praebendae,</span> <span class='ocrx_word' id='word_1_81' title='bbox 947 1285 1099 1320; x_wconf 73' lang='lat' dir='ltr'>recipim-</span> 
     </span>
    </p>
   </div>
   <div class='ocr_carea' id='block_1_8' title="bbox 498 1338 1220 1378">
    <p class='ocr_par' dir='ltr' id='par_1_10' title="bbox 498 1338 1220 1378">
     <span class='ocr_line' id='line_1_22' title="bbox 498 1338 1220 1378; baseline -0.003 1"><span class='ocrx_word' id='word_1_82' title='bbox 498 1338 572 1364; x_wconf 45' lang='grc' dir='ltr'>(Ἀπ’</span> <span class='ocrx_word' id='word_1_83' title='bbox 1097 1359 1161 1378; x_wconf 73' lang='lat' dir='ltr'>tome</span> <span class='ocrx_word' id='word_1_84' title='bbox 1191 1357 1220 1378; x_wconf 89' lang='grc' dir='ltr'>ιιι</span> 
     </span>
    </p>
   </div>
   <div class='ocr_carea' id='block_1_9' title="bbox 500 1395 1309 1684">
    <p class='ocr_par' dir='ltr' id='par_1_11' title="bbox 500 1395 1309 1684">
     <span class='ocr_line' id='line_1_23' title="bbox 539 1395 1309 1439; baseline -0.01 -8"><span class='ocrx_word' id='word_1_85' title='bbox 539 1405 696 1439; x_wconf 83' lang='lat' dir='ltr'>Episcopo</span> <span class='ocrx_word' id='word_1_86' title='bbox 734 1403 911 1438; x_wconf 86' lang='lat' dir='ltr'>Agennensi</span> <span class='ocrx_word' id='word_1_87' title='bbox 943 1400 1087 1429; x_wconf 83' lang='lat' dir='ltr'>concedit</span> <span class='ocrx_word' id='word_1_88' title='bbox 1107 1398 1112 1438; x_wconf 95' lang='grc' dir='ltr'>Ι</span> <span class='ocrx_word' id='word_1_89' title='bbox 1129 1398 1187 1425; x_wconf 84' lang='grc'>437</span> <span class='ocrx_word' id='word_1_90' title='bbox 1207 1395 1309 1437; x_wconf 88' lang='grc'>12600</span> 
     </span>
     <span class='ocr_line' id='line_1_24' title="bbox 500 1449 1103 1481; baseline -0.005 -2"><span class='ocrx_word' id='word_1_91' title='bbox 500 1453 689 1481; x_wconf 67' lang='lat' dir='ltr'>facultatem</span> <span class='ocrx_word' id='word_1_92' title='bbox 724 1452 905 1479; x_wconf 78' lang='lat' dir='ltr'>conferendi</span> <span class='ocrx_word' id='word_1_93' title='bbox 941 1452 999 1478; x_wconf 91' lang='lat' dir='ltr'>hac</span> <span class='ocrx_word' id='word_1_94' title='bbox 1032 1449 1103 1476; x_wconf 87' lang='lat' dir='ltr'>vice</span> 
     </span>
     <span class='ocr_line' id='line_1_25' title="bbox 503 1498 1104 1537; baseline -0.007 -9"><span class='ocrx_word' id='word_1_95' title='bbox 503 1503 692 1537; x_wconf 84' lang='lat' dir='ltr'>personatus</span> <span class='ocrx_word' id='word_1_96' title='bbox 719 1503 751 1527; x_wconf 88' lang='lat' dir='ltr'>et</span> <span class='ocrx_word' id='word_1_97' title='bbox 778 1501 951 1535; x_wconf 81' lang='lat' dir='ltr'>dignitates</span> <span class='ocrx_word' id='word_1_98' title='bbox 977 1499 1017 1526; x_wconf 90' lang='lat' dir='ltr'>ob</span> <span class='ocrx_word' id='word_1_99' title='bbox 1035 1498 1104 1525; x_wconf 92' lang='lat' dir='ltr'>diu-</span> 
     </span>
     <span class='ocr_line' id='line_1_26' title="bbox 504 1548 1103 1583; baseline -0.007 -5"><span class='ocrx_word' id='word_1_100' title='bbox 504 1552 606 1578; x_wconf 83' lang='lat' dir='ltr'>tinam</span> <span class='ocrx_word' id='word_1_101' title='bbox 639 1551 850 1582; x_wconf 85' lang='lat' dir='ltr'>vacationem,</span> <span class='ocrx_word' id='word_1_102' title='bbox 883 1549 977 1583; x_wconf 85' lang='lat' dir='ltr'>juxta</span> <span class='ocrx_word' id='word_1_103' title='bbox 1011 1548 1103 1575; x_wconf 85' lang='lat' dir='ltr'>Late-</span> 
     </span>
     <span class='ocr_line' id='line_1_27' title="bbox 508 1596 1107 1631; baseline -0.008 -4"><span class='ocrx_word' id='word_1_104' title='bbox 508 1600 648 1628; x_wconf 85' lang='lat' dir='ltr'>ranensis</span> <span class='ocrx_word' id='word_1_105' title='bbox 667 1601 791 1626; x_wconf 86' lang='lat' dir='ltr'>statuta</span> <span class='ocrx_word' id='word_1_106' title='bbox 812 1598 944 1631; x_wconf 84' lang='lat' dir='ltr'>concilii,</span> <span class='ocrx_word' id='word_1_107' title='bbox 965 1598 1006 1624; x_wconf 87' lang='lat' dir='ltr'>ad</span> <span class='ocrx_word' id='word_1_108' title='bbox 1025 1596 1107 1624; x_wconf 86' lang='lat' dir='ltr'>sedis</span> 
     </span>
     <span class='ocr_line' id='line_1_28' title="bbox 509 1645 1109 1684; baseline -0.007 -8"><span class='ocrx_word' id='word_1_109' title='bbox 509 1649 702 1684; x_wconf 88' lang='lat' dir='ltr'>apostolicae</span> <span class='ocrx_word' id='word_1_110' title='bbox 740 1648 941 1675; x_wconf 87' lang='lat' dir='ltr'>collationem</span> <span class='ocrx_word' id='word_1_111' title='bbox 980 1645 1109 1673; x_wconf 86' lang='lat' dir='ltr'>devolu-</span> 
     </span>
    </p>
   </div>
   <div class='ocr_carea' id='block_1_10' title="bbox 507 1699 1232 1740">
    <p class='ocr_par' dir='ltr' id='par_1_12' title="bbox 507 1699 1232 1740">
     <span class='ocr_line' id='line_1_29' title="bbox 507 1699 1232 1740; baseline -0.001 0"><span class='ocrx_word' id='word_1_112' title='bbox 507 1699 567 1726; x_wconf 64' lang='lat' dir='ltr'><strong>tas·</strong></span> <span class='ocrx_word' id='word_1_113' title='bbox 1108 1720 1172 1739; x_wconf 81' lang='lat' dir='ltr'>tome</span> <span class='ocrx_word' id='word_1_114' title='bbox 1202 1718 1232 1740; x_wconf 82' lang='grc' dir='ltr'>ΙΙΙ</span> 
     </span>
    </p>
   </div>
   <div class='ocr_carea' id='block_1_11' title="bbox 510 1756 1337 2936">
    <p class='ocr_par' dir='ltr' id='par_1_13' title="bbox 510 1756 1337 2936">
     <span class='ocr_line' id='line_1_30' title="bbox 534 1756 1316 1799; baseline -0.006 -7"><span class='ocrx_word' id='word_1_115' title='bbox 534 1766 645 1793; x_wconf 87' lang='lat' dir='ltr'>Eidem</span> <span class='ocrx_word' id='word_1_116' title='bbox 654 1764 800 1791; x_wconf 86' lang='lat' dir='ltr'>concedit</span> <span class='ocrx_word' id='word_1_117' title='bbox 815 1763 1003 1790; x_wconf 83' lang='lat' dir='ltr'>facultatem</span> <span class='ocrx_word' id='word_1_118' title='bbox 1018 1768 1117 1788; x_wconf 93' lang='lat' dir='ltr'>unum</span> <span class='ocrx_word' id='word_1_119' title='bbox 1137 1759 1208 1799; x_wconf 83' lang='grc'>1437</span> <span class='ocrx_word' id='word_1_120' title='bbox 1221 1756 1227 1798; x_wconf 95' lang='grc' dir='ltr'>Ι</span> <span class='ocrx_word' id='word_1_121' title='bbox 1240 1757 1316 1787; x_wconf 85' lang='grc'>2601</span> 
     </span>
     <span class='ocr_line' id='line_1_31' title="bbox 510 1812 1112 1845; baseline -0.007 -4"><span class='ocrx_word' id='word_1_122' title='bbox 510 1821 526 1841; x_wconf 93' lang='lat' dir='ltr'>e</span> <span class='ocrx_word' id='word_1_123' title='bbox 545 1814 662 1841; x_wconf 87' lang='lat' dir='ltr'>clericis</span> <span class='ocrx_word' id='word_1_124' title='bbox 680 1813 744 1839; x_wconf 86' lang='lat' dir='ltr'>suis</span> <span class='ocrx_word' id='word_1_125' title='bbox 760 1813 791 1839; x_wconf 90' lang='lat' dir='ltr'>in</span> <span class='ocrx_word' id='word_1_126' title='bbox 804 1812 932 1839; x_wconf 87' lang='lat' dir='ltr'>ecclesia</span> <span class='ocrx_word' id='word_1_127' title='bbox 947 1813 1112 1845; x_wconf 85' lang='lat' dir='ltr'>Agennen-</span> 
     </span>
     <span class='ocr_line' id='line_1_32' title="bbox 511 1860 1111 1895; baseline -0.005 -6"><span class='ocrx_word' id='word_1_128' title='bbox 511 1863 536 1889; x_wconf 93' lang='lat' dir='ltr'>si</span> <span class='ocrx_word' id='word_1_129' title='bbox 563 1862 700 1889; x_wconf 76' lang='lat' dir='ltr'>faciendi</span> <span class='ocrx_word' id='word_1_130' title='bbox 728 1862 824 1895; x_wconf 86' lang='lat' dir='ltr'>recipi</span> <span class='ocrx_word' id='word_1_131' title='bbox 853 1861 883 1887; x_wconf 93' lang='lat' dir='ltr'>in</span> <span class='ocrx_word' id='word_1_132' title='bbox 912 1860 1111 1888; x_wconf 87' lang='lat' dir='ltr'>canonicum.</span> 
     </span>
     <span class='ocr_line' id='line_1_33' title="bbox 1111 1906 1234 1927; baseline 0 0"><span class='ocrx_word' id='word_1_133' title='bbox 1111 1908 1174 1927; x_wconf 86' lang='lat' dir='ltr'>tome</span> <span class='ocrx_word' id='word_1_134' title='bbox 1204 1906 1234 1927; x_wconf 95' lang='lat' dir='ltr'>lll</span> 
     </span>
     <span class='ocr_line' id='line_1_34' title="bbox 557 1945 1321 1986; baseline -0.004 -9"><span class='ocrx_word' id='word_1_135' title='bbox 557 1951 801 1985; x_wconf 70' lang='lat' dir='ltr'>Archiepiscopo</span> <span class='ocrx_word' id='word_1_136' title='bbox 874 1948 1099 1983; x_wconf 87' lang='lat' dir='ltr'>Burdegalensi</span> <span class='ocrx_word' id='word_1_137' title='bbox 1118 1946 1123 1986; x_wconf 97' lang='grc' dir='ltr'>Ι</span> <span class='ocrx_word' id='word_1_138' title='bbox 1140 1946 1198 1974; x_wconf 82' lang='grc'>442</span> <span class='ocrx_word' id='word_1_139' title='bbox 1221 1945 1321 1986; x_wconf 82' lang='grc'>12634</span> 
     </span>
     <span class='ocr_line' id='line_1_35' title="bbox 516 1997 1116 2034; baseline -0.005 -8"><span class='ocrx_word' id='word_1_140' title='bbox 516 2000 658 2034; x_wconf 79' lang='lat' dir='ltr'>indulget</span> <span class='ocrx_word' id='word_1_141' title='bbox 688 2000 723 2025; x_wconf 93' lang='lat' dir='ltr'>ut</span> <span class='ocrx_word' id='word_1_142' title='bbox 754 1999 807 2025; x_wconf 91' lang='lat' dir='ltr'>uni</span> <span class='ocrx_word' id='word_1_143' title='bbox 836 2005 875 2025; x_wconf 83' lang='lat' dir='ltr'>cx</span> <span class='ocrx_word' id='word_1_144' title='bbox 904 1998 967 2024; x_wconf 89' lang='lat' dir='ltr'>suis</span> <span class='ocrx_word' id='word_1_145' title='bbox 996 1997 1116 2024; x_wconf 85' lang='lat' dir='ltr'>clericis</span> 
     </span>
     <span class='ocr_line' id='line_1_36' title="bbox 517 2046 1115 2081; baseline -0.005 -6"><span class='ocrx_word' id='word_1_146' title='bbox 517 2049 554 2075; x_wconf 89' lang='lat' dir='ltr'>de</span> <span class='ocrx_word' id='word_1_147' title='bbox 587 2048 776 2075; x_wconf 87' lang='lat' dir='ltr'>canonicatu</span> <span class='ocrx_word' id='word_1_148' title='bbox 808 2048 840 2073; x_wconf 91' lang='lat' dir='ltr'>et</span> <span class='ocrx_word' id='word_1_149' title='bbox 872 2047 1052 2081; x_wconf 86' lang='lat' dir='ltr'>praebenda</span> <span class='ocrx_word' id='word_1_150' title='bbox 1083 2046 1115 2072; x_wconf 91' lang='lat' dir='ltr'>in</span> 
     </span>
     <span class='ocr_line' id='line_1_37' title="bbox 516 2095 1118 2130; baseline -0.005 -6"><span class='ocrx_word' id='word_1_151' title='bbox 516 2097 644 2125; x_wconf 87' lang='lat' dir='ltr'>ecclesia</span> <span class='ocrx_word' id='word_1_152' title='bbox 674 2104 697 2123; x_wconf 83' lang='lat' dir='ltr'>s,</span> <span class='ocrx_word' id='word_1_153' title='bbox 727 2096 853 2128; x_wconf 64' lang='lat' dir='ltr'>Asterii,</span> <span class='ocrx_word' id='word_1_154' title='bbox 884 2095 1118 2130; x_wconf 73' lang='lat' dir='ltr'>petragoricen-</span> 
     </span>
     <span class='ocr_line' id='line_1_38' title="bbox 519 2144 1115 2180; baseline -0.003 -7"><span class='ocrx_word' id='word_1_155' title='bbox 519 2146 561 2173; x_wconf 86' lang='lat' dir='ltr'>sis</span> <span class='ocrx_word' id='word_1_156' title='bbox 604 2146 745 2178; x_wconf 86' lang='lat' dir='ltr'>diocesis,</span> <span class='ocrx_word' id='word_1_157' title='bbox 789 2145 956 2180; x_wconf 88' lang='lat' dir='ltr'>providere</span> <span class='ocrx_word' id='word_1_158' title='bbox 998 2144 1115 2171; x_wconf 85' lang='lat' dir='ltr'>valeat.</span> 
     </span>
     <span class='ocr_line' id='line_1_39' title="bbox 1116 2190 1239 2211; baseline 0 0"><span class='ocrx_word' id='word_1_159' title='bbox 1116 2192 1180 2211; x_wconf 85' lang='lat' dir='ltr'>tome</span> <span class='ocrx_word' id='word_1_160' title='bbox 1209 2190 1239 2211; x_wconf 94' lang='lat' dir='ltr'>lll</span> 
     </span>
     <span class='ocr_line' id='line_1_40' title="bbox 558 2230 1327 2270; baseline -0.003 -9"><span class='ocrx_word' id='word_1_161' title='bbox 558 2235 719 2261; x_wconf 86' lang='lat' dir='ltr'>Bernardo</span> <span class='ocrx_word' id='word_1_162' title='bbox 752 2234 888 2267; x_wconf 78' lang='lat' dir='ltr'>Albonii,</span> <span class='ocrx_word' id='word_1_163' title='bbox 913 2233 1026 2260; x_wconf 87' lang='lat' dir='ltr'>rectori</span> <span class='ocrx_word' id='word_1_164' title='bbox 1059 2239 1106 2260; x_wconf 90' lang='lat' dir='ltr'>ec-</span> <span class='ocrx_word' id='word_1_165' title='bbox 1126 2230 1130 2270; x_wconf 95' lang='grc' dir='ltr'>Ι</span> <span class='ocrx_word' id='word_1_166' title='bbox 1148 2230 1205 2259; x_wconf 85' lang='grc'>462</span> <span class='ocrx_word' id='word_1_167' title='bbox 1227 2230 1327 2270; x_wconf 87' lang='grc'>12748</span> 
     </span>
     <span class='ocr_line' id='line_1_41' title="bbox 519 2282 1120 2317; baseline -0.005 -6"><span class='ocrx_word' id='word_1_168' title='bbox 519 2284 632 2311; x_wconf 88' lang='lat' dir='ltr'>clesiae</span> <span class='ocrx_word' id='word_1_169' title='bbox 656 2284 694 2310; x_wconf 90' lang='lat' dir='ltr'>de</span> <span class='ocrx_word' id='word_1_170' title='bbox 716 2283 841 2315; x_wconf 57' lang='lat' dir='ltr'>(lassae,</span> <span class='ocrx_word' id='word_1_171' title='bbox 868 2283 977 2317; x_wconf 83' lang='lat' dir='ltr'>nepoti</span> <span class='ocrx_word' id='word_1_172' title='bbox 1001 2282 1120 2317; x_wconf 88' lang='lat' dir='ltr'>episco—</span> 
     </span>
     <span class='ocr_line' id='line_1_42' title="bbox 521 2331 1120 2367; baseline -0.003 -8"><span class='ocrx_word' id='word_1_173' title='bbox 521 2333 553 2367; x_wconf 88' lang='lat' dir='ltr'>pi</span> <span class='ocrx_word' id='word_1_174' title='bbox 589 2332 832 2363; x_wconf 78' lang='lat' dir='ltr'>Lemovicensis,</span> <span class='ocrx_word' id='word_1_175' title='bbox 869 2332 1004 2358; x_wconf 86' lang='lat' dir='ltr'>obtentu</span> <span class='ocrx_word' id='word_1_176' title='bbox 1037 2331 1120 2365; x_wconf 89' lang='lat' dir='ltr'>ejus-</span> 
     </span>
     <span class='ocr_line' id='line_1_43' title="bbox 523 2380 1116 2415; baseline -0.002 -7"><span class='ocrx_word' id='word_1_177' title='bbox 523 2383 596 2408; x_wconf 88' lang='lat' dir='ltr'>dcm</span> <span class='ocrx_word' id='word_1_178' title='bbox 635 2381 783 2415; x_wconf 81' lang='lat' dir='ltr'>episcopi,</span> <span class='ocrx_word' id='word_1_179' title='bbox 823 2380 1046 2407; x_wconf 86' lang='lat' dir='ltr'>canonicatum</span> <span class='ocrx_word' id='word_1_180' title='bbox 1084 2381 1116 2406; x_wconf 87' lang='lat' dir='ltr'>et</span> 
     </span>
     <span class='ocr_line' id='line_1_44' title="bbox 521 2429 1122 2466; baseline -0.003 -9"><span class='ocrx_word' id='word_1_181' title='bbox 521 2431 735 2466; x_wconf 89' lang='lat' dir='ltr'>praebendam</span> <span class='ocrx_word' id='word_1_182' title='bbox 769 2429 893 2456; x_wconf 76' lang='lat' dir='ltr'>confert</span> <span class='ocrx_word' id='word_1_183' title='bbox 928 2430 958 2456; x_wconf 93' lang='lat' dir='ltr'>in</span> <span class='ocrx_word' id='word_1_184' title='bbox 992 2429 1122 2456; x_wconf 88' lang='lat' dir='ltr'>ecclesia</span> 
     </span>
     <span class='ocr_line' id='line_1_45' title="bbox 524 2478 1123 2513; baseline -0.003 -7"><span class='ocrx_word' id='word_1_185' title='bbox 524 2478 750 2511; x_wconf 86' lang='lat' dir='ltr'>Lemovicensi,</span> <span class='ocrx_word' id='word_1_186' title='bbox 774 2479 812 2505; x_wconf 91' lang='lat' dir='ltr'>de</span> <span class='ocrx_word' id='word_1_187' title='bbox 827 2479 953 2513; x_wconf 72' lang='lat' dir='ltr'>quibus,</span> <span class='ocrx_word' id='word_1_188' title='bbox 970 2478 1123 2505; x_wconf 82' lang='lat' dir='ltr'>Bernardi</span> 
     </span>
     <span class='ocr_line' id='line_1_46' title="bbox 525 2527 1125 2559; baseline 0 -5"><span class='ocrx_word' id='word_1_189' title='bbox 525 2528 653 2555; x_wconf 78' lang='lat' dir='ltr'>Albonii</span> <span class='ocrx_word' id='word_1_190' title='bbox 701 2528 836 2559; x_wconf 86' lang='lat' dir='ltr'>nomine,</span> <span class='ocrx_word' id='word_1_191' title='bbox 873 2528 1046 2554; x_wconf 85' lang='lat' dir='ltr'>Berardum</span> <span class='ocrx_word' id='word_1_192' title='bbox 1086 2527 1125 2554; x_wconf 90' lang='lat' dir='ltr'>de</span> 
     </span>
     <span class='ocr_line' id='line_1_47' title="bbox 530 2576 1124 2611; baseline -0.003 -7"><span class='ocrx_word' id='word_1_193' title='bbox 530 2576 670 2611; x_wconf 81' lang='lat' dir='ltr'>Neapoli,</span> <span class='ocrx_word' id='word_1_194' title='bbox 706 2577 935 2603; x_wconf 88' lang='lat' dir='ltr'>subdiaconum</span> <span class='ocrx_word' id='word_1_195' title='bbox 968 2577 1000 2602; x_wconf 88' lang='lat' dir='ltr'>et</span> <span class='ocrx_word' id='word_1_196' title='bbox 1033 2576 1124 2602; x_wconf 87' lang='lat' dir='ltr'>nota-</span> 
     </span>
     <span class='ocr_line' id='line_1_48' title="bbox 527 2624 1125 2659; baseline -0.002 -7"><span class='ocrx_word' id='word_1_197' title='bbox 527 2626 609 2652; x_wconf 88' lang='lat' dir='ltr'>rium</span> <span class='ocrx_word' id='word_1_198' title='bbox 639 2625 858 2659; x_wconf 77' lang='lat' dir='ltr'>apostolicum,</span> <span class='ocrx_word' id='word_1_199' title='bbox 890 2632 944 2659; x_wconf 87' lang='lat' dir='ltr'>per</span> <span class='ocrx_word' id='word_1_200' title='bbox 973 2624 1125 2652; x_wconf 89' lang='lat' dir='ltr'>annulum</span> 
     </span>
     <span class='ocr_line' id='line_1_49' title="bbox 528 2674 670 2701; baseline 0 -1"><span class='ocrx_word' id='word_1_201' title='bbox 528 2674 670 2701; x_wconf 82' lang='lat' dir='ltr'>investit.</span> 
     </span>
     <span class='ocr_line' id='line_1_50' title="bbox 1127 2720 1249 2741; baseline 0.008 -1"><span class='ocrx_word' id='word_1_202' title='bbox 1127 2722 1190 2741; x_wconf 79' lang='lat' dir='ltr'>tome</span> <span class='ocrx_word' id='word_1_203' title='bbox 1220 2720 1249 2741; x_wconf 90' lang='lat' dir='ltr'>lll</span> 
     </span>
     <span class='ocr_line' id='line_1_51' title="bbox 574 2759 1337 2800; baseline -0.003 -11"><span class='ocrx_word' id='word_1_204' title='bbox 574 2763 671 2789; x_wconf 77' lang='lat' dir='ltr'>Priori</span> <span class='ocrx_word' id='word_1_205' title='bbox 714 2763 855 2789; x_wconf 84' lang='lat' dir='ltr'>Brivensi</span> <span class='ocrx_word' id='word_1_206' title='bbox 900 2763 1030 2790; x_wconf 87' lang='lat' dir='ltr'>mandat</span> <span class='ocrx_word' id='word_1_207' title='bbox 1075 2763 1110 2789; x_wconf 89' lang='lat' dir='ltr'>ut</span> <span class='ocrx_word' id='word_1_208' title='bbox 1130 2760 1135 2800; x_wconf 96' lang='grc' dir='ltr'>Ι</span> <span class='ocrx_word' id='word_1_209' title='bbox 1155 2761 1212 2788; x_wconf 83' lang='grc'>463</span> <span class='ocrx_word' id='word_1_210' title='bbox 1235 2759 1337 2800; x_wconf 83' lang='grc'>12749</span> 
     </span>
     <span class='ocr_line' id='line_1_52' title="bbox 531 2811 1129 2845; baseline 0 -7"><span class='ocrx_word' id='word_1_211' title='bbox 531 2812 726 2838; x_wconf 80' lang='lat' dir='ltr'>Bernardum</span> <span class='ocrx_word' id='word_1_212' title='bbox 748 2811 885 2845; x_wconf 76' lang='lat' dir='ltr'>Alboyni</span> <span class='ocrx_word' id='word_1_213' title='bbox 904 2811 972 2844; x_wconf 81' lang='lat' dir='ltr'>(sic)</span> <span class='ocrx_word' id='word_1_214' title='bbox 990 2812 1022 2838; x_wconf 90' lang='lat' dir='ltr'>in</span> <span class='ocrx_word' id='word_1_215' title='bbox 1037 2818 1129 2839; x_wconf 82' lang='lat' dir='ltr'>cano-</span> 
     </span>
     <span class='ocr_line' id='line_1_53' title="bbox 532 2861 1131 2894; baseline -0.002 -7"><span class='ocrx_word' id='word_1_216' title='bbox 532 2861 656 2887; x_wconf 87' lang='lat' dir='ltr'>nicatus</span> <span class='ocrx_word' id='word_1_217' title='bbox 697 2862 729 2887; x_wconf 87' lang='lat' dir='ltr'>et</span> <span class='ocrx_word' id='word_1_218' title='bbox 770 2861 968 2888; x_wconf 73' lang='lat' dir='ltr'>praebendae</span> <span class='ocrx_word' id='word_1_219' title='bbox 1009 2865 1131 2894; x_wconf 75' lang='lat' dir='ltr'>posses-</span> 
     </span>
     <span class='ocr_line' id='line_1_54' title="bbox 533 2909 810 2936; baseline 0 -1"><span class='ocrx_word' id='word_1_220' title='bbox 533 2909 651 2936; x_wconf 82' lang='lat' dir='ltr'>sionem</span> <span class='ocrx_word' id='word_1_221' title='bbox 690 2909 810 2936; x_wconf 86' lang='lat' dir='ltr'>mittat.</span> 
     </span>
    </p>
   </div>
   <div class='ocr_carea' id='block_1_12' title="bbox 1355 491 1504 569">
    <p class='ocr_par' dir='ltr' id='par_1_14' title="bbox 1355 491 1504 569">
     <span class='ocr_line' id='line_1_55' title="bbox 1376 491 1451 520; baseline -0.013 0"><span class='ocrx_word' id='word_1_222' title='bbox 1376 491 1451 520; x_wconf 82' lang='grc'>1264</span> 
     </span>
     <span class='ocr_line' id='line_1_56' title="bbox 1355 539 1504 569; baseline 0 0"><span class='ocrx_word' id='word_1_223' title='bbox 1355 541 1419 569; x_wconf 80' lang='lat' dir='ltr'>mai</span> <span class='ocrx_word' id='word_1_224' title='bbox 1452 539 1488 569; x_wconf 82' lang='lat'>21</span> <span class='ocrx_word' id='word_1_225' title='bbox 1497 561 1504 569; x_wconf 94' lang='lat'><strong>.</strong></span> 
     </span>
    </p>
   </div>
   <div class='ocr_carea' id='block_1_13' title="bbox 1537 491 1664 521">
    <p class='ocr_par' dir='ltr' id='par_1_15' title="bbox 1537 491 1664 521">
     <span class='ocr_line' id='line_1_57' title="bbox 1537 491 1664 521; baseline -0.024 0"><span class='ocrx_word' id='word_1_226' title='bbox 1537 491 1664 521; x_wconf 76' lang='lat' dir='ltr'>Orvieto.</span> 
     </span>
    </p>
   </div>
   <div class='ocr_carea' id='block_1_14' title="bbox 2283 379 2522 406">
    <p class='ocr_par' dir='ltr' id='par_1_16' title="bbox 2283 379 2522 406">
     <span class='ocr_line' id='line_1_58' title="bbox 2283 379 2522 406; baseline 0.008 -6"><span class='ocrx_word' id='word_1_227' title='bbox 2283 379 2369 406; x_wconf 72' lang='lat' dir='ltr'>Pages.</span> <span class='ocrx_word' id='word_1_228' title='bbox 2391 379 2522 402; x_wconf 65' lang='lat' dir='ltr'>Numero·-</span> 
     </span>
    </p>
   </div>
   <div class='ocr_carea' id='block_1_15' title="bbox 2314 434 2437 456">
    <p class='ocr_par' dir='ltr' id='par_1_17' title="bbox 2314 434 2437 456">
     <span class='ocr_line' id='line_1_59' title="bbox 2314 434 2437 456; baseline 0.008 -1"><span class='ocrx_word' id='word_1_229' title='bbox 2314 437 2377 455; x_wconf 79' lang='lat' dir='ltr'>tome</span> <span class='ocrx_word' id='word_1_230' title='bbox 2407 434 2437 456; x_wconf 86' lang='grc' dir='ltr'>ΙΙΙ</span> 
     </span>
    </p>
   </div>
   <div class='ocr_carea' id='block_1_16' title="bbox 1718 487 2526 714">
    <p class='ocr_par' dir='ltr' id='par_1_18' title="bbox 1718 487 2526 714">
     <span class='ocr_line' id='line_1_60' title="bbox 1760 487 2526 529; baseline -0.001 -12"><span class='ocrx_word' id='word_1_231' title='bbox 1760 491 1859 518; x_wconf 88' lang='lat' dir='ltr'>Priori</span> <span class='ocrx_word' id='word_1_232' title='bbox 1877 491 2020 518; x_wconf 87' lang='lat' dir='ltr'>Brivensi</span> <span class='ocrx_word' id='word_1_233' title='bbox 2032 492 2164 519; x_wconf 84' lang='lat' dir='ltr'>mandat</span> <span class='ocrx_word' id='word_1_234' title='bbox 2177 493 2212 519; x_wconf 89' lang='lat' dir='ltr'>ut</span> <span class='ocrx_word' id='word_1_235' title='bbox 2228 491 2302 518; x_wconf 83' lang='lat' dir='ltr'>Ber·</span> <span class='ocrx_word' id='word_1_236' title='bbox 2322 489 2327 529; x_wconf 96' lang='grc' dir='ltr'>Ι</span> <span class='ocrx_word' id='word_1_237' title='bbox 2344 490 2401 517; x_wconf 79' lang='grc'>463</span> <span class='ocrx_word' id='word_1_238' title='bbox 2423 488 2429 529; x_wconf 95' lang='grc' dir='ltr'>Ι</span> <span class='ocrx_word' id='word_1_239' title='bbox 2443 487 2526 517; x_wconf 83' lang='grc'>2750</span> 
     </span>
     <span class='ocr_line' id='line_1_61' title="bbox 1718 539 2316 575; baseline 0 -7"><span class='ocrx_word' id='word_1_240' title='bbox 1718 541 1817 568; x_wconf 87' lang='lat' dir='ltr'>nardo</span> <span class='ocrx_word' id='word_1_241' title='bbox 1840 540 1967 567; x_wconf 81' lang='lat' dir='ltr'>Alboini</span> <span class='ocrx_word' id='word_1_242' title='bbox 1991 539 2059 573; x_wconf 84' lang='lat' dir='ltr'>(sic)</span> <span class='ocrx_word' id='word_1_243' title='bbox 2084 541 2123 568; x_wconf 87' lang='lat' dir='ltr'>de</span> <span class='ocrx_word' id='word_1_244' title='bbox 2144 542 2316 575; x_wconf 81' lang='lat' dir='ltr'>personatu</span> 
     </span>
     <span class='ocr_line' id='line_1_62' title="bbox 1719 589 2317 624; baseline 0 -8"><span class='ocrx_word' id='word_1_245' title='bbox 1719 589 1770 616; x_wconf 90' lang='lat' dir='ltr'>vel</span> <span class='ocrx_word' id='word_1_246' title='bbox 1790 589 1948 623; x_wconf 83' lang='lat' dir='ltr'>dignitate</span> <span class='ocrx_word' id='word_1_247' title='bbox 1967 589 2135 624; x_wconf 87' lang='lat' dir='ltr'>provideat</span> <span class='ocrx_word' id='word_1_248' title='bbox 2155 589 2187 617; x_wconf 90' lang='lat' dir='ltr'>in</span> <span class='ocrx_word' id='word_1_249' title='bbox 2206 590 2317 617; x_wconf 88' lang='lat' dir='ltr'>Lemo-</span> 
     </span>
     <span class='ocr_line' id='line_1_63' title="bbox 1721 638 2318 665; baseline 0.002 -1"><span class='ocrx_word' id='word_1_250' title='bbox 1721 638 1841 665; x_wconf 88' lang='lat' dir='ltr'>vicensi</span> <span class='ocrx_word' id='word_1_251' title='bbox 1878 639 1934 665; x_wconf 86' lang='lat' dir='ltr'>aut</span> <span class='ocrx_word' id='word_1_252' title='bbox 1973 638 2164 665; x_wconf 85' lang='lat' dir='ltr'>Dauratensi</span> <span class='ocrx_word' id='word_1_253' title='bbox 2201 639 2257 665; x_wconf 89' lang='lat' dir='ltr'>aut</span> <span class='ocrx_word' id='word_1_254' title='bbox 2293 645 2318 665; x_wconf 81' lang='lat' dir='ltr'>s.</span> 
     </span>
     <span class='ocr_line' id='line_1_64' title="bbox 1724 686 2319 714; baseline -0.002 0"><span class='ocrx_word' id='word_1_255' title='bbox 1724 687 1856 714; x_wconf 89' lang='lat' dir='ltr'>Juniani</span> <span class='ocrx_word' id='word_1_256' title='bbox 1884 693 1938 713; x_wconf 86' lang='lat' dir='ltr'>seu</span> <span class='ocrx_word' id='word_1_257' title='bbox 1967 694 1991 714; x_wconf 89' lang='lat' dir='ltr'>s.</span> <span class='ocrx_word' id='word_1_258' title='bbox 2020 687 2127 714; x_wconf 85' lang='lat' dir='ltr'>Aredii</span> <span class='ocrx_word' id='word_1_259' title='bbox 2154 686 2205 713; x_wconf 90' lang='lat' dir='ltr'>vel</span> <span class='ocrx_word' id='word_1_260' title='bbox 2232 687 2319 714; x_wconf 80' lang='lat' dir='ltr'>Acti-</span> 
     </span>
    </p>
   </div>
   <div class='ocr_carea' id='block_1_17' title="bbox 1719 735 2321 769">
    <p class='ocr_par' dir='ltr' id='par_1_19' title="bbox 1719 735 2321 769">
     <span class='ocr_line' id='line_1_65' title="bbox 1719 735 2321 769; baseline 0 -7"><span class='ocrx_word' id='word_1_261' title='bbox 1719 736 1801 762; x_wconf 87' lang='lat' dir='ltr'>tensi</span> <span class='ocrx_word' id='word_1_262' title='bbox 1825 735 1972 769; x_wconf 84' lang='lat' dir='ltr'>ecclesiis,</span> <span class='ocrx_word' id='word_1_263' title='bbox 1996 735 2232 763; x_wconf 88' lang='lat' dir='ltr'>Lemovicensis</span> <span class='ocrx_word' id='word_1_264' title='bbox 2255 735 2321 762; x_wconf 88' lang='lat' dir='ltr'>dio-</span> 
     </span>
    </p>
   </div>
   <div class='ocr_carea' id='block_1_18' title="bbox 1720 792 2444 830">
    <p class='ocr_par' dir='ltr' id='par_1_20' title="bbox 1720 792 2444 830">
     <span class='ocr_line' id='line_1_66' title="bbox 1720 792 2444 830; baseline 0 0"><span class='ocrx_word' id='word_1_265' title='bbox 1720 792 1808 812; x_wconf 69' lang='lat' dir='ltr'><strong>ces¹s&#39;</strong></span> <span class='ocrx_word' id='word_1_266' title='bbox 2322 811 2385 830; x_wconf 80' lang='lat' dir='ltr'>tome</span> <span class='ocrx_word' id='word_1_267' title='bbox 2413 808 2444 830; x_wconf 84' lang='lat' dir='ltr'>lu</span> 
     </span>
    </p>
   </div>
   <div class='ocr_carea' id='block_1_19' title="bbox 1723 857 2532 1134">
    <p class='ocr_par' dir='ltr' id='par_1_21' title="bbox 1723 857 2532 1134">
     <span class='ocr_line' id='line_1_67' title="bbox 1761 857 2532 899; baseline 0.001 -12"><span class='ocrx_word' id='word_1_268' title='bbox 1761 862 1809 894; x_wconf 64' lang='lat' dir='ltr'>A„</span> <span class='ocrx_word' id='word_1_269' title='bbox 1840 861 1987 896; x_wconf 81' lang='lat' dir='ltr'>ep1scopo</span> <span class='ocrx_word' id='word_1_270' title='bbox 2016 860 2244 894; x_wconf 81' lang='lat' dir='ltr'>Lemovicensi,</span> <span class='ocrx_word' id='word_1_271' title='bbox 2266 860 2311 888; x_wconf 85' lang='lat' dir='ltr'>in-</span> <span class='ocrx_word' id='word_1_272' title='bbox 2331 858 2410 899; x_wconf 81' lang='grc'>1463</span> <span class='ocrx_word' id='word_1_273' title='bbox 2431 857 2532 898; x_wconf 82' lang='grc'>12754</span> 
     </span>
     <span class='ocr_line' id='line_1_68' title="bbox 1725 910 2324 944; baseline 0.002 -8"><span class='ocrx_word' id='word_1_274' title='bbox 1725 910 1833 944; x_wconf 85' lang='lat' dir='ltr'>dulget</span> <span class='ocrx_word' id='word_1_275' title='bbox 1866 911 1900 937; x_wconf 89' lang='lat' dir='ltr'>ut</span> <span class='ocrx_word' id='word_1_276' title='bbox 1930 910 2091 944; x_wconf 84' lang='lat' dir='ltr'>prioratus</span> <span class='ocrx_word' id='word_1_277' title='bbox 2121 911 2160 937; x_wconf 85' lang='lat' dir='ltr'>de</span> <span class='ocrx_word' id='word_1_278' title='bbox 2189 910 2324 937; x_wconf 88' lang='lat' dir='ltr'>Manhac</span> 
     </span>
     <span class='ocr_line' id='line_1_69' title="bbox 1723 959 2326 992; baseline -0.002 -6"><span class='ocrx_word' id='word_1_279' title='bbox 1723 961 1755 986; x_wconf 90' lang='lat' dir='ltr'>et</span> <span class='ocrx_word' id='word_1_280' title='bbox 1794 960 1832 986; x_wconf 87' lang='lat' dir='ltr'>de</span> <span class='ocrx_word' id='word_1_281' title='bbox 1870 959 2052 992; x_wconf 63' lang='lat' dir='ltr'>Maramlle,</span> <span class='ocrx_word' id='word_1_282' title='bbox 2092 959 2326 986; x_wconf 88' lang='lat' dir='ltr'>Lemovicensis</span> 
     </span>
     <span class='ocr_line' id='line_1_70' title="bbox 1728 1008 2327 1041; baseline 0 -6"><span class='ocrx_word' id='word_1_283' title='bbox 1728 1008 1870 1041; x_wconf 78' lang='lat' dir='ltr'>diocesis,</span> <span class='ocrx_word' id='word_1_284' title='bbox 1905 1015 2027 1035; x_wconf 84' lang='lat' dir='ltr'>necnon</span> <span class='ocrx_word' id='word_1_285' title='bbox 2060 1010 2091 1035; x_wconf 86' lang='lat' dir='ltr'>et</span> <span class='ocrx_word' id='word_1_286' title='bbox 2125 1009 2256 1035; x_wconf 89' lang='lat' dir='ltr'>domum</span> <span class='ocrx_word' id='word_1_287' title='bbox 2288 1009 2327 1035; x_wconf 89' lang='lat' dir='ltr'>de</span> 
     </span>
     <span class='ocr_line' id='line_1_71' title="bbox 1729 1057 2328 1091; baseline 0.002 -8"><span class='ocrx_word' id='word_1_288' title='bbox 1729 1057 1970 1084; x_wconf 86' lang='lat' dir='ltr'>Stricto-Cornu</span> <span class='ocrx_word' id='word_1_289' title='bbox 2014 1065 2086 1084; x_wconf 90' lang='lat' dir='ltr'>cum</span> <span class='ocrx_word' id='word_1_290' title='bbox 2141 1057 2328 1091; x_wconf 83' lang='lat' dir='ltr'>episcopatu</span> 
     </span>
     <span class='ocr_line' id='line_1_72' title="bbox 1727 1106 2332 1134; baseline -0.003 0"><span class='ocrx_word' id='word_1_291' title='bbox 1727 1106 1945 1134; x_wconf 88' lang='lat' dir='ltr'>Lemovicensi</span> <span class='ocrx_word' id='word_1_292' title='bbox 2023 1107 2157 1133; x_wconf 78' lang='lat' dir='ltr'>retinere</span> <span class='ocrx_word' id='word_1_293' title='bbox 2215 1106 2332 1133; x_wconf 86' lang='lat' dir='ltr'>valeat.</span> 
     </span>
    </p>
   </div>
   <div class='ocr_carea' id='block_1_20' title="bbox 1758 1153 2539 1229">
    <p class='ocr_par' dir='ltr' id='par_1_22' title="bbox 1758 1153 2539 1229">
     <span class='ocr_line' id='line_1_73' title="bbox 2328 1155 2392 1174; baseline 0.016 -1"><span class='ocrx_word' id='word_1_294' title='bbox 2328 1155 2392 1174; x_wconf 61' lang='lat' dir='ltr'>Kome</span> 
     </span>
     <span class='ocr_line' id='line_1_74' title="bbox 1758 1153 2539 1229; baseline 0.001 -12"><span class='ocrx_word' id='word_1_295' title='bbox 1758 1192 1930 1219; x_wconf 86' lang='lat' dir='ltr'>Cantorem</span> <span class='ocrx_word' id='word_1_296' title='bbox 1973 1191 2122 1218; x_wconf 89' lang='lat' dir='ltr'>ecclesiae</span> <span class='ocrx_word' id='word_1_297' title='bbox 2165 1198 2188 1218; x_wconf 92' lang='lat' dir='ltr'>s.</span> <span class='ocrx_word' id='word_1_298' title='bbox 2220 1153 2539 1229; x_wconf 51' lang='lat' dir='ltr'>Fron-{464¹Y2755</span> 
     </span>
    </p>
   </div>
   <div class='ocr_carea' id='block_1_21' title="bbox 1730 1241 2331 1324">
    <p class='ocr_par' dir='ltr' id='par_1_23' title="bbox 1730 1241 2331 1324">
     <span class='ocr_line' id='line_1_75' title="bbox 1730 1241 2331 1275; baseline 0 -8"><span class='ocrx_word' id='word_1_299' title='bbox 1730 1241 1815 1267; x_wconf 90' lang='lat' dir='ltr'>tonis</span> <span class='ocrx_word' id='word_1_300' title='bbox 1860 1241 2136 1275; x_wconf 74' lang='lat' dir='ltr'>petragoricensis,</span> <span class='ocrx_word' id='word_1_301' title='bbox 2183 1241 2331 1268; x_wconf 86' lang='lat' dir='ltr'>executo-</span> 
     </span>
     <span class='ocr_line' id='line_1_76' title="bbox 1731 1290 2331 1324; baseline 0 -8"><span class='ocrx_word' id='word_1_302' title='bbox 1731 1296 1797 1316; x_wconf 90' lang='lat' dir='ltr'>rem</span> <span class='ocrx_word' id='word_1_303' title='bbox 1841 1290 2011 1317; x_wconf 89' lang='lat' dir='ltr'>constituit</span> <span class='ocrx_word' id='word_1_304' title='bbox 2055 1290 2238 1324; x_wconf 90' lang='lat' dir='ltr'>praedictae</span> <span class='ocrx_word' id='word_1_305' title='bbox 2259 1296 2331 1317; x_wconf 92' lang='lat' dir='ltr'>con-</span> 
     </span>
    </p>
   </div>
   <div class='ocr_carea' id='block_1_22' title="bbox 1731 1338 2333 1373">
    <p class='ocr_par' dir='ltr' id='par_1_24' title="bbox 1731 1338 2333 1373">
     <span class='ocr_line' id='line_1_77' title="bbox 1731 1338 2333 1373; baseline 0 -9"><span class='ocrx_word' id='word_1_306' title='bbox 1731 1338 1882 1365; x_wconf 87' lang='lat' dir='ltr'>cessionis</span> <span class='ocrx_word' id='word_1_307' title='bbox 1925 1339 2072 1373; x_wconf 88' lang='lat' dir='ltr'>episcopo</span> <span class='ocrx_word' id='word_1_308' title='bbox 2116 1338 2333 1366; x_wconf 84' lang='lat' dir='ltr'>Lemovicensi</span> 
     </span>
    </p>
   </div>
   <div class='ocr_carea' id='block_1_23' title="bbox 1732 1386 2455 1432">
    <p class='ocr_par' dir='ltr' id='par_1_25' title="bbox 1732 1386 2455 1432">
     <span class='ocr_line' id='line_1_78' title="bbox 1732 1386 2455 1432; baseline -0.001 -18"><span class='ocrx_word' id='word_1_309' title='bbox 1732 1386 1744 1413; x_wconf 78' lang='lat' dir='ltr'>f</span> <span class='ocrx_word' id='word_1_310' title='bbox 1748 1388 1849 1414; x_wconf 88' lang='lat' dir='ltr'>actae.</span> <span class='ocrx_word' id='word_1_311' title='bbox 2332 1414 2396 1432; x_wconf 82' lang='lat' dir='ltr'>tome</span> <span class='ocrx_word' id='word_1_312' title='bbox 2425 1411 2455 1432; x_wconf 71' lang='lat' dir='ltr'>m</span> 
     </span>
    </p>
   </div>
   <div class='ocr_carea' id='block_1_24' title="bbox 1733 1459 2545 2226">
    <p class='ocr_par' dir='ltr' id='par_1_26' title="bbox 1733 1459 2545 2226">
     <span class='ocr_line' id='line_1_79' title="bbox 1774 1459 2545 1500; baseline 0 -12"><span class='ocrx_word' id='word_1_313' title='bbox 1774 1463 1932 1497; x_wconf 85' lang='lat' dir='ltr'>Episcopo</span> <span class='ocrx_word' id='word_1_314' title='bbox 1960 1463 2178 1490; x_wconf 89' lang='lat' dir='ltr'>Lemovicensi</span> <span class='ocrx_word' id='word_1_315' title='bbox 2196 1463 2253 1498; x_wconf 89' lang='lat' dir='ltr'>qui</span> <span class='ocrx_word' id='word_1_316' title='bbox 2275 1470 2322 1490; x_wconf 89' lang='lat' dir='ltr'>so-</span> <span class='ocrx_word' id='word_1_317' title='bbox 2342 1460 2422 1500; x_wconf 80' lang='lat'>1464</span> <span class='ocrx_word' id='word_1_318' title='bbox 2443 1459 2545 1499; x_wconf 84' lang='grc'>12756</span> 
     </span>
     <span class='ocr_line' id='line_1_80' title="bbox 1733 1511 2337 1547; baseline 0.002 -10"><span class='ocrx_word' id='word_1_319' title='bbox 1733 1512 1782 1538; x_wconf 86' lang='lat' dir='ltr'>lus</span> <span class='ocrx_word' id='word_1_320' title='bbox 1808 1512 1890 1538; x_wconf 89' lang='lat' dir='ltr'>inter</span> <span class='ocrx_word' id='word_1_321' title='bbox 1916 1512 2038 1538; x_wconf 88' lang='lat' dir='ltr'>ceteros</span> <span class='ocrx_word' id='word_1_322' title='bbox 2064 1511 2224 1546; x_wconf 86' lang='lat' dir='ltr'>praelatos</span> <span class='ocrx_word' id='word_1_323' title='bbox 2249 1512 2337 1547; x_wconf 86' lang='lat' dir='ltr'>regni</span> 
     </span>
     <span class='ocr_line' id='line_1_81' title="bbox 1737 1561 2338 1596; baseline 0.003 -9"><span class='ocrx_word' id='word_1_324' title='bbox 1737 1561 1899 1593; x_wconf 87' lang='lat' dir='ltr'>Franciae,</span> <span class='ocrx_word' id='word_1_325' title='bbox 1936 1561 2128 1588; x_wconf 83' lang='lat' dir='ltr'>sinceritatis</span> <span class='ocrx_word' id='word_1_326' title='bbox 2162 1568 2261 1596; x_wconf 89' lang='lat' dir='ltr'>quam</span> <span class='ocrx_word' id='word_1_327' title='bbox 2297 1561 2338 1589; x_wconf 84' lang='lat' dir='ltr'>ad</span> 
     </span>
     <span class='ocr_line' id='line_1_82' title="bbox 1738 1609 2339 1645; baseline 0 -8"><span class='ocrx_word' id='word_1_328' title='bbox 1738 1610 1918 1637; x_wconf 80' lang='lat' dir='ltr'>Romanam</span> <span class='ocrx_word' id='word_1_329' title='bbox 1952 1609 2114 1637; x_wconf 87' lang='lat' dir='ltr'>ecclesiam</span> <span class='ocrx_word' id='word_1_330' title='bbox 2148 1610 2239 1645; x_wconf 85' lang='lat' dir='ltr'>gerit,</span> <span class='ocrx_word' id='word_1_331' title='bbox 2273 1617 2339 1637; x_wconf 81' lang='lat' dir='ltr'>ma-</span> 
     </span>
     <span class='ocr_line' id='line_1_83' title="bbox 1740 1658 2345 1694; baseline 0 -8"><span class='ocrx_word' id='word_1_332' title='bbox 1740 1658 1862 1686; x_wconf 80' lang='lat' dir='ltr'>nifesta</span> <span class='ocrx_word' id='word_1_333' title='bbox 1932 1659 2084 1686; x_wconf 86' lang='lat' dir='ltr'>exhibens</span> <span class='ocrx_word' id='word_1_334' title='bbox 2148 1661 2345 1694; x_wconf 84' lang='lat' dir='ltr'>argumenta,</span> 
     </span>
     <span class='ocr_line' id='line_1_84' title="bbox 1740 1709 2341 1744; baseline 0.003 -10"><span class='ocrx_word' id='word_1_335' title='bbox 1740 1715 1852 1743; x_wconf 82' lang='lat' dir='ltr'>graves</span> <span class='ocrx_word' id='word_1_336' title='bbox 1877 1709 2041 1736; x_wconf 85' lang='lat' dir='ltr'>subeundo</span> <span class='ocrx_word' id='word_1_337' title='bbox 2065 1709 2198 1742; x_wconf 83' lang='lat' dir='ltr'>labores,</span> <span class='ocrx_word' id='word_1_338' title='bbox 2223 1715 2341 1744; x_wconf 83' lang='lat' dir='ltr'>papam</span> 
     </span>
     <span class='ocr_line' id='line_1_85' title="bbox 1741 1757 2342 1792; baseline 0.002 -8"><span class='ocrx_word' id='word_1_339' title='bbox 1741 1757 1898 1791; x_wconf 85' lang='lat' dir='ltr'>visitavit,</span> <span class='ocrx_word' id='word_1_340' title='bbox 1940 1758 2082 1792; x_wconf 87' lang='lat' dir='ltr'>indulget</span> <span class='ocrx_word' id='word_1_341' title='bbox 2122 1760 2157 1785; x_wconf 92' lang='lat' dir='ltr'>ut</span> <span class='ocrx_word' id='word_1_342' title='bbox 2197 1758 2342 1785; x_wconf 83' lang='lat' dir='ltr'>redditus</span> 
     </span>
     <span class='ocr_line' id='line_1_86' title="bbox 1741 1808 2342 1842; baseline 0 -8"><span class='ocrx_word' id='word_1_343' title='bbox 1741 1809 1773 1834; x_wconf 89' lang='lat' dir='ltr'>et</span> <span class='ocrx_word' id='word_1_344' title='bbox 1802 1809 1977 1842; x_wconf 89' lang='lat' dir='ltr'>proventus</span> <span class='ocrx_word' id='word_1_345' title='bbox 2005 1808 2206 1835; x_wconf 84' lang='lat' dir='ltr'>ecclesiarum</span> <span class='ocrx_word' id='word_1_346' title='bbox 2234 1813 2342 1842; x_wconf 86' lang='lat' dir='ltr'>parro-</span> 
     </span>
     <span class='ocr_line' id='line_1_87' title="bbox 1743 1855 2341 1890; baseline 0 -7"><span class='ocrx_word' id='word_1_347' title='bbox 1743 1856 1902 1888; x_wconf 72' lang='lat' dir='ltr'>chianum,</span> <span class='ocrx_word' id='word_1_348' title='bbox 1939 1856 2203 1890; x_wconf 89' lang='lat' dir='ltr'>praebendarum,</span> <span class='ocrx_word' id='word_1_349' title='bbox 2241 1855 2341 1890; x_wconf 86' lang='lat' dir='ltr'>digni·</span> 
     </span>
     <span class='ocr_line' id='line_1_88' title="bbox 1743 1905 2344 1939; baseline -0.002 -7"><span class='ocrx_word' id='word_1_350' title='bbox 1743 1906 1859 1937; x_wconf 86' lang='lat' dir='ltr'>tatum,</span> <span class='ocrx_word' id='word_1_351' title='bbox 1890 1906 2118 1939; x_wconf 88' lang='lat' dir='ltr'>personatuum</span> <span class='ocrx_word' id='word_1_352' title='bbox 2147 1907 2179 1932; x_wconf 89' lang='lat' dir='ltr'>et</span> <span class='ocrx_word' id='word_1_353' title='bbox 2210 1905 2344 1932; x_wconf 89' lang='lat' dir='ltr'>aliorum</span> 
     </span>
     <span class='ocr_line' id='line_1_89' title="bbox 1748 1953 2344 1981; baseline 0 -1"><span class='ocrx_word' id='word_1_354' title='bbox 1748 1953 1976 1980; x_wconf 81' lang='lat' dir='ltr'>beneficiorum</span> <span class='ocrx_word' id='word_1_355' title='bbox 2059 1954 2344 1981; x_wconf 87' lang='lat' dir='ltr'>ecclesiasticorum</span> 
     </span>
     <span class='ocr_line' id='line_1_90' title="bbox 1743 2002 2345 2038; baseline 0 -9"><span class='ocrx_word' id='word_1_356' title='bbox 1743 2010 1827 2038; x_wconf 84' lang='lat' dir='ltr'>quae</span> <span class='ocrx_word' id='word_1_357' title='bbox 1855 2009 1910 2037; x_wconf 85' lang='lat' dir='ltr'>per</span> <span class='ocrx_word' id='word_1_358' title='bbox 1938 2003 2110 2030; x_wconf 89' lang='lat' dir='ltr'>triennium</span> <span class='ocrx_word' id='word_1_359' title='bbox 2140 2003 2171 2030; x_wconf 91' lang='lat' dir='ltr'>in</span> <span class='ocrx_word' id='word_1_360' title='bbox 2200 2002 2345 2030; x_wconf 83' lang='lat' dir='ltr'>Lemovi-</span> 
     </span>
     <span class='ocr_line' id='line_1_91' title="bbox 1745 2051 2345 2086; baseline 0 -8"><span class='ocrx_word' id='word_1_361' title='bbox 1745 2052 1829 2078; x_wconf 91' lang='lat' dir='ltr'>censi</span> <span class='ocrx_word' id='word_1_362' title='bbox 1861 2051 1989 2079; x_wconf 87' lang='lat' dir='ltr'>ecclesia</span> <span class='ocrx_word' id='word_1_363' title='bbox 2021 2059 2135 2079; x_wconf 87' lang='lat' dir='ltr'>vacare</span> <span class='ocrx_word' id='word_1_364' title='bbox 2166 2052 2345 2086; x_wconf 83' lang='lat' dir='ltr'>contigerit,</span> 
     </span>
     <span class='ocr_line' id='line_1_92' title="bbox 1745 2101 2348 2136; baseline 0.002 -10"><span class='ocrx_word' id='word_1_365' title='bbox 1745 2107 1800 2135; x_wconf 89' lang='lat' dir='ltr'>per</span> <span class='ocrx_word' id='word_1_366' title='bbox 1829 2108 1926 2128; x_wconf 91' lang='lat' dir='ltr'>unum</span> <span class='ocrx_word' id='word_1_367' title='bbox 1956 2108 2074 2128; x_wconf 89' lang='lat' dir='ltr'>annum</span> <span class='ocrx_word' id='word_1_368' title='bbox 2103 2101 2266 2136; x_wconf 87' lang='lat' dir='ltr'>percipere</span> <span class='ocrx_word' id='word_1_369' title='bbox 2292 2107 2348 2128; x_wconf 77' lang='lat' dir='ltr'>va-</span> 
     </span>
     <span class='ocr_line' id='line_1_93' title="bbox 1747 2149 2349 2185; baseline 0 -9"><span class='ocrx_word' id='word_1_370' title='bbox 1747 2150 1820 2183; x_wconf 79' lang='lat' dir='ltr'>leat,</span> <span class='ocrx_word' id='word_1_371' title='bbox 1856 2152 2029 2185; x_wconf 87' lang='lat' dir='ltr'>postquam</span> <span class='ocrx_word' id='word_1_372' title='bbox 2063 2151 2094 2177; x_wconf 89' lang='lat' dir='ltr'>in</span> <span class='ocrx_word' id='word_1_373' title='bbox 2128 2150 2172 2177; x_wconf 89' lang='lat' dir='ltr'>eis</span> <span class='ocrx_word' id='word_1_374' title='bbox 2205 2149 2349 2177; x_wconf 87' lang='lat' dir='ltr'>instituti</span> 
     </span>
     <span class='ocr_line' id='line_1_94' title="bbox 1749 2198 2047 2226; baseline 0.007 -2"><span class='ocrx_word' id='word_1_375' title='bbox 1749 2198 1867 2226; x_wconf 81' lang='lat' dir='ltr'>suerint</span> <span class='ocrx_word' id='word_1_376' title='bbox 1900 2201 2047 2226; x_wconf 69' lang='lat' dir='ltr'>rectores</span> 
     </span>
    </p>
   </div>
   <div class='ocr_carea' id='block_1_25' title="bbox 1751 2249 2565 2983">
    <p class='ocr_par' dir='ltr' id='par_1_27' title="bbox 1751 2249 2565 2983">
     <span class='ocr_line' id='line_1_95' title="bbox 2346 2249 2469 2271; baseline 0 -1"><span class='ocrx_word' id='word_1_377' title='bbox 2346 2251 2410 2271; x_wconf 77' lang='lat' dir='ltr'>tome</span> <span class='ocrx_word' id='word_1_378' title='bbox 2439 2249 2469 2270; x_wconf 91' lang='grc' dir='ltr'>ΙΙΙ</span> 
     </span>
     <span class='ocr_line' id='line_1_96' title="bbox 1786 2283 2558 2325; baseline -0.003 -10"><span class='ocrx_word' id='word_1_379' title='bbox 1786 2288 1917 2315; x_wconf 81' lang='lat' dir='ltr'>Cantori</span> <span class='ocrx_word' id='word_1_380' title='bbox 1946 2288 2095 2315; x_wconf 86' lang='lat' dir='ltr'>ecclesiae</span> <span class='ocrx_word' id='word_1_381' title='bbox 2118 2295 2142 2315; x_wconf 92' lang='lat' dir='ltr'>s.</span> <span class='ocrx_word' id='word_1_382' title='bbox 2167 2287 2337 2315; x_wconf 83' lang='lat' dir='ltr'>Frontonis</span> <span class='ocrx_word' id='word_1_383' title='bbox 2356 2286 2361 2325; x_wconf 96' lang='grc' dir='ltr'>Ι</span> <span class='ocrx_word' id='word_1_384' title='bbox 2378 2286 2436 2314; x_wconf 82' lang='grc'>464</span> <span class='ocrx_word' id='word_1_385' title='bbox 2457 2283 2558 2325; x_wconf 87' lang='grc'>12757</span> 
     </span>
     <span class='ocr_line' id='line_1_97' title="bbox 1751 2337 2351 2372; baseline 0 -8"><span class='ocrx_word' id='word_1_386' title='bbox 1751 2338 1908 2372; x_wconf 87' lang='lat' dir='ltr'>praedicti</span> <span class='ocrx_word' id='word_1_387' title='bbox 1961 2337 2137 2364; x_wconf 86' lang='lat' dir='ltr'>committit</span> <span class='ocrx_word' id='word_1_388' title='bbox 2191 2337 2351 2364; x_wconf 80' lang='lat' dir='ltr'>executio-</span> 
     </span>
     <span class='ocr_line' id='line_1_98' title="bbox 1751 2386 1975 2414; baseline 0 -1"><span class='ocrx_word' id='word_1_389' title='bbox 1751 2393 1822 2413; x_wconf 92' lang='lat' dir='ltr'>nem</span> <span class='ocrx_word' id='word_1_390' title='bbox 1848 2386 1975 2414; x_wconf 89' lang='lat' dir='ltr'>indulti.</span> 
     </span>
     <span class='ocr_line' id='line_1_99' title="bbox 2344 2431 2467 2452; baseline 0 0"><span class='ocrx_word' id='word_1_391' title='bbox 2344 2434 2407 2452; x_wconf 74' lang='lat' dir='ltr'>tome</span> <span class='ocrx_word' id='word_1_392' title='bbox 2437 2431 2467 2452; x_wconf 86' lang='grc' dir='ltr'>ΙΙΙ</span> 
     </span>
     <span class='ocr_line' id='line_1_100' title="bbox 1796 2470 2561 2512; baseline -0.003 -10"><span class='ocrx_word' id='word_1_393' title='bbox 1796 2476 1953 2503; x_wconf 82' lang='lat' dir='ltr'>Ecclesias</span> <span class='ocrx_word' id='word_1_394' title='bbox 1993 2476 2032 2502; x_wconf 91' lang='lat' dir='ltr'>de</span> <span class='ocrx_word' id='word_1_395' title='bbox 2061 2476 2202 2509; x_wconf 76' lang='lat' dir='ltr'>Byamco</span> <span class='ocrx_word' id='word_1_396' title='bbox 2242 2481 2340 2510; x_wconf 87' lang='lat' dir='ltr'>prope</span> <span class='ocrx_word' id='word_1_397' title='bbox 2359 2472 2364 2511; x_wconf 93' lang='grc' dir='ltr'>Ι</span> <span class='ocrx_word' id='word_1_398' title='bbox 2381 2473 2439 2500; x_wconf 77' lang='grc'>464</span> <span class='ocrx_word' id='word_1_399' title='bbox 2460 2470 2561 2512; x_wconf 82' lang='grc'>12758</span> 
     </span>
     <span class='ocr_line' id='line_1_101' title="bbox 1754 2523 2354 2559; baseline 0 -8"><span class='ocrx_word' id='word_1_400' title='bbox 1754 2526 1894 2552; x_wconf 90' lang='lat' dir='ltr'>castrum</span> <span class='ocrx_word' id='word_1_401' title='bbox 1926 2526 1965 2552; x_wconf 90' lang='lat' dir='ltr'>de</span> <span class='ocrx_word' id='word_1_402' title='bbox 1997 2524 2221 2559; x_wconf 77' lang='lat' dir='ltr'>Rupecavardi</span> <span class='ocrx_word' id='word_1_403' title='bbox 2251 2525 2283 2551; x_wconf 84' lang='lat' dir='ltr'>et</span> <span class='ocrx_word' id='word_1_404' title='bbox 2314 2523 2354 2551; x_wconf 84' lang='lat' dir='ltr'>de</span> 
     </span>
     <span class='ocr_line' id='line_1_102' title="bbox 1754 2573 2355 2609; baseline -0.002 -9"><span class='ocrx_word' id='word_1_405' title='bbox 1754 2574 1917 2601; x_wconf 87' lang='lat' dir='ltr'>Grauleria</span> <span class='ocrx_word' id='word_1_406' title='bbox 1962 2573 2174 2609; x_wconf 84' lang='lat' dir='ltr'>parrochiales</span> <span class='ocrx_word' id='word_1_407' title='bbox 2227 2579 2355 2600; x_wconf 81' lang='lat' dir='ltr'>mensae</span> 
     </span>
     <span class='ocr_line' id='line_1_103' title="bbox 1756 2621 2376 2657; baseline -0.003 -7"><span class='ocrx_word' id='word_1_408' title='bbox 1756 2623 1927 2657; x_wconf 82' lang='lat' dir='ltr'>episcopali</span> <span class='ocrx_word' id='word_1_409' title='bbox 1987 2622 2204 2650; x_wconf 85' lang='lat' dir='ltr'>Lemovicensi</span> <span class='ocrx_word' id='word_1_410' title='bbox 2273 2621 2376 2657; x_wconf 43' lang='lat' dir='ltr'>unit.-</span> 
     </span>
     <span class='ocr_line' id='line_1_104' title="bbox 2354 2681 2478 2703; baseline 0.016 -2"><span class='ocrx_word' id='word_1_411' title='bbox 2354 2683 2418 2703; x_wconf 71' lang='lat' dir='ltr'>tome</span> <span class='ocrx_word' id='word_1_412' title='bbox 2447 2681 2478 2703; x_wconf 85' lang='grc' dir='ltr'>ΙΙΙ</span> 
     </span>
     <span class='ocr_line' id='line_1_105' title="bbox 1800 2715 2565 2757; baseline -0.001 -10"><span class='ocrx_word' id='word_1_413' title='bbox 1800 2720 2005 2755; x_wconf 80' lang='lat' dir='ltr'>Privilegium</span> <span class='ocrx_word' id='word_1_414' title='bbox 2057 2721 2096 2747; x_wconf 85' lang='lat' dir='ltr'>de</span> <span class='ocrx_word' id='word_1_415' title='bbox 2148 2719 2343 2747; x_wconf 80' lang='lat' dir='ltr'>visitationis</span> <span class='ocrx_word' id='word_1_416' title='bbox 2361 2717 2366 2757; x_wconf 96' lang='grc' dir='ltr'>Ι</span> <span class='ocrx_word' id='word_1_417' title='bbox 2383 2718 2441 2745; x_wconf 76' lang='grc'>464</span> <span class='ocrx_word' id='word_1_418' title='bbox 2462 2715 2565 2756; x_wconf 78' lang='grc'>12759</span> 
     </span>
     <span class='ocr_line' id='line_1_106' title="bbox 1761 2768 2352 2804; baseline 0 -8"><span class='ocrx_word' id='word_1_419' title='bbox 1761 2769 1868 2796; x_wconf 76' lang='lat' dir='ltr'>orricio</span> <span class='ocrx_word' id='word_1_420' title='bbox 1922 2770 2070 2804; x_wconf 86' lang='lat' dir='ltr'>episcopo</span> <span class='ocrx_word' id='word_1_421' title='bbox 2135 2768 2352 2796; x_wconf 86' lang='lat' dir='ltr'>Lemovicensi</span> 
     </span>
     <span class='ocr_line' id='line_1_107' title="bbox 1759 2818 1954 2846; baseline -0.005 0"><span class='ocrx_word' id='word_1_422' title='bbox 1759 2818 1954 2846; x_wconf 86' lang='lat' dir='ltr'>conceditur.</span> 
     </span>
     <span class='ocr_line' id='line_1_108' title="bbox 2357 2864 2480 2885; baseline 0.008 -1"><span class='ocrx_word' id='word_1_423' title='bbox 2357 2866 2420 2885; x_wconf 74' lang='lat' dir='ltr'>tome</span> <span class='ocrx_word' id='word_1_424' title='bbox 2449 2864 2480 2885; x_wconf 83' lang='grc'>111</span> 
     </span>
     <span class='ocr_line' id='line_1_109' title="bbox 1799 2903 2563 2944; baseline -0.003 -10"><span class='ocrx_word' id='word_1_425' title='bbox 1799 2907 1955 2942; x_wconf 86' lang='lat' dir='ltr'>Episcopo</span> <span class='ocrx_word' id='word_1_426' title='bbox 2007 2906 2246 2934; x_wconf 77' lang='lat' dir='ltr'>constantiensi</span> <span class='ocrx_word' id='word_1_427' title='bbox 2288 2906 2345 2933; x_wconf 85' lang='lat' dir='ltr'>ite-</span> <span class='ocrx_word' id='word_1_428' title='bbox 2365 2903 2447 2944; x_wconf 79' lang='grc'>1299</span> <span class='ocrx_word' id='word_1_429' title='bbox 2465 2903 2472 2943; x_wconf 98' lang='grc' dir='ltr'>Ι</span> <span class='ocrx_word' id='word_1_430' title='bbox 2491 2903 2563 2933; x_wconf 78' lang='grc'>1901</span> 
     </span>
     <span class='ocr_line' id='line_1_110' title="bbox 1761 2955 2359 2983; baseline -0.003 0"><span class='ocrx_word' id='word_1_431' title='bbox 1761 2963 1831 2983; x_wconf 91' lang='lat' dir='ltr'>rum</span> <span class='ocrx_word' id='word_1_432' title='bbox 1868 2956 1999 2983; x_wconf 88' lang='lat' dir='ltr'>mandat</span> <span class='ocrx_word' id='word_1_433' title='bbox 2036 2957 2071 2982; x_wconf 88' lang='lat' dir='ltr'>ut</span> <span class='ocrx_word' id='word_1_434' title='bbox 2109 2955 2272 2982; x_wconf 85' lang='lat' dir='ltr'>Nicolaum</span> <span class='ocrx_word' id='word_1_435' title='bbox 2319 2955 2359 2982; x_wconf 83' lang='lat' dir='ltr'>de</span> 
     </span>
    </p>
   </div>
  </div>
 </body>
</html>
