2519 3262
208 216 267 245 200

801 291 925 323 Orvieto,
942 293 957 318 7
974 300 1052 318 mars
1072 291 1148 318 1204.

298 298 394 329 1420

243 381 381 415 Episcopo
408 378 567 406 Pictavensi
594 378 721 404 concedit
750 376 919 403 facultatem
943 376 1127 410 permutandi
1159 383 1222 409 par-

207 433 266 457 tem
287 429 367 456 fundi
381 436 467 463 quem
484 428 566 463 juxta
586 427 705 453 fundum
728 426 871 452 Minorum
890 425 924 451 de
941 425 1040 451 Niorto
1060 424 1155 456 habet,
1171 431 1221 458 pro

207 479 365 506 redditibus
384 485 453 512 quos
473 475 625 508 Amabssis,
641 475 715 502 dictu
741 475 872 508 Anylz'ca,
891 473 991 500 relicta
1009 474 1155 508 quondam
1174 474 1221 499 Sa·
1246 487 1247 495 1

207 528 295 555 varici
319 528 352 553 ‹lc
373 526 564 555 Malo-Leone,
583 532 648 552 cum
668 525 729 558 ipso
753 526 920 558 permutare
936 523 1061 554 affectet,
1084 526 1222 549 01116063-

208 576 341 603 sitatibus
362 575 504 602 dictorum
526 574 649 600 fratrum
679 573 843 600 subveniat.
867 572 944 606 (Rea.
973 572 1084 602 29,101.
1114 572 1164 598 129
1181 575 1221 604 v0,
1247 594 1248 601 ,

208 630 239 651 n⁰
254 625 324 655 470·‚
342 625 499 650 l‘orruasr.
516 623 626 656 18817.)

249 740 265 759 «
299 753 305 759 .
332 752 337 758 .
360 729 505 768 episcopo
539 727 724 756 Piclzwensi.
760 727 871 757 Locus
903 727 1104 757 dilectorum
1137 726 1220 756 filio·

210 791 283 812 rum
305 799 354 810 —.
383 782 507 811 Datum
537 781 625 819 apud
651 780 944 816 Urbemveterem,
970 780 1069 810 nonis
1095 780 1221 815 martii,

210 844 296 865 anno
314 834 426 864 tertio.
447 844 460 863 υ

784 1007 909 1039 Orvieto,
929 1008 960 1034 15
974 1015 1053 1034 mars
1070 1007 1151 1034 1261.

304 1011 396 1041 1421

247 1092 417 1127 Ludcguico‚
434 1093 542 1119 decano
560 1091 735 1126 Maguntino‚
752 1091 901 1125 capellano
918 1092 1086 1126 apostolico,
1105 1093 1224 1119 mandat

213 1145 243 1169 ut
255 1141 421 1176 episcopum
438 1140 637 1175 Maguntinum
652 1150 668 1167 a
686 1140 830 1167 sententia
845 1140 1159 1168 excommunicationis
1175 1141 1224 1167 ab·
1250 1148 1252 1168 ι

212 1190 315 1218 solvat*
331 1191 409 1223 (ltnc.
430 1190 476 1223 29,
492 1189 538 1216 fol.
562 1190 613 1217 129
634 1194 671 1222 v0,
686 1197 718 1215 no
732 1189 806 1222 471.)

255 1306 268 1321 «
285 1294 469 1333 Lurlcqnico,
482 1294 595 1323 decano
610 1294 802 1332 Maquncino,
815 1293 976 1334 capellano
991 1300 1105 1323 nostro.
1119 1294 1227 1334 Signi·
1251 1312 1252 1315 =

213 1346 907 1378 ficavitnobisvenerabilisfraternoster.
924 1370 930 1375 .
949 1347 1225 1386 archiepiscopus
1251 1354 1252 1388 ᾗ

213 1401 441 1439 Magunfflnus,
470 1401 569 1439 quod,
591 1400 669 1430 licet
696 1400 849 1430 nonnulli
877 1401 1135 1439 predecessores
1159 1401 1223 1438 sui,
1251 1429 1252 1439 ¹

213 1454 269 1492 (101
285 1454 420 1484 suerunt
438 1462 497 1492 pro
514 1455 677 1492 tempore,
698 1453 853 1483 thelonea
869 1455 900 1483 et
915 1454 1056 1491 pedagia
1070 1462 1226 1493 percepe-
1251 1444 1252 1451 ἵ

212 1506 279 1536 rint
301 1507 334 1536 in
351 1507 554 1545 quibusdam
581 1506 701 1536 castris
718 1506 790 1536 suis
808 1507 839 1536 et
859 1506 1000 1536 ecclesie
1017 1506 1224 1545 Maguntine,
1251 1524 1252 1529 =

212 1559 300 1589 idem
319 1561 432 1589 tamen
454 1559 740 1597 archiepiscopus,
757 1561 937 1598 postquam
949 1567 1008 1598 per
1025 1559 1158 1598 aliquos
1170 1570 1226 1591 an-

212 1621 273 1642 nos
292 1614 442 1651 percepit
465 1613 594 1648 eadem,
621 1615 745 1642 attente
765 1612 986 1642 considerans
1009 1613 1110 1651 quod,
1135 1622 1224 1644 occa·
1251 1621 1252 1627 ¹

213 1666 306 1696 sione
326 1666 559 1696 theloneorum
588 1668 619 1696 et
646 1665 866 1704 pedagiorum
891 1666 1100 1705 hujusmodi,
1124 1675 1225 1706 grave
1251 1670 1252 1693 l

211 1719 433 1757 generabatur
449 1719 644 1749 scandalum
660 1719 899 1757 circumposite
918 1719 1060 1758 regioni,
1079 1721 1111 1750 et
1129 1720 1225 1750 dubi-

211 1773 298 1807 tans,
310 1772 665 1811 propterexactionem
680 1780 796 1802 eorum
808 1781 872 1811 que
882 1772 979 1803 timet
991 1781 1066 1803 esse
1082 1773 1122 1803 de
1140 1782 1225 1804 novo
1251 1792 1252 1808 2

212 1825 383 1863 imposita,
404 1834 438 1855 se
459 1825 620 1855 incidisse
638 1825 672 1855 in
687 1834 848 1856 canonem
866 1826 1077 1865 promulgate
1093 1828 1225 1857 senten·
1251 1831 1252 1853 l

211 1878 269 1913 tie,
297 1878 411 1916 sicque
437 1880 572 1916 peccata
602 1878 748 1916 peccatis
777 1878 900 1908 cotidie
932 1879 1117 1916 cumulare,
1155 1881 1225 1909 tum

212 1931 349 1968 propter
383 1931 623 1968 pacificandam
655 1931 826 1969 propriam
866 1931 1122 1966 conscientiam,
1154 1934 1224 1962 tum

212 1986 348 2021 propter
363 1983 555 2021 hujusmodi
566 1983 762 2013 scandalum
778 1984 818 2013 de
834 1984 905 2013 illis
919 1984 1073 2022 partibus
1090 1984 1226 2014 submo-

212 2036 370 2069 vendum,
389 2044 516 2066 necnon
531 2045 590 2074 pro
604 2038 790 2066 reverentia
807 2037 867 2066 Dei
886 2039 918 2067 et
933 2037 1026 2066 sedis
1041 2037 1225 2075 apostolice

213 2097 276 2127 (1116
287 2088 479 2125 hujusmodi
491 2089 685 2119 exactiones
696 2089 832 2127 iniquas
847 2090 1004 2128 reprobat
1014 2092 1044 2119 et
1056 2089 1224 2126 abhorret,

211 2141 367 2171 thelonea
381 2143 412 2171 et
429 2142 570 2181 pedagia
587 2142 755 2180 premissa
768 2142 911 2172 remisit.
926 2143 1036 2178 Quare
1048 2143 1224 2173 humiliter

213 2194 290 2225 fecit
308 2195 475 2233 postulari
497 2204 515 2225 a
540 2194 639 2225 nobis
660 2197 696 2225 ut
718 2195 783 2225 sibi
804 2197 836 2226 et
860 2195 993 2226 clericis
1009 2198 1108 2235 atque
1127 2197 1225 2227 laicis

211 2248 281 2286 qui,
301 2248 411 2277 medio
425 2249 587 2286 tempore,
602 2248 633 2277 in
647 2248 712 2278 hiis
729 2248 976 2287 participarunt
994 2250 1026 2279 et
1037 2249 1122 2279 alias
1139 2258 1226 2280 com-

211 2301 427 2331 municarunt
455 2301 576 2337 eidem,
605 2301 737 2331 clericis
762 2310 840 2331 vero
860 2302 917 2340 qui
941 2301 1105 2332 beneficia
1123 2305 1155 2333 et
1173 2312 1226 2333 or-
1252 2323 1253 2330 ,

212 2354 308 2383 dines
333 2355 531 2392 receperunt
548 2354 588 2384 ab
606 2354 691 2393 ipso,
710 2355 750 2384 de
769 2357 933 2393 oportune
952 2355 1178 2386 absolutionis
1195 2358 1227 2386 et

211 2406 478 2445 dispensationis
501 2406 663 2437 beneficio
689 2407 868 2446 providere
885 2408 1153 2439 misericorditer
1175 2418 1227 2439 cu-

212 2468 376 2490 raremus.
411 2460 481 2490 Nos
511 2460 636 2498 itaque,
658 2460 855 2500 hujusmodi
882 2462 974 2500 piam
1003 2464 1034 2492 et
1055 2462 1226 2493 salubrem

213 2512 516 2543 considerationem
548 2513 658 2551 ipsius
690 2514 950 2554 archiepiscopi,
980 2515 1051 2545 Deo
1080 2516 1112 2545 et
1129 2515 1227 2546 nobis

214 2567 383 2603 acceptam
405 2574 441 2595 ac
458 2565 615 2596 fidelibus
643 2566 801 2605 pluribus
820 2567 860 2597 de
879 2568 1075 2607 supradicta
1091 2568 1226 2607 regione

213 2617 372 2651 votivam,
387 2617 419 2647 in
437 2618 581 2648 Domino
599 2620 886 2654 commendantes,
900 2621 1112 2651 attendentes
1125 2621 1226 2652 etiam

214 2670 314 2708 quod,
328 2672 464 2709 propter
482 2671 734 2703 multitudinem
750 2682 814 2712 (1116
832 2674 865 2703 111
877 2682 977 2704 causa
987 2682 1062 2704 6336
1079 2674 1224 2712 videtur,

214 2731 289 2753 cum
307 2723 356 2753 613
368 2723 486 2754 mitius
499 2726 550 2754 est
566 2726 744 2764 agendum,
763 2726 840 2761 tibi,
860 2727 899 2757 de
915 2727 1011 2765 quus
1025 2727 1226 2758 discretione
1252 2733 1253 2747 ¹

215 2775 371 2806 fiduciam
399 2777 432 2806 in
458 2777 602 2808 Domino
624 2779 774 2818 gerimus
798 2780 995 2819 specialem,
1017 2781 1226 2819 presentium

214 2829 329 2859 tenore
339 2829 585 2861 committimus
595 2831 767 2870 quatinus,
780 2833 809 2863 si
826 2833 938 2864 dictus
950 2833 1226 2873 archiepiscopus
1252 2820 1253 2828 ἵ

215 2881 329 2912 taliter
345 2882 485 2922 pedagia
501 2885 533 2914 et
550 2883 703 2914 thelonea
728 2885 802 2924 ipsa
819 2886 962 2923 remisit,
981 2886 1022 2917 ab
1039 2895 1078 2917 eo
1093 2889 1225 2926 recepto

961 207 1204 239 REGISTRES
1231 207 1444 238 D'URBAIN
1473 206 1531 236 IV.

1276 290 1345 330 (sic)
1365 289 1405 320 ab
1422 299 1460 320 eo
1472 290 1525 320 vel
1540 289 1606 320 alio
1622 289 1654 319 in
1668 289 1777 328 ipsius
1789 288 1938 319 animam
1953 288 2043 327 quod
2058 288 2116 318 illa
2128 289 2168 319 de
2182 291 2293 320 cetero

1276 353 1341 374 non
1355 343 1465 382 exiget
1480 351 1539 373 nec
1549 342 1638 381 exigi
1653 342 1753 372 faciat
1767 342 1972 380 juramento,
1988 349 2064 372 eum
2082 343 2113 372 et
2131 341 2217 372 alios
2232 351 2288 373 su-

1275 397 1458 435 pradictos,
1474 405 1548 426 cum
1562 395 1602 425 ab
1615 395 1700 434 ipsis
1711 395 1898 434 requisitus
1913 394 2031 431 fueris,
2043 394 2084 424 al)
2098 403 2290 425 excommu-

1278 450 1484 480 nicationum
1511 449 1689 479 sententiis
1710 457 1806 487 (111113,
1830 447 2005 478 occasione
2029 447 2288 486 premissorum,

1246 503 1247 512 ¹
1277 502 1440 532 hactenus
1458 502 1685 537 incurrerunt,
1705 500 1906 531 auctoritate
1921 502 2048 535 nostra,
2065 500 2165 538 juxta
2190 500 2294 531 eccle-

1278 555 1328 585 sie
1343 555 1498 591 sormam,
1517 554 1688 590 absolvas,
1708 557 1828 584 etcum
1844 553 1973 584 eisdem
1989 552 2242 592 archiepiscopo
2259 555 2293 583 et

1278 608 1412 638 clericis
1430 616 1533 646 super
1551 607 1778 646 irregfflarite,
1797 607 1932 645 siquam
1949 608 2086 645 propter
2107 606 2168 636 hoc
2184 606 2293 636 incur-

1278 662 1366 692 risse
1383 663 1580 697 noscuntur,
1599 660 1761 699 imposita
1777 660 1826 690 eis
1844 659 2033 698 penitentia
2049 659 2204 693 salutari,
2227 659 2293 689 dis-

1278 722 1414 754 penseS,
1432 714 1531 753 prout
1547 713 1732 744 secundum
1749 714 1859 744 Deum
1875 712 2066 743 animarum
2083 720 2223 742 suarum
2240 721 2292 742 sa-

1279 767 1342 798 luti
1356 767 1484 797 videris
1497 766 1668 805 expedire,
1684 766 1896 797 concedendo
1910 765 2151 795 nichilominus
2164 765 2294 796 eisdem

1279 820 1412 851 clericis
1424 819 1513 859 quod
1531 820 1566 850 in
1582 819 1760 850 ordinibus
1772 819 1821 849 sic
1840 819 2010 857 susceptis
2026 818 2221 848 ministrare
2238 826 2294 848 va-

1279 874 1370 904 leant
1386 875 1418 904 et
1434 873 1598 904 beneficia
1613 872 1808 911 hujusmodi
1825 872 1984 907 retinere,
2000 872 2029 902 si
2047 871 2141 902 aliud
2158 871 2293 902 canoni·

1280 936 1356 957 cum
1374 935 1440 957 non
1465 926 1619 956 obsistat.
1648 926 1773 956 Datum
1792 926 1880 964 apud
1908 925 2199 960 Urbemveterem,
2219 924 2297 955 idus

1281 980 1407 1011 martii.
1426 988 1513 1010 anno
1532 980 1641 1010 tertio.
1663 988 1679 1008 »

1373 1163 1390 1193 1
1397 1163 1469 1194 422

1826 1161 1950 1192 Orvieto,
1967 1160 2000 1187 23
2011 1160 2126 1195 janvier
2145 1160 2221 1186 1264.

1317 1246 1456 1280 Episcopo
1475 1245 1681 1279 Bambergensi
1698 1245 1825 1279 indulget
1852 1248 1881 1272 ut
1899 1253 1987 1271 unum
2005 1245 2038 1271 de
2055 1244 2170 1271 clericis
2190 1244 2249 1271 suis
2266 1244 2295 1271 in

1282 1295 1403 1321 ecclesia
1423 1294 1627 1329 Bambergensi
1656 1295 1683 1321 in
1709 1295 1878 1321 canonicum
1907 1293 1996 1328 recipi
2024 1294 2121 1320 faciat.
2142 1294 2221 1321 (Rea.
2250 1294 2295 1324 29,

1284 1344 1332 1371 sol.
1358 1345 1416 1374 130,
1438 1348 1469 1370 11⁰
1487 1344 1563 1378 472.)

1323 1459 1338 1478 (1
1356 1448 1510 1488 Episcopo
1527 1447 1751 1487 Bambcrqcnsi.
1770 1447 1932 1478 Volentes
1949 1449 2005 1478 tue
2022 1447 2227 1478 fraternitati
2246 1464 2295 1478 —.

1282 1502 1407 1533 Datum
1439 1502 1526 1541 apud
1558 1501 1849 1538 Urbemveterem,
1877 1510 1898 1531 x
1927 1501 2090 1531 kalendas
2120 1500 2294 1536 februarii,

1283 1564 1370 1586 anno
1388 1555 1499 1585 tertio.
1520 1564 1534 1583 n

1373 1729 1469 1760 1423
1865 1727 1990 1753 Orvicto.
2005 1727 2039 1754 20
2051 1734 2130 1752 mars
2144 1725 2224 1753 1264.

1317 1812 1418 1839 Abbati
1446 1821 1468 1838 s.
1491 1812 1605 1847 Donysii
1635 1812 1663 1838 in
1684 1811 1812 1837 Francia.
1830 1810 2001 1837 parisiensis
2024 1809 2157 1837 diocesis.
2177 1810 2297 1837 mandat

1251 1860 1252 1881 i
1281 1863 1311 1887 ut
1328 1861 1503 1896 magistrum
1529 1861 1698 1887 Gaut'ridum
1719 1861 1752 1886 de
1772 1860 1901 1894 Templo,
1918 1859 2056 1886 clericum
2074 1859 2190 1893 reginae
2206 1859 2295 1885 Fran-

1281 1918 1391 1937 corum.
1409 1910 1536 1945 ejusdem
1555 1910 1672 1945 reginae
1688 1910 1819 1941 obtentu,
1835 1909 1864 1935 in
1881 1909 2001 1935 ecclesia
2018 1908 2199 1935 Laudunensi
2211 1907 2239 1934 in
2252 1916 2298 1935 ca-

1281 1959 1416 1985 nonicum
1434 1959 1520 1993 recipi
1539 1958 1622 1986 faciat
1642 1959 1723 1992 eique
1742 1958 1774 1984 de
1793 1958 1953 1992 praebenda
1971 1957 2130 1992 provideat.
2152 1957 2228 1983 llzm.
2248 1956 2293 1986 29,

1282 2007 1332 2034 fol.
1350 2008 1411 2039 130,
1425 2012 1456 2034 n⁰
1472 2007 1546 2038 473.)

1322 2122 1337 2141 ((
1362 2111 1475 2141 Abbati
1497 2122 1521 2141 s.
1556 2111 1694 2151 Dyonisii
1721 2112 1750 2140 ιἰι
1780 2110 1924 2147 Francia,
1956 2110 2137 2140 Parisiensis
2157 2110 2294 2140 diocesis.

1282 2166 1375 2196 Adeo
1405 2165 1584 2195 carissima
1611 2165 1644 2195 111
1670 2182 1718 2194 -.
1751 2165 1876 2195 Datum
1893 2164 1981 2203 apud
2005 2164 2294 2197 L'rbemveterem.

1282 2227 1345 2248 xiii
1363 2218 1527 2248 kalendas
1547 2218 1680 2257 aprilis.
1700 2226 1786 2248 anno
1805 2218 1919 2248 tertio.
1940 2227 1955 2246 »

1376 2401 1470 2431 1⁴24
1852 2397 1976 2430 Orvieto,
1999 2398 2028 2425 17
2047 2406 2126 2424 mars
2145 2397 2222 2426 1264.

1319 2484 1408 2510 Eneto
1422 2484 1498 2511 Petri
1517 2484 1551 2510 de
1571 2484 1656 2511 Roda.
1674 2483 1778 2510 clerico
1791 2484 2076 2517 Cacsaraugustanae
2099 2482 2232 2510 diocesis.
2249 2489 2296 2509 ca-

1283 2533 1401 2560 noniam
1419 2536 1445 2560 et
1464 2533 1658 2567 praebendam
1670 2540 1734 2559 cum
1750 2531 1967 2567 praestimoniis
1978 2531 2247 2563 confert,vacantes
2265 2531 2294 2558 in

1283 2581 1404 2609 ecclesia
1422 2581 1559 2608 llerdensi
1576 2589 1625 2616 per
1638 2583 1778 2608 moi-trem
1797 2580 1942 2607 Guillelmi
1961 2580 2096 2607 Bernardi
2111 2581 2145 2607 de
2162 2579 2296 2613 Labarta,

1282 2631 1400 2658 obtentu
1421 2630 1519 2658 t'ratris
1547 2630 1669 2659 velasci.
1698 2629 1914 2664 poenitentiarii
1931 2632 1959 2656 et
1973 2628 2114 2664 capellani
2133 2627 2296 2663 apostolici,

1283 2679 1362 2715 cujus
1379 2679 1456 2706 idem
1471 2679 1577 2706 Euctus
1598 2687 1686 2714 nepos
1704 2678 1813 2705 existit.
1832 2678 1911 2711 (Rau,
1925 2679 1970 2711 29,
1990 2677 2040 2705 sol.
2060 2677 2120 2708 130,
2135 2682 2166 2704 n⁰
2184 2677 2258 2711 474.)

1324 2794 1339 2813 ((
1360 2783 1460 2813 Encto
1476 2783 1563 2813 Petri
1579 2782 1614 2813 de
1630 2781 1726 2817 Roda,
1749 2781 1858 2812 clerico
1876 2781 2141 2821 (ἴωσι-0119031006
2156 2781 2294 2813 diocesis.

1252 2874 1253 2878 Ἰ
1284 2836 1369 2867 Cum
1385 2836 1556 2875 quondam
1571 2835 1778 2866 Guillelmus
1791 2851 1840 2865 -.
1859 2835 1982 2865 Datum
2007 2835 2096 2874 apud
2112 2834 2295 2867 Urbemve·

1251 2907 1253 2918 1
1283 2890 1401 2925 terem,
1419 2897 1474 2919 xvi
1493 2888 1657 2919 kalendas
1676 2887 1807 2927 aprilis,
1827 2895 1914 2918 anno
1928 2888 2039 2918 tertio.
2059 2896 2076 2916 1)
