2519 3262
210 253 249 282 52
966 245 1208 275 tuzGls'rRES
1237 246 1451 278 D'L'RssAIN
1483 247 1540 276 lx'.

211 336 321 371 titulo,
343 334 491 373 obligata
504 343 562 363 seu
591 341 750 363 com-essa
770 330 925 369 perbone
945 329 1106 359 memorie
1123 330 1219 359 Jaco-

213 389 303 424 bum,
320 387 589 427 epis‹·‹;›pmn,vel
616 384 841 415 venerabilem
854 384 963 413 virum
982 382 1216 419 (inillelmurn,

211 441 353 471 electum
380 441 576 473 Metensem,
602 438 689 467 idem
719 436 845 465 electus
866 435 1012 464 bannum
1037 437 1064 463 et
1085 435 1218 463 centum

211 493 316 523 libras
343 492 533 531 hujusmodi
558 493 587 521 et
617 489 776 529 quicquid
801 497 841 518 ex
861 488 945 526 ipsis
964 487 1076 517 taliter
1094 486 1218 525 obliga-

210 548 281 577 tum
301 547 350 576 vel
368 553 563 575 eoncessum
585 544 756 576 existeret,
778 540 873 571 vobis
894 541 1002 570 redire
1020 550 1056 569 ac
1074 539 1218 570 liberare

211 607 269 629 seu
289 608 484 637 iocuporaro
499 596 644 636 propriis
663 595 776 625 labore
795 596 825 624 υἱ
843 593 1036 632 sumptibus
1054 594 1216 622 teneatur.

210 653 352 690 Insuper
378 660 508 681 exnunc
535 650 650 680 eadem
684 647 882 678 auctoritate
911 646 1043 676 irritum
1067 648 1097 675 et
1121 646 1218 675 inane

210 705 422 735 decernimus
438 704 466 733 si
481 712 578 733 secus
596 702 634 731 de
654 701 762 731 banno
779 702 809 730 et
827 702 958 730 centum
979 699 1075 728 libris
1094 700 1218 728 Meten-

210 758 304 787 sibus
322 757 526 795 supradictis
542 755 727 794 apostoliea
738 754 788 783 vel
804 754 870 783 alia
887 753 1007 791 quavis
1019 753 1217 781 auctoritate

209 811 385 849 contigerit
418 809 621 847 attemptari.
654 809 690 838 In
724 816 865 846 quorum
887 806 1132 840 testimonium,
1158 805 1217 835 has

208 864 339 894 litteras
366 863 460 892 vobis
488 862 665 897 tradimus,
680 863 871 890 nostrorum
901 859 1092 898 sigillorum
1109 859 1216 888 muni-

208 917 297 947 mine
325 916 508 946 roboratas.
535 916 658 945 Datum
693 913 779 952 apud
812 912 1099 945 Urbemveterem,
1134 920 1215 941 xviii

208 970 370 1000 kalendas
391 969 481 1003 maii,
501 977 586 998 anno
606 967 743 998 Domini
764 965 1027 996 M⁰CC0LX1111⁴1
1048 974 1063 993 »

249 1023 340 1053 Nulli
361 1031 438 1061 ergo
467 1023 580 1051 nostre
609 1019 877 1051 confirmationis
899 1021 959 1049 etc.
980 1019 1104 1049 Datum
1129 1017 1216 1056 apud

208 1077 490 1110 Urbemveterem‚
509 1085 542 1104 ιιι
560 1074 723 1104 kalendas
740 1073 832 1109 maii,
853 1081 938 1102 anno
953 1071 1065 1102 tertio.
1080 1084 1094 1098 n

784 1231 906 1258 Orvioto.
923 1233 956 1258 2⁴.)
976 1231 1047 1258 avril
1067 1231 1144 1258 tao-t.

300 1236 394 1267 1052

243 1320 379 1345 Abbatem
402 1327 424 1345 s.
453 1317 574 1344 Matinae
601 1316 783 1343 Treverensis
814 1318 841 1342 et
865 1315 988 1350 priorem
1011 1324 1034 1341 s.
1063 1315 1166 1341 Mariae
1187 1315 1216 1341 in

207 1368 322 1402 Campis
334 1367 517 1400 Metensibus,
529 1366 636 1393 ordinis
649 1374 671 1392 s.
682 1365 835 1395 Benedicti,
850 1365 1012 1399 praedictae
1027 1363 1215 1390 ordinationis

206 1420 372 1444 executores
388 1416 641 1449 ‹2011sutuinut1-2u.
663 1416 706 1444 ἕξ),
725 1414 772 1441 l‘ol.
797 1415 823 1440 217
842 1420 877 1440 νο,
898 1420 927 1439 11⁰
945 1414 1016 1440 tot.»

247 1519 261 1535 ι(
288 1507 400 1537 Abbati
422 1517 445 1537 s.
478 1506 590 1535 ⁴llallzie
618 1506 804 1535 Treverensis
830 1510 856 1534 [Ἰ
881 1505 980 1544 priori
1009 1516 1031 1534 S.
1068 1504 1163 1533 ,llarie
1185 1504 1215 1533 in

208 1559 330 1599 Campis
341 1559 530 1595 ,uelem-ibus,
545 1558 660 1588 ordinis
673 1569 696 1588 s.
714 1558 876 1588 Benedicti.
892 1558 931 1588 Ut
950 1566 987 1587 ea
1005 1566 1068 1596 que
1084 1575 1132 1585 —.
1152 1558 1216 1587 Da-

206 1616 274 1644 tum
303 1614 387 1652 apud
403 1613 689 1647 Urbeinveteretn,
708 1621 741 1641 111
760 1611 921 1641 kalendas
940 1611 1032 1644 maii,
1050 1619 1136 1640 anno
1154 1612 1217 1640 ter-

205 1667 263 1698 tio.
281 1675 298 1696 »

732 1818 854 1847 orricio,
875 1817 1013 1852 aajuiltet
1036 1818 1100 1844 12o3
1117 1818 1139 1846 ¹.

299 1821 392 1852 1053

242 1905 458 1931 Ordinationem
472 1905 505 1930 de
523 1904 684 1938 praehenda
699 1905 816 1930 vacante
832 1902 858 1928 in
877 1903 997 1929 ecelesia
1015 1902 1216 1936 Aniciensipro

208 1956 322 1989 [lupone
342 1957 375 1981 de
395 1954 521 1980 Brixiuco
544 1955 569 1979 et
597 1954 630 1979 de
649 1952 832 1986 quamprimo
854 1954 986 1978 vacatura
1009 1960 1058 1985 pro
1075 1951 1216 1985 Stephano

208 2005 241 2030 de
265 2002 562 2037 Monsnilis-Symonis
580 2011 595 2028 a
621 2001 784 2028 Guillelmo.
804 2000 878 2027 tituli
903 2008 925 2027 s.
946 2000 1031 2026 Marri
1051 2000 1217 2034 presbytero

207 2053 346 2080 cardinali
369 2052 488 2083 editam,
504 2051 666 2077 confirmat.
685 2050 761 2083 titiis..
780 2050 823 2076 29.
846 2049 893 2075 t'ot.
916 2051 942 2075 '27
961 2054 995 2075 v0,
1015 2056 1045 2074 n⁰
1063 2049 1132 2077 102.)

247 2154 264 2174 (‹
294 2143 451 2183 Stephano
487 2142 523 2172 cle
553 2142 712 2171 ,llonsnilis
731 2141 928 2179 ‘-'-.Sy1710121‘.s·‚
960 2140 1106 2169 canonico
1143 2139 1217 2168 Ani-

209 2198 312 2227 ciensi.
335 2197 432 2227 Lecta
453 2205 565 2227 coram
588 2195 685 2225 nobis
702 2197 760 2225 tua
776 2194 893 2232 petitio
917 2193 1107 2224 continebat
1129 2194 1217 2232 quod

208 2259 268 2280 nos
286 2259 420 2280 causam
440 2258 503 2288 quo
531 2249 616 2279 inter
636 2251 665 2278 te
681 2250 711 2278 et
728 2248 903 2286 Ilugonem
923 2247 962 2276 de
982 2247 1147 2282 Brixiam,
1166 2256 1217 2277 ca<

207 2303 365 2334 nonicum
381 2303 608 2337 Aniciensem,
621 2310 722 2339 super
734 2300 878 2339 quadam
897 2299 1065 2338 prebenda
1084 2310 1146 2339 que
1160 2310 1217 2339 per

206 2356 452 2395 promotionem
479 2355 640 2390 Mauritii,
660 2354 824 2393 prepositi
851 2356 928 2384 tunc
956 2354 1107 2384 canonici
1141 2353 1218 2384 Ani-

205 2410 330 2440 eiensis
347 2409 498 2445 ecclesie,
522 2408 645 2438 ibidem
658 2408 798 2443 vacavit,
818 2409 849 2437 et
868 2416 968 2445 quam
988 2409 1126 2445 uterque
1147 2416 1217 2437 ves-

205 2464 293 2494 trum
313 2462 377 2492 sibi
403 2462 550 2492 debitam
568 2463 599 2491 et
614 2461 803 2491 litterarum
827 2460 918 2490 sedis
944 2460 1126 2498 apostolice
1144 2469 1217 2490 auc-

205 2517 339 2547 toritate
353 2515 509 2545 collatam
533 2523 608 2545 esse
629 2513 770 2550 dicebat,
795 2513 996 2549 vort‹=1)at111·,
1017 2514 1056 2543 ad
1076 2522 1216 2543 examen

206 2569 428 2607 apostolicum
456 2568 604 2606 legitime
628 2567 833 2602 devolutam,
863 2567 984 2597 dilecto
1005 2566 1074 2596 tilio
1103 2569 1216 2596 nostro

153 2612 158 2618 ’
204 2622 399 2656 Guillelmo,
430 2621 519 2651 tituli
545 2621 649 2650 sancti
681 2620 781 2649 Marci
813 2619 1010 2658 presbytero
1040 2619 1214 2652 cardinali,

206 2675 378 2708 duximus,
403 2674 443 2703 ad
468 2674 662 2704 instantiam
688 2673 847 2711 partium,
872 2673 1160 2707 emnmittemtam,
1184 2673 1215 2702 et
1248 2688 1249 2715 3

1248 2721 1249 2739 ³
1279 2722 1357 2751 tiam
1385 2721 1641 2758 procuratorum
1669 2718 1815 2757 partium
1841 2717 2035 2753 earumlem,
2065 2726 2125 2747 nos
2150 2716 2292 2747 uuillel-

1247 2785 1248 2796 ι
1278 2783 1382 2809 mum,
1403 2772 1621 2803 miseratione
1638 2772 1752 2801 divina
1770 2771 1859 2801 tituli
1879 2771 1984 2800 sancti
2001 2771 2103 2800 Marci
2118 2769 2290 2808 preshyte-

1246 2842 1247 2845 =
1277 2836 1351 2856 rum
1365 2825 1629 2859 eardinalem,in
1654 2824 1847 2862 hujusmodi
1861 2824 1994 2861 negotio
2007 2823 2171 2853 concessit
2188 2823 2293 2860 parti-

206 2728 278 2766 ipse
297 2729 408 2766 partes
420 2728 506 2757 viam
526 2727 616 2765 pacis
629 2729 659 2756 et
678 2726 852 2756 concordie
868 2725 1043 2764 eligentes,
1055 2734 1090 2755 sc
1107 2725 1216 2763 ipsius

238 2813 257 2835 ¹.
275 2812 353 2836 Cette
369 2812 451 2835 lvttrc
468 2810 824 2835 delas··c01111·aum'·‹=‹lu
841 2810 986 2840 pontitirat
998 2812 1041 2833 cst
1053 2809 1148 2840 placeo
1164 2816 1215 2839 par

205 2863 305 2881 erreur
323 2856 413 2886 parmi
428 2856 512 2879 (mltos
532 2856 564 2879 dv
581 2856 607 2879 la
626 2855 781 2879 troisifwnv.

235 2902 259 2925 2.
272 2900 340 2924 Plus
362 2901 412 2924 bas
434 2907 462 2923 ce
485 2908 546 2923 nom
566 2903 608 2924 est
628 2900 699 2924 ecrit
722 2907 789 2923 avve
806 2899 870 2930 plns
887 2899 921 2923 d«-
939 2899 1034 2922 raison
1052 2898 1169 2922 ,ties-uilio
1188 2900 1213 2922 et

203 2944 346 2970 maisnillo.

1281 331 1464 361 cardinalis
1492 329 1709 365 ordinationi,
1730 327 1882 363 arbitrio,
1905 327 2121 365 dispositioni
2149 336 2184 356 ac
2205 326 2292 356 disti-

1281 384 1401 414 nitioni
1427 383 1637 413 concorditer
1661 381 1916 413 summiserunt,
1937 388 2096 409 concessa
2114 379 2143 409 ei
2160 388 2177 409 a
2196 378 2293 408 nobis

1280 437 1472 471 ordinandi,
1498 435 1696 470 arbitrandi,
1721 433 1935 472 disponendi,
1957 432 2125 462 statuendi
2156 434 2186 462 et
2220 439 2295 470 pro—

1280 489 1414 519 videndi
1435 490 1463 519 ei
1487 490 1543 528 qui
1572 489 1604 518 in
1631 487 1825 527 hujusmodi
1844 485 2022 524 questione
2046 484 2290 520 succumberet,

1280 543 1318 572 (le
1347 542 1517 581 prebenda
1542 542 1619 577 alia,
1656 542 1753 580 prout
1783 539 1942 578 expedire
1971 538 2109 574 videret,
2141 537 2295 577 plenaria

1278 597 1456 634 potestate.
1486 595 1578 625 Idem
1596 603 1673 625 vero
1691 593 1885 628 cardinalis,
1906 592 2050 630 cognitis
2066 591 2174 629 ipsius
2195 598 2294 620 cause

1280 648 1411 678 meritis
1434 650 1466 678 et
1490 648 1578 686 juris
1609 647 1725 677 ordine
1753 647 1942 680 observato,
1960 644 2164 683 prebendam
2185 643 2294 682 ipsam

1278 701 1411 740 Hugoni
1438 701 1634 739 adjudicans
1663 699 1869 738 supradicto,
1898 698 1958 728 tibi
1993 698 2048 736 qui
2082 700 2157 727 ante
2177 705 2295 727 omnes

1278 756 1494 793 expectantes
1522 757 1697 783 vacaturas
1722 752 1910 791 prebendas
1936 752 1967 781 in
1992 751 2133 781 ecclesia
2152 750 2292 788 prefata,

1278 808 1409 838 litteras
1436 807 1641 846 apostolicas
1657 809 1871 845 presentasse
1889 805 2024 839 diceris‚
2053 807 2083 834 et
2103 804 2237 833 illarum
2258 811 2295 833 es

1279 862 1477 891 auctoritate
1503 863 1669 898 receptus,
1692 859 1908 897 prebendam,
1927 858 1954 887 si
1977 867 2043 896 qua
2060 860 2136 887 tun«-
2155 856 2296 886 vacabat

1278 914 1416 949 ibidem,
1444 913 1598 949 contulit,
1626 913 1778 951 alioquin
1808 912 1963 950 proximo
1989 910 2070 940 inibi
2100 912 2294 940 vacaturam

1278 967 1515 997 conferendam
1532 966 1592 996 tibi
1621 965 1795 995 donationi
1822 964 2006 1003 apostolice
2023 963 2219 999 reservavit,
2240 963 2296 993 de-

1278 1028 1419 1050 cernens
1449 1020 1583 1050 irritum
1611 1021 1642 1049 et
1660 1019 1756 1048 inane
1785 1018 1813 1047 si
1829 1026 1927 1047 secus
1942 1017 1982 1046 de
2010 1016 2068 1046 illa
2085 1017 2295 1055 contingeret

1278 1075 1483 1113 attemptari.
1504 1073 1680 1104 Ordinavit
1697 1073 1799 1103 etiam
1818 1072 1908 1111 quod
1927 1073 1962 1101 tu
1984 1071 2201 1101 medietatem
2215 1070 2296 1100 coti·

1277 1127 1453 1157 dianarum
1472 1126 1752 1157 distributionum
1769 1135 1832 1164 que
1851 1125 1980 1155 ratione
2001 1124 2166 1154 debentur
2185 1123 2295 1162 ipsius

1278 1179 1446 1218 prebende
1472 1180 1660 1218 adjudicate
1688 1179 1838 1217 predicto
1857 1178 2004 1216 Hugoni‚
2034 1177 2062 1206 si
2091 1177 2122 1206 in
2151 1176 2295 1206 ecclesia

1279 1233 1354 1271 ipsa
1379 1233 1546 1263 resederis
1561 1235 1592 1263 et
1611 1233 1683 1271 ipse
1709 1232 1806 1271 Hugo
1825 1231 1948 1260 absens
1970 1230 2081 1265 suerit,
2101 1229 2218 1259 tandiu
2238 1229 2293 1258 ha·

1279 1285 1360 1316 beas
1384 1288 1415 1316 et
1439 1286 1608 1324 percipias
1627 1285 1731 1315 donec
1754 1284 1879 1314 ibidem
1898 1282 2102 1322 prebendam
2122 1282 2226 1312 fueris
2244 1290 2295 1312 as-

1280 1342 1427 1375 secutus,
1446 1347 1510 1368 non
1533 1338 1686 1368 obstante
1705 1338 1793 1376 quod
1811 1340 1845 1367 tu
1874 1337 1913 1366 de
1933 1336 2021 1366 dicta
2039 1335 2207 1374 prebenda
2227 1335 2295 1365 fue-

1280 1401 1334 1421 ras
1376 1392 1568 1425 investitus,
1603 1391 1654 1421 vel
1695 1391 1783 1429 quod
1822 1390 1935 1428 alique
1970 1389 2096 1419 ibidem
2127 1388 2296 1427 prebende

1279 1446 1491 1480 vacaverant,
1507 1453 1650 1483 quarum
1670 1442 1804 1473 unatibi
1823 1443 1962 1472 forsitan
1977 1441 2173 1474 debebatur,
2190 1441 2244 1471 vel
2265 1441 2295 1471 si

1279 1497 1385 1536 aliqui
1405 1499 1481 1535 post
1498 1499 1529 1527 te
1551 1498 1644 1526 erant
1660 1496 1785 1526 ibidem
1801 1495 1925 1533 recepti
1946 1494 2070 1533 quibus
2087 1494 2175 1524 idem
2191 1494 2298 1524 cardi-

1279 1551 1368 1580 nalis
1384 1552 1415 1580 te
1430 1550 1469 1580 de
1488 1550 1629 1588 speciali
1654 1549 1811 1579 mandato
1830 1550 1946 1578 nostro
1966 1547 2200 1586 preterendum
2219 1556 2295 1578 esse

1280 1603 1313 1633 in
1326 1603 1494 1642 prebende
1507 1602 1721 1633 assecutione
1737 1602 1898 1637 decrevit,
1910 1601 1975 1630 nisi
1993 1600 2166 1634 haberent,
2184 1609 2225 1630 ex
2242 1600 2297 1631 be-

1279 1657 1398 1687 neficio
1418 1656 1609 1687 litterarum
1621 1656 1712 1686 sedis
1729 1655 1924 1694 apostolice,
1937 1655 2025 1693 quod
2040 1653 2199 1684 deberent
2218 1653 2296 1684 aliis

1279 1710 1450 1745 anteferri,
1478 1712 1577 1748 prout
1598 1709 1631 1739 in
1661 1709 1786 1739 litteris
1804 1708 1966 1738 confectis
1984 1707 2106 1737 exinde
2129 1710 2159 1737 et
2182 1707 2296 1746 sigillo

1279 1763 1359 1794 dieti
1379 1763 1563 1793 cardinalis
1589 1762 1751 1801 sigillatis
1770 1761 1906 1800 plenius
1927 1761 2127 1791 continetur.
2147 1761 2218 1791 Nos
2236 1761 2295 1790 ita-

1279 1826 1354 1856 que,
1375 1817 1443 1847 tuis
1470 1815 1778 1854 supplicationibus
1806 1814 1970 1849 inclinati,
2003 1814 2090 1853 quod
2114 1813 2154 1843 ab
2177 1813 2295 1844 eodem

1278 1870 1441 1900 cardinali
1471 1878 1572 1907 super
1600 1868 1659 1898 hoe¹
1683 1869 1807 1898 sactum
1830 1871 1894 1897 est.
1910 1871 2019 1897 ratum
2038 1870 2068 1897 et
2087 1870 2220 1905 gratum
2239 1867 2294 1897 ha-

1278 1923 1408 1956 bentes,
1430 1923 1513 1952 illud
1542 1922 1740 1952 auctoritate
1768 1921 1954 1959 apostolica
1973 1921 2213 1950 confirmamus
2230 1924 2293 1950 etc.

1280 1985 1387 2014 usque
1406 1975 1668 2005 communimus.

1319 2029 1485 2059 Tenorem
1509 2028 1699 2059 litterarum
1725 2027 1875 2065 ipsarum
1894 2026 2111 2065 presentibus
2130 2027 2169 2057 de
2193 2026 2295 2058 verbo

1279 2082 1319 2112 ad
1337 2081 1476 2112 verbum
1500 2081 1602 2111 inseri
1624 2081 1796 2116 facientes,
1821 2080 1877 2118 qui
1896 2080 1976 2109 talis
1994 2082 2042 2109 est
2063 2090 2069 2108 :

1318 2145 1333 2164 «
1348 2135 1384 2164 ln
1401 2135 1537 2164 nomine
1551 2134 1683 2164 Domini
1696 2142 1803 2163 amen.
1816 2133 2012 2163 Presidente
2031 2133 2173 2162 rationis
2190 2133 2296 2171 impe-

1278 2188 1328 2218 rio
1349 2188 1382 2218 in
1400 2188 1513 2217 animo
1527 2187 1713 2225 judicantis
1731 2189 1792 2216 etc.
1810 2195 1918 2224 usque
1931 2186 2138 2224 judicentur.
2157 2186 2294 2216 Dudum

1279 2241 1447 2280 siquidem
1472 2241 1560 2271 inter
1579 2240 1784 2279 Stephanum
1815 2240 1854 2269 de
1874 2239 2031 2269 Mesnilio
2049 2239 2118 2277 „sici
2133 2238 2295 2277 symonis

1279 2296 1310 2325 et
1325 2295 1500 2333 Hugonem
1517 2294 1556 2324 de
1580 2294 1746 2328 Brixiam,
1765 2293 1945 2323 canonicos
1965 2293 2176 2325 Anicienses,
2193 2300 2295 2330 super

1279 2347 1448 2386 prebenda
1476 2356 1576 2386 quam
1606 2347 1764 2377 dominus
1791 2345 1984 2381 Mauritius,
2005 2345 2198 2384 prepositus
2215 2344 2297 2375 Ani-

1279 2401 1415 2436 ciensis‚
1443 2401 1476 2431 in
1508 2400 1624 2430 eadem
1640 2399 1782 2429 ecclesia
1801 2398 1957 2430 obtinuit.
1979 2401 2009 2428 et
2027 2407 2091 2437 que
2110 2407 2168 2437 per
2185 2398 2295 2437 ipsius

1279 2454 1526 2494 promotionem
1553 2454 1585 2483 in
1615 2453 1826 2491 prepositum
1858 2452 1987 2482 vacavit
2021 2451 2158 2486 ibidem,
2192 2459 2295 2490 quam

1279 2507 1422 2547 quilibet
1441 2516 1557 2537 eorum
1584 2506 1623 2536 ad
1641 2514 1677 2536 se
1695 2507 1846 2544 spectare
1864 2507 1895 2535 et
1920 2505 1960 2534 de
1977 2513 2042 2543 qua
2062 2513 2121 2543 per
2139 2506 2295 2534 executo-

1279 2571 1333 2592 res
1349 2571 1367 2591 a
1399 2561 1478 2591 sede
1507 2559 1693 2598 apostolica
1712 2559 1891 2597 deputatos
1920 2558 1985 2588 sibi
2016 2558 2084 2588 tore
2116 2557 2293 2596 provisum

1279 2613 1445 2647 dicebant,
1478 2615 1550 2643 orta
1581 2614 1587 2632 ¹
1619 2612 1760 2642 materia
1797 2611 2005 2650 questionis,
2050 2611 2290 2641 sanctissimus

1278 2670 1373 2707 pater
1403 2666 1703 2700 11‹·ste1·‚doini1u¹s
1729 2664 1885 2695 t'rlmuus
1903 2673 1986 2703 papa
2009 2664 2083 2695 llll.
2104 2664 2144 2694 ad
2168 2664 2295 2693 instan-

1309 2942 1329 2964 t.
1348 2948 1388 2964 ms
1404 2946 1409 2963 2
1424 2941 1511 2963 oratu.
