2519 3262
1060 262 1311 294 APPENDICE
1336 262 1365 291 11
2215 265 2252 294 35

723 356 847 383 viterbo.
873 356 901 383 13
918 355 1020 382 sevrier
1039 355 1115 381 1262.

273 360 368 391 2837

220 440 363 467 Nonnulla
380 443 463 475 pacta
493 439 587 467 irritat
609 441 637 466 et
653 441 747 466 cassat
771 438 872 473 quibus
892 440 969 465 certa
986 438 1058 464 bona
1077 437 1189 464 Ambia-

186 489 282 516 nensis
297 489 435 516 ecclesiae
464 489 569 524 injuste
595 489 721 515 alienata
746 496 795 514 seu
809 489 843 513 ad
863 495 979 513 censum
1008 487 1074 513 deta
1094 489 1187 513 erant.

185 540 281 571 (Aaou.
299 539 369 564 ΝΑΤ.
386 547 400 564 ι,
414 538 477 570 251,
494 543 524 564 n⁰
542 538 595 572 ll.)

226 641 242 662 ((
260 631 400 661 Urbanus
409 631 577 670 episcopus,
595 640 696 659 servus
709 639 862 659 servorum
874 628 938 664 0015,
949 627 1059 657 dilcclo
1069 627 1133 667 silio
1153 651 1158 656 .
1180 649 1188 656 .

182 685 336 724 preposito
352 683 472 713 ecclesie
491 683 713 719 Ambianemis,
734 681 860 712 salutem
888 686 914 711 ct
932 681 1126 721 apostolicam
1141 681 1189 710 be—

184 737 394 767 nedictionem.
415 738 467 768 Ad
488 739 639 767 nostram
660 736 794 767 noveris
813 752 862 764 —.
888 735 1012 764 Datum
1037 733 1188 770 Viterhii,

185 791 267 821 idus
287 790 461 827 februarii,
481 790 695 828 pontificatus
711 788 817 818 nostri
834 796 919 817 anno
935 787 1054 825 primo.
1074 797 1088 815 n
1104 788 1109 806 ¹

720 941 847 968 viterbo.
867 942 900 967 ;.1)
922 940 1024 966 [111-1101
1042 940 1120 966 12112.

275 946 372 976 2888

219 1028 364 1056 Ministros
394 1031 421 1054 ct
441 1028 546 1054 fratres
570 1026 679 1054 ordinis
706 1035 728 1053 s.
748 1025 896 1052 Trinitatis
920 1027 948 1051 et
965 1025 1148 1059 Captivorum
1177 1032 1193 1050 a

186 1078 412 1112 quibuscumque
435 1075 575 1110 pedagiis,
598 1075 722 1109 vinagiis
745 1074 904 1108 ceterisque
934 1072 1129 1100 exactionibus
1158 1073 1192 1098 de

185 1126 371 1157 animalibus,
389 1125 484 1157 blado,
507 1124 585 1157 vino,
604 1125 663 1151 sale
679 1123 781 1158 etJaliis
798 1123 872 1157 exigi
889 1122 981 1149 solitis
1000 1122 1111 1157 penitus
1125 1121 1193 1148 libe-

187 1184 232 1202 ros
246 1183 309 1202 esse
326 1174 463 1202 decernit.
481 1174 580 1208 (Aaou.
598 1173 670 1199 NAT.
691 1181 705 1199 1,
721 1173 783 1204 252,
802 1178 831 1198 n⁰
850 1173 902 1204 13.)

227 1276 242 1295 ((
263 1265 403 1295 Urbanus
420 1266 590 1305 episcopus,
608 1273 710 1294 servus
731 1273 883 1293 servorum
903 1263 968 1299 Dei,
986 1261 1105 1291 dilectis
1119 1261 1195 1301 siliis

186 1319 335 1348 universis
366 1318 514 1348 ministris
542 1323 571 1347 et
596 1317 749 1356 fratribus
780 1316 895 1345 ordinis
922 1326 945 1344 s.
983 1315 1142 1344 Trinitatis
1167 1319 1194 1344 et

188 1370 387 1411 Captivorum
417 1371 545 1401 salutem
567 1376 594 1400 ec
616 1370 811 1411 aposcolicam
836 1369 1078 1398 benedictionem.
1103 1367 1194 1398 Solet

185 1433 332 1456 annuere
357 1425 455 1455 sedes
472 1442 522 1455 —.
548 1424 747 1462 Eapropter‚
768 1423 882 1453 dilecti
900 1422 935 1452 111
951 1423 1096 1452 Domino
1119 1421 1193 1456 filii,

185 1478 308 1509 vestris
330 1478 433 1517 justis
457 1477 745 1516 postulationibus
767 1478 860 1515 grato
889 1476 1125 1506 concurrentes
1143 1482 1195 1504 as·

186 1541 300 1566 sensu,
325 1533 361 1562 ut
383 1531 423 1562 de
446 1530 662 1566 animalibus,
695 1529 806 1564 blado,
834 1529 923 1564 vino,
955 1528 1024 1558 sale
1055 1537 1091 1558 ac
1119 1527 1195 1557 aliis
1224 1538 1226 1547 1

187 1594 251 1625 que
266 1585 472 1624 aliquotiens
489 1593 599 1614 emere
613 1593 672 1623 pro
691 1583 810 1613 restris
826 1582 1031 1612 utilitatibus
1045 1590 1105 1611 vos
1120 1589 1195 1611 con-

186 1638 312 1678 tigerit,
326 1638 420 1668 nulla
436 1637 588 1676 pedagia,
608 1637 766 1675 winagia,
786 1636 936 1672 rotatica,
957 1637 1120 1670 traversa,
1143 1642 1197 1673 pe-

188 1692 292 1731 sagia,
304 1691 452 1730 minagia
463 1692 495 1722 et
505 1690 634 1729 foragia
643 1699 706 1729 que
722 1698 782 1728 pro
795 1689 862 1718 hiis
875 1697 893 1718 a
907 1688 1117 1718 secularibus
1127 1687 1195 1717 exi-

187 1746 322 1785 guntur,
347 1744 479 1775 solvere
501 1744 642 1774 minime
664 1742 848 1773 teneamini
876 1742 1073 1772 auctoritate
1100 1740 1196 1770 vobis

186 1798 397 1838 presentium
412 1797 639 1836 indulgemus.
656 1796 751 1827 Nulli
765 1804 842 1833 ergo
857 1812 895 1817 —
912 1795 947 1825 Si
965 1795 1042 1833 quis
1058 1812 1107 1823 —.
1130 1794 1197 1824 Da-

187 1854 260 1882 tum
274 1850 431 1887 Viterbii,
464 1859 487 1880 x
513 1849 675 1880 kalendas
703 1849 832 1882 marcii,
854 1848 1069 1887 pontificatus
1088 1846 1196 1877 nostri

189 1914 275 1935 anno
296 1904 417 1943 primo.
440 1914 454 1932 1)

279 2052 376 2082 2389

731 2049 856 2081 Orvieio,
872 2051 904 2075 27
922 2048 1026 2075 sevi-ier
1047 2049 1124 2075 1262.

228 2135 319 2162 Priori
337 2144 360 2162 s.
374 2135 504 2170 Maglorii
514 2135 685 2162 Parisiensis
698 2135 814 2161 mandat
824 2135 898 2161 utad
909 2134 1112 2168 proprietatem
1123 2133 1198 2168 prio-

188 2187 267 2211 ratus
294 2193 316 2211 s.
335 2184 448 2211 Martini
473 2185 507 2211 de
537 2184 652 2218 Campis
670 2183 840 2210 Parisiensis
870 2186 982 2210 revocet
1010 2184 1082 2210 bona
1100 2183 1197 2209 illicite

184 2233 323 2260 alienata.
344 2234 440 2261 (Aaou.
458 2233 531 2260 Nu.
551 2241 565 2259 1,
580 2233 642 2263 2:34,
660 2238 691 2258 n⁰
708 2233 764 2266 l-i.)

232 2337 246 2356 <‹
267 2327 405 2357 Urbanus
416 2327 582 2366 episcopus,
600 2336 702 2355 servus
716 2335 870 2355 serrorum
886 2325 951 2362 Det,
968 2324 1075 2355 dilecto
1087 2325 1151 2365 silio
1169 2348 1176 2354 .
1191 2349 1197 2354 .

188 2380 289 2420 priori
302 2380 401 2409 sancti
416 2379 561 2419 Maylorii
586 2379 780 2415 Parisiensz's,
798 2379 924 2408 salutem
946 2383 972 2408 et
1003 2378 1199 2419 apostolicam

193 2432 440 2463 benedictionem.
458 2433 511 2464 Ad
527 2433 733 2462 audientiam
760 2434 911 2462 nostram
935 2433 1070 2462 noveris
1086 2441 1200 2471 perve-

192 2486 284 2516 nisse
301 2486 390 2525 quod
405 2488 474 2516 tam
493 2485 607 2516 dilecti
624 2485 699 2522 filii,
718 2485 811 2524 prior
827 2486 859 2515 et
875 2487 1059 2515 conventus
1074 2485 1201 2524 priora-

193 2541 247 2570 tus
260 2539 367 2569 sancti
379 2538 516 2569 Martini
528 2538 568 2568 de
579 2538 716 2576 Campis
730 2538 948 2574 Parisiensis,
966 2538 1201 2569 Cluniacensis

194 2592 336 2626 ordinis,
368 2600 469 2630 quam
497 2591 754 2630 predecessores
783 2600 899 2621 eorum
933 2591 1093 2628 decimas,
1127 2592 1201 2622 red-

194 2646 297 2682 ditus,
343 2646 464 2679 terras,
508 2645 638 2680 domos,
668 2643 797 2680 vineas,
830 2645 1078 2682 possessiones,
1112 2645 1200 2684 jura,

191 2698 446 2738 jurisdictiones
464 2699 496 2728 et
518 2697 662 2736 quedam
688 2696 757 2727 alia
773 2696 860 2726 bona
882 2697 923 2727 ad
941 2697 1054 2736 ipsum
1077 2698 1204 2736 priora-

194 2753 267 2782 tum
288 2751 486 2790 spectantia,
510 2750 598 2780 datis
622 2758 723 2788 super
741 2749 802 2780 hoc
821 2750 946 2780 litteris
970 2753 1000 2781 et
1025 2751 1203 2789 interposi-

194 2805 241 2835 tis
265 2804 480 2844 juramentis,
506 2803 603 2833 factis
624 2803 934 2833 renuntiationibus
957 2812 1085 2834 necnon
1109 2804 1204 2842 penis

192 2858 348 2898 adjectis,
369 2857 543 2888 nonnullis
561 2856 692 2887 clericis
708 2858 740 2886 et
758 2856 868 2891 laicis
892 2856 1063 2896 aliquibus
1088 2865 1203 2887 eorum

231 2967 251 2990 l.
266 2964 347 2989 Bulle
365 2964 479 2988 retenue
496 2969 547 2992 par
561 2968 599 2985 un
616 2960 719 2984 cordon
734 2960 766 2983 de
783 2959 919 2983 ehanvre.

1247 353 1287 383 ad
1306 353 1420 385 vitam,
1440 351 1641 390 quibusdam
1661 360 1738 382 vero
1762 353 1802 382 ad
1826 361 1891 382 non
1916 352 2083 382 modicum
2103 354 2249 391 tenipus,

1246 408 1278 436 et
1296 406 1373 436 aliiS
1391 407 1563 443 perpetuo,
1581 405 1621 434 ad
1638 404 1768 434 firmam
1785 405 1835 435 vel
1851 405 1914 435 sub
1931 414 2033 436 censu
2050 414 2160 435 annuo
2177 415 2249 435 con-

1246 459 1429 494 cesserunt,
1462 458 1494 487 in
1531 458 1638 496 ipsius
1668 458 1837 496 prioratus
1872 459 2036 488 lesionem
2064 466 2251 494 enormem,

1246 520 1388 551 quorum
1413 511 1518 549 aliqui
1545 519 1647 549 super
1677 511 1742 540 hiis
1766 511 1896 541 litteras
1925 511 2189 542 confirmationis
2218 512 2252 541 in

1246 565 1353 594 forma
1373 564 1542 594 communi
1563 572 1581 593 a
1605 564 1683 594 sede
1706 564 1892 602 apostolica
1915 565 2115 603 impetrasse
2139 565 2253 595 dirun-

1246 620 1311 648 tur.
1331 618 1400 647 Nos
1432 617 1545 655 igitur,
1571 616 1720 646 volentes
1746 625 1848 655 super
1867 617 1928 647 hoc
1952 618 2060 647 eidem
2088 617 2253 655 prioratui

1246 674 1387 709 paterna
1416 670 1643 700 sollicitudine
1671 670 1857 708 providere,
1887 670 2080 700 discretioni
2113 673 2168 701 tue
2196 679 2254 709 per

1248 723 1432 762 apostolica
1451 723 1575 761 scripta
1594 723 1794 753 mandamus
1818 723 1977 761 quatinus
1996 732 2034 753 ea
2054 733 2117 762 que
2134 724 2173 753 de
2199 723 2255 753 bo-

1249 777 1301 806 nis
1327 776 1477 814 ejusdem
1512 776 1682 813 prioratus
1710 784 1769 814 per
1799 776 2034 806 concessiones
2061 776 2255 814 huJusmodi

1249 830 1394 859 alienata
1412 828 1581 858 inveneris
1604 828 1721 858 illicite
1750 828 1802 858 vel
1820 828 1992 862 distracta.
2011 837 2076 858 non
2094 829 2256 859 obstanti-

1249 883 1312 912 bus
1335 882 1471 917 litteris,
1498 881 1711 920 juramentis,
1744 881 2064 917 renuntiationibus,
2096 882 2193 920 penis
2224 883 2257 912 et

1249 934 1562 966 confirmationibus
1585 935 1800 973 supradictis,
1819 935 1859 964 ad
1879 935 1935 973 jus
1962 937 1992 965 et
2015 935 2256 974 proprietatem

1249 989 1419 1027 prioratus
1440 988 1590 1027 ejusdem
1610 988 1746 1018 studeas
1769 987 1919 1027 legitime
1942 996 2111 1023 revocare,
2129 990 2258 1017 contra-

1250 1043 1396 1072 dictores
1427 1050 1486 1080 per
1515 1049 1692 1071 censuram
1722 1040 1999 1077 ecclesiasticam,
2030 1041 2257 1080 appellatione

1251 1095 1450 1134 postposita,
1484 1094 1739 1132 compescendo.
1769 1094 1889 1124 Testes
1915 1096 2025 1124 autem
2051 1094 2109 1132 qui
2133 1093 2258 1124 suerint

1251 1148 1427 1183 nominati,
1448 1147 1477 1177 si
1499 1155 1536 1177 se
1561 1147 1679 1185 gratia,
1704 1147 1779 1177 odio
1803 1147 1856 1177 vel
1873 1147 1994 1177 timore
2013 1146 2257 1184 subtraxerint,

1251 1210 1393 1231 censura
1411 1200 1529 1236 simili,
1545 1200 1771 1239 appellatione
1787 1202 1952 1236 cessante,
1969 1199 2154 1239 compellas
2173 1200 2258 1230 veri-

1250 1255 1312 1285 tati
1331 1254 1563 1284 testimonium
1579 1253 1766 1292 perhibere.
1784 1254 1908 1284 Datum
1919 1252 2076 1289 Viterbii‚
2090 1263 2125 1283 111
2144 1253 2259 1284 kalen—

1252 1308 1312 1338 das
1333 1307 1458 1341 martii,
1475 1306 1690 1346 pontificatus
1707 1306 1815 1337 nostri
1834 1315 1920 1336 anno
1938 1307 2059 1345 primo.
2080 1317 2094 1336 »

1342 1451 1440 1481 2890
1834 1448 1948 1474 viterbo
1967 1447 1996 1473 11
2013 1454 2090 1474 mars
2107 1447 2186 1474 1202.

1288 1533 1459 1560 MonasteriO
1475 1542 1497 1560 s.
1516 1533 1649 1560 normani
1674 1534 1707 1560 de
1736 1533 1828 1559 Pratis
1854 1532 2025 1559 Parisiensis
2052 1531 2211 1566 privilegia,
2229 1531 2261 1557 li-

1253 1582 1377 1609 bertates
1396 1584 1422 1608 ct
1438 1582 1641 1609 immunitates
1659 1581 1821 1608 confirmat.
1839 1582 1933 1615 (Aaou.
1955 1581 2027 1608 Nn.
2043 1589 2057 1607 L
2074 1581 2137 1612 252,
2155 1586 2184 1606 11⁰
2205 1581 2260 1611 15.)

1293 1681 1310 1702 ((
1345 1670 1483 1701 Urbanus
1517 1671 1686 1710 episcopas,
1717 1681 1818 1700 sci-vus
1852 1680 2006 1699 sei-uorum
2047 1669 2112 1705 Dei,
2146 1668 2263 1698 dilectis

1252 1724 1328 1763 filiis
1347 1748 1352 1753 .

1255 1778 1292 1806 lis
1303 1778 1495 1814 Parisiensis,
1522 1777 1562 1806 ad
1576 1777 1745 1806 Romanam
1761 1777 1916 1807 ecclesiam
1944 1775 2028 1805 nullo
2048 1775 2144 1805 medio
2165 1775 2262 1815 perti-

1377 1749 1382 1754 .
1402 1724 1505 1753 abbaci
1522 1729 1548 1754 el
1566 1725 1726 1754 conventui
1742 1724 1917 1754 monasterii
1933 1733 1956 1752 s.
1973 1722 2115 1753 Germani
2131 1722 2166 1751 tle
2182 1723 2263 1751 Pra-

1255 1831 1364 1864 nentis,
1394 1830 1511 1860 ordinis
1536 1841 1560 1859 s.
1589 1830 1760 1866 Benedicti,
1788 1829 1915 1860 salutem
1936 1834 1963 1859 et
1991 1828 2187 1869 apostolicam
2217 1829 2262 1857 be-

1254 1883 1465 1913 nedictionem.
1491 1884 1575 1914 Cum
1608 1892 1625 1913 a
1657 1883 1756 1914 nobis
1785 1901 1834 1912 —-.
1862 1883 2058 1921 Eapropter,
2090 1881 2202 1912 dilecti
2229 1882 2264 1911 111

1254 1937 1399 1967 Domino
1419 1937 1492 1972 tilii,
1512 1937 1636 1967 vestris
1653 1937 1756 1975 justis
1774 1935 2061 1975 postulationibus
2076 1937 2169 1972 grato
2186 1943 2263 1965 con-

1254 1992 1428 2020 currentes
1451 1998 1604 2024 assensu,
1625 1998 1743 2020 omnes
1760 1989 1936 2020 libertates
1960 1989 1992 2019 et
2020 1988 2262 2024 immunitates,

1227 2049 1229 2060 ¹
1254 2043 1381 2082 gratias
1401 2046 1432 2073 et
1450 2043 1692 2081 indulgentias,
1707 2052 1725 2072 a
1742 2041 2041 2082 predecessoribus
2058 2041 2184 2071 nostris
2199 2042 2265 2072 Ro-

1255 2097 1365 2126 manis
1386 2096 1603 2135 pontificibus
1621 2096 1827 2126 monasterio
1844 2097 1957 2126 vestro
1974 2103 2164 2131 concessas,
2189 2103 2264 2124 nec-

1255 2159 1322 2180 non
1336 2150 1510 2180 libertates
1527 2152 1559 2180 et
1576 2150 1809 2188 exemptiones
1829 2148 2034 2179 secularium
2050 2148 2264 2178 exactionum

1256 2213 1274 2234 a
1290 2203 1438 2243 regibus,
1456 2203 1668 2241 principibus
1686 2204 1718 2233 et
1740 2202 1818 2232 aliis
1834 2201 1993 2232 fidelibus
2016 2200 2264 2231 rationabiliter

1255 2256 1352 2287 vobis
1367 2256 1529 2291 indultas,
1544 2258 1653 2286 terras
1671 2264 1816 2294 quoque,
1834 2255 2083 2294 possessiones,
2102 2254 2261 2290 decimas,

1257 2310 1407 2340 redditus
1422 2311 1454 2340 et
1471 2309 1537 2339 alia
1557 2309 1642 2339 bona
1663 2310 1787 2342 vestra,
1809 2309 1896 2338 sicut
1922 2317 1961 2338 ea
1983 2307 2096 2338 omnia
2112 2308 2204 2345 juste
2228 2316 2265 2337 ac

1257 2363 1394 2402 pacifice
1413 2362 1609 2401 possidetis,
1634 2361 1731 2392 vobis
1753 2364 1784 2392 et
1803 2370 1861 2400 per
1877 2369 1937 2391 vos
1962 2361 2071 2391 eidem
2097 2362 2266 2391 monaste·

1258 2416 1307 2446 rio
1332 2416 1530 2446 auctoritate
1561 2415 1747 2454 apostolica
1772 2415 2012 2445 confirmamus
2040 2415 2072 2443 et
2097 2413 2266 2452 presentis

1259 2469 1375 2508 scripti
1393 2469 1579 2507 patrocinio
1595 2468 1855 2503 communimus,
1876 2467 1971 2497 salva
1984 2467 2019 2496 in
2033 2466 2195 2505 predictis
2212 2466 2265 2496 de-

1259 2523 1357 2553 cimis
1380 2522 1609 2552 moderatione
1634 2521 1768 2551 concilii
1789 2520 1969 2560 generalis.
1994 2519 2090 2550 Nulli
2117 2528 2194 2558 ergo
2216 2537 2264 2549 —.

1259 2576 1294 2607 Si
1312 2575 1389 2614 quis
1405 2577 1515 2605 autem
1530 2592 1578 2603 ——.
1598 2575 1721 2604 Datum
1738 2573 1896 2610 Viterbii,
1911 2583 1931 2603 v
1947 2573 2024 2603 idus
2043 2573 2168 2606 martii,
2187 2581 2266 2611 pon-

1259 2629 1406 2659 tificatus
1421 2628 1527 2658 nostri
1545 2636 1631 2657 anno
1647 2627 1766 2666 primo.
1787 2635 1804 2656 ›)

1349 2775 1443 2805 2891

1832 2771 1957 2802 viterbe,
1978 2772 2005 2798 ll
2022 2779 2100 2797 mars
2119 2772 2194 2799 1202.

1296 2855 1394 2882 Ordiui
1424 2855 1702 2882 l’racmonstratcnsi
1730 2855 1875 2890 regulares
1905 2855 2112 2887 institutiones,
2133 2856 2167 2882 de
2188 2865 2267 2883 vom·

1263 2905 1342 2932 muni
1354 2905 1483 2932 omnium
1498 2913 1636 2932 consensu
1651 2904 1754 2935 editas,
1768 2905 1929 2932 coufirmat.
1944 2906 2041 2939 (Aaou.
2059 2912 2094 2931 ni:
2107 2913 2140 2931 LA
2156 2905 2268 2932 11111113-

1264 2956 1371 2988 Smxe,
1384 2963 1400 2980 11
1415 2954 1490 2988 719.)
