2519 3262
1009 164 1248 202 TROISIEME
1276 164 1439 201 ANNEE.
2207 179 2259 207 :³31

227 269 241 288 «
263 258 406 298 Maqislro
426 257 621 291 Theoderico,
639 258 784 287 canonico
800 256 921 286 ecclesie
937 255 1096 285 Neusensis
1110 260 1198 284 etrtra

186 322 288 342 muros
329 311 574 347 Warmaeienses,
608 311 715 340 clerico
751 308 929 339 venerabilis
962 309 1072 346 sralrt's
1102 308 1198 337 nostri

187 365 323 405 episcopi
350 364 594 394 Warmociensz's.
613 364 694 394 Illos
713 364 825 393 favore
844 361 985 400 speciali
1003 379 1052 390 —.
1073 361 1197 391 Datum

189 418 277 457 apud
288 417 577 453 Urbemveterem,
591 427 612 447 11
625 417 787 447 kalendas
797 414 943 454 august1‚
958 422 1043 443 anno
1055 413 1165 443 tertio.
1183 422 1198 441 i)

770 602 896 634 Orxvietti,
911 603 927 628 2
938 600 1030 636 juillet
1050 600 1126 627 1204.

279 608 376 639 2059

223 691 363 717 Abbatein
376 688 546 715 monasterii
565 689 590 714 h.
603 687 708 714 Mariae
716 687 749 713 de
763 685 852 716 Cella,
869 684 1046 711 l'ictavensis
1062 682 1196 715 diocesis,

187 741 419 766 conservatorem
436 739 553 771 deputat
571 735 713 771 privilegii
726 743 780 769 quo
798 733 923 768 capitulo
939 731 1153 767 Engolismensi
1166 731 1198 758 11-

188 790 253 815 bera
270 787 435 814 conceditur
453 786 554 813 electio
569 785 680 812 decani.
700 785 778 818 (Rea.
797 784 840 814 29,
862 782 910 809 t'ol.
929 782 980 809 214
997 788 1036 811 νυ,
1056 786 1086 807 n⁰
1106 781 1198 813 1109.)

228 910 242 930 «
264 923 270 929 .
287 923 292 928 .
309 899 413 929 abbati
429 897 603 927 monasterii
621 897 704 928 beate
724 894 821 924 Mario
841 894 877 924 de
893 893 990 927 Cella,
1007 892 1198 922 Pictavensis

188 953 323 983 diocesis.
351 951 471 983 Oblata
496 951 503 969 ¹
527 958 641 980 coram
669 948 768 979 nobis
797 957 838 978 ex
869 949 963 986 parte
996 947 1198 977 dilectorum

187 1007 336 1037 filiorum
371 1004 509 1043 capituli
542 1001 814 1041 Engolismensis
846 1001 966 1040 petitio
1006 999 1199 1030 continebat

187 1059 277 1098 quod
290 1061 359 1089 tam
372 1057 481 1088 felicis
497 1055 742 1087 recordationis
758 1055 952 1085 Alexander
967 1062 1065 1092 papa,
1080 1053 1199 1092 prede-

187 1121 302 1143 cessor
333 1113 458 1147 noster,
489 1118 589 1149 quam
618 1117 680 1139 nos
706 1117 808 1147 super
826 1107 1020 1146 provisione
1047 1106 1200 1137 facienda

187 1165 288 1195 certis
309 1163 465 1203 personis
491 1163 531 1193 de
560 1163 712 1201 prioratu
735 1161 788 1191 vel
805 1161 967 1200 dignitate
995 1161 1029 1190 in
1057 1160 1200 1190 ecclesia

186 1217 450 1256 Engolismensi‚
468 1217 503 1246 in
518 1225 584 1255 qua
607 1216 672 1246 duo
690 1216 806 1245 nostra
822 1217 854 1244 et
871 1215 936 1244 duo
958 1213 1109 1252 ejusdem
1127 1221 1199 1252 pre-

188 1270 377 1301 decessoris
395 1268 688 1303 auctoritatestsub
704 1268 938 1306 expectatione
951 1266 1200 1305 prebendarum

187 1326 436 1358 vacaturarum,
455 1323 491 1353 in
513 1323 636 1352 fratres
651 1324 683 1352 et
708 1321 886 1351 canonicos
905 1320 1137 1358 suntrecepti,
1159 1320 1200 1350 ad

188 1380 299 1408 certos
315 1379 511 1407 executores
529 1375 718 1405 direximus
742 1375 870 1412 scripta
887 1376 1015 1403 nostra.
1038 1374 1122 1403 Cum
1141 1382 1196 1403 au-

187 1433 257 1461 tem
281 1430 401 1460 electio
422 1429 539 1459 decani
566 1428 717 1466 ejusdem
738 1427 879 1457 ecclesie
899 1427 941 1456 ad
968 1427 1096 1456 dictum
1112 1426 1199 1464 capi-

188 1483 310 1519 tulum,
325 1484 361 1512 ut
377 1483 546 1517 asserunt,
563 1481 730 1519 pertineat
742 1481 773 1510 et
786 1479 918 1510 nullum
931 1480 987 1518 jus
1003 1478 1147 1509 habeant
1166 1479 1199 1508 in

190 1536 369 1567 collatione
385 1535 528 1565 aliorum
549 1534 761 1572 prioratuum
772 1533 825 1563 vel
836 1533 1040 1571 dignitatum
1057 1532 1198 1562 ecclesie

189 1589 382 1628 supradicte
412 1597 448 1618 ac
476 1587 625 1626 predicte
652 1586 793 1616 ecclesie
823 1587 981 1616 noscatur
1012 1585 1199 1624 plurimun]

188 1642 349 1681 expedire
370 1644 406 1671 ut
436 1649 580 1679 persona
596 1640 739 1678 ydonea.
772 1648 836 1678 que
866 1639 901 1668 in
932 1638 1141 1668 sacerdotem
1165 1647 1200 1668 se

191 1695 382 1734 promoveri
402 1697 433 1724 et
449 1693 668 1724 residentiam
688 1692 883 1722 continuam
907 1692 1007 1721 faciat
1033 1692 1066 1721 in
1083 1692 1199 1722 eadem

188 1758 226 1779 ac
255 1757 370 1779 curam
391 1750 483 1787 gerat
502 1746 654 1785 capituli,
674 1748 709 1776 ut
732 1748 877 1780 tenetur,
894 1746 927 1775 iu
945 1745 1108 1775 decanum
1128 1754 1201 1783 pre-

191 1802 322 1832 ticiatur
339 1801 459 1836 eidem,
477 1801 604 1830 dictum
617 1799 802 1838 capitulum
819 1798 917 1828 nobis
933 1798 1108 1828 humiliter
1125 1806 1200 1836 sup-

190 1856 359 1894 plicarunt
375 1856 411 1884 ut
427 1863 529 1892 super
543 1853 604 1883 hoc
621 1853 799 1891 providere
814 1854 953 1891 paterna
971 1852 1201 1881 sollicitudine

190 1916 398 1939 curaremus.
424 1908 495 1937 Nos
514 1907 638 1945 itaque,
661 1906 843 1936 eorundem
865 1905 1004 1944 capituli
1032 1905 1201 1943 supplica—

191 1961 341 1992 tionibus
369 1960 535 1994 inclinati,
564 1960 613 1989 eis
641 1968 700 1997 per
728 1961 862 1989 nostras
886 1959 1048 1988 duximus
1069 1958 1202 1988 litteras

191 2015 435 2053 indulgendum
452 2015 488 2043 ut
506 2022 566 2051 per
584 2012 716 2051 aliquas
735 2012 867 2042 litteras
884 2021 901 2041 a
920 2011 998 2041 sede
1016 2011 1203 2050 apostolica

191 2069 402 2107 impetratas,
433 2066 495 2096 sub
528 2074 727 2105 quacunque
756 2065 865 2095 forma
894 2064 947 2094 vel
982 2065 1203 2103 expressione

192 2121 385 2157 verborum,
415 2120 517 2150 etiam
535 2120 564 2149 si
586 2128 645 2158 per
663 2127 719 2148 eas
747 2118 790 2148 sit
811 2118 852 2148 ad
874 2117 1111 2148 inhibitionem
1132 2118 1203 2148 sive

192 2174 457 2205 reservationem
483 2176 540 2202 aut
574 2173 745 2203 decretum
774 2180 984 2210 processum,
1022 2171 1075 2201 vel
1102 2172 1203 2201 etiam

191 2227 436 2267 impetrandas,
450 2235 514 2265 que
532 2226 571 2256 de
588 2225 720 2256 indulto
735 2225 931 2264 hujusmodi
948 2225 1084 2263 plenam
1099 2227 1130 2255 et
1149 2233 1205 2255 ex-

191 2289 347 2320 pressam
379 2288 445 2310 non
472 2280 611 2310 fecerint
640 2279 860 2314 mentionem,
892 2278 982 2308 idem
1010 2278 1204 2314 decanatus,

192 2343 268 2364 cum
286 2333 466 2368 vacaverit,
495 2332 603 2363 cuivis
620 2340 762 2370 persone
788 2332 933 2362 conferri
952 2340 1018 2361 non
1035 2332 1156 2370 possit,
1174 2333 1206 2362 et

193 2387 322 2417 eisdem
340 2386 487 2425 capitulo
507 2394 609 2424 super
626 2385 789 2415 electione
808 2385 925 2415 decani
946 2385 1077 2415 nullum
1095 2385 1205 2415 valeat

193 2439 347 2479 generari
372 2439 598 2478 preJudicium
615 2438 668 2468 vel
687 2437 900 2468 obstaculum
925 2438 1105 2477 interponi,
1125 2447 1206 2477 quo-

195 2493 309 2523 minus
336 2492 403 2530 ipsi
431 2492 472 2521 ad
499 2491 699 2521 decanatum
725 2491 850 2529 ipsum,
870 2500 945 2521 cum
964 2491 1062 2521 illum
1087 2500 1205 2521 vacare

195 2546 386 2585 contigerit,
415 2547 514 2583 prout
531 2545 574 2574 ad
590 2553 648 2575 eos
675 2544 834 2583 pertinet,
865 2544 998 2583 possint
1025 2553 1206 2584 personam

197 2599 364 2638 ydoneam
393 2598 517 2637 eligere
546 2597 581 2627 in
612 2597 788 2628 decanum.
816 2597 980 2633 Quocirca
1006 2598 1206 2628 mandamus

197 2650 359 2689 quatinus
395 2649 563 2688 predictos
599 2649 785 2688 capitulum
821 2651 937 2680 contra
977 2650 1206 2680 concessionis

198 2705 310 2734 nostre
340 2705 491 2733 tenorem
510 2711 576 2733 non
599 2702 777 2741 permittas
803 2711 904 2741 super
929 2703 996 2733 hiis
1025 2703 1066 2733 ab
1091 2703 1206 2742 aliquo

230 2825 252 2846 l.
270 2823 312 2846 En
328 2828 424 2852 mai-ge
438 2829 442 2845 :
457 2831 466 2843 «
485 2822 522 2845 De
537 2821 581 2845 hoc
596 2821 852 2846 contineturscilieec
870 2821 896 2845 in
912 2821 1035 2853 capitulo.
1055 2831 1064 2844 1>
1083 2823 1125 2847 Cf.
1143 2823 1208 2854 plus

199 2868 279 2895 haut,
297 2872 326 2890 n⁰
342 2867 410 2893 1941.
430 2873 454 2897 p.
471 2866 526 2889 306.

1255 254 1404 285 indebite
1432 254 1617 284 molestari.
1645 255 1882 286 Molestatores
1915 258 1975 286 etc.
2008 258 2080 287 Nou
2110 259 2263 290 obstante

1255 325 1303 336 —.
1330 308 1454 337 Datum
1474 307 1561 346 apud
1580 307 1868 344 Urhemveterem,
1888 319 1918 338 v1
1939 319 2044 340 nonas
2069 311 2157 348 julii,
2178 321 2263 343 anuo

1254 360 1366 390 tertio.
1386 370 1400 388 1)

1345 523 1443 553 2060

1816 523 1940 553 Orvieto,
1959 523 2093 556 14juillet
2114 524 2188 551 1294.

1289 605 1481 639 Quadraginta
1510 605 1570 631 dics
1593 606 1626 632 de
1656 606 1783 640 injuncta
1810 606 1977 640 poenitentia
2001 607 2107 633 relaxat
2131 608 2264 634 ommbas

1253 654 1300 688 qui
1315 655 1350 680 ad
1365 654 1519 680 ecclesiam
1536 654 1756 688 Legionmsem,
1770 655 1798 681 in
1814 654 1952 682 honorem
1971 656 1998 682 b.
2017 656 2121 682 Mariae
2140 657 2265 689 Virginis

1253 702 1389 734 dicatam,
1422 703 1449 729 in
1483 702 1686 729 festivitatibus
1720 703 1828 729 Natalis
1859 704 1984 730 Domini.
2020 705 2205 739 Epiphaniae.
2238 706 2263 732 in

1254 751 1402 778 Dominica
1422 751 1599 777 Palinurum.
1628 759 1737 778 necnon
1761 751 1788 778 in
1813 752 2016 779 festivitatibus
2038 754 2264 780 Resurrectionis

1253 799 1414 826 dominicae
1432 803 1459 826 et.
1476 800 1670 830 Ascensionis‚
1694 800 1889 832 Pentecostes,
1907 809 1930 827 s.
1947 801 2084 828 Johannis
2107 802 2262 836 Baptistae,

1254 857 1293 875 ss.
1319 848 1521 882 Apostolorum
1538 848 1614 875 Petri
1635 852 1661 875 et
1681 849 1770 881 Pauli,
1792 849 1927 875 Omnium
1948 851 2131 883 Sanctorum,
2148 851 2265 878 Dedica-

1254 897 1339 924 tionis
1360 897 1449 931 ipsius
1464 897 1649 932 Legionensis
1663 897 1801 925 ccclesiae
1817 907 1848 924 ac
1861 898 2001 932 gloriosae
2019 899 2143 934 VIrginis
2161 900 2265 927 solem-

1254 946 1392 973 nitatibus
1408 954 1437 972 se
1455 946 1614 973 conferent.
1636 947 1713 981 (linc.
1730 947 1775 977 29,
1793 946 1839 973 sol.
1857 947 1910 974 214
1927 953 1968 978 νυ,
1983 953 2014 973 n⁰
2032 948 2124 981 lllO.)

1296 1062 1311 1080 ((
1329 1051 1488 1092 Episcopo
1511 1056 1538 1081 et
1559 1051 1676 1081 dilectis
1690 1051 1764 1089 filiis
1782 1077 1788 1082 .
1807 1078 1812 1082 .
1829 1052 1941 1082 decano
1957 1059 1985 1082 et
2004 1053 2140 1093 capitulo
2163 1054 2267 1093 Legio-

1256 1104 1407 1134 nensibus.
1425 1105 1518 1135 Licet
1535 1105 1564 1134 is
1576 1105 1616 1135 de
1630 1123 1678 1134 —.
1696 1106 1819 1135 Datum
1831 1106 1920 1144 apud
1935 1106 2223 1138 Urbemveterem.
2244 1118 2266 1136 11

1256 1152 1333 1188 idus
1345 1158 1434 1196 julii,
1456 1167 1542 1188 anno
1559 1158 1669 1188 tertio.
1690 1169 1704 1187 >›

1347 1326 1420 1357 206
1427 1327 1442 1357 1

1831 1325 1954 1355 Orvieto,
1976 1327 1990 1351 7
2003 1325 2098 1360 juillet
2116 1326 2193 1352 1201.

1291 1407 1427 1442 Magistro
1459 1408 1542 1434 Petro
1571 1409 1709 1442 Capezon,
1734 1409 1872 1435 canonico
1898 1409 2058 1436 Palenlino.
2090 1409 2208 1435 mandat
2239 1412 2269 1435 ut

1256 1456 1421 1483 Pascasium
1440 1457 1527 1487 Petri,
1551 1456 1762 1483 thesaurarium
1781 1457 1919 1483 eeclesiae
1937 1458 2110 1488 Cauriensis,
2134 1460 2266 1491 nepotem

1258 1505 1364 1532 Sanctii
1383 1505 1471 1538 Petri,
1498 1505 1645 1539 scriptoris
1668 1506 1743 1540 regis
1767 1506 1906 1533 Castellae
1930 1515 1962 1533 ac
1982 1506 2126 1540 Legionis,
2153 1507 2268 1533 obtentu

1257 1554 1385 1589 ejusdem
1411 1555 1496 1588 regis.
1518 1554 1545 1580 in
1563 1555 1683 1581 ecclesia
1708 1555 1856 1589 Burgensi.
1880 1563 1935 1581 non
1952 1555 2083 1582 obstante
2109 1555 2267 1582 contradic-

1256 1603 1333 1629 tione
1356 1602 1482 1637 episcopi
1501 1605 1528 1629 et
1548 1603 1676 1637 capituli.
1700 1611 1808 1629 exnunc
1836 1603 1862 1629 in
1884 1604 2055 1630 canonicum
2076 1604 2162 1637 recipi
2182 1604 2266 1630 saciat

1256 1652 1338 1685 eique
1355 1652 1389 1678 de
1410 1652 1571 1686 praehenda
1597 1661 1662 1678 cum
1693 1652 1907 1686 praestimoniis
1934 1653 2091 1687 provideat.
2120 1653 2198 1685 (Rea.
2222 1654 2266 1681 29,

1258 1700 1306 1727 fol.
1323 1701 1375 1728 214
1395 1706 1432 1726 ψ).
1455 1706 1485 1726 n⁰
1507 1701 1597 1732 1111.)

1299 1816 1313 1833 (1
1331 1806 1478 1845 Maqistro
1504 1806 1596 1835 Petro
1628 1806 1781 1845 Casiezom
1807 1807 1953 1836 rnnonico
1976 1806 2151 1835 palentina.
2173 1807 2270 1837 Circa

1259 1859 1338 1888 illos
1349 1859 1542 1897 specialiter
1557 1878 1606 1888 --.
1625 1859 1748 1889 Datum
1764 1860 1850 1898 apud
1864 1859 2153 1891 Urhemveterem.
2171 1861 2270 1890 nonis

1255 1911 1346 1951 julii.
1366 1920 1452 1942 anno
1471 1912 1582 1942 tertio.
1604 1921 1620 1939 »

1351 2081 1449 2111 2062
1819 2080 1943 2110 ori-1010,
1959 2080 1992 2107 28
2004 2080 2097 2115 jutum
2118 2081 2196 2108 1202.

1298 2163 1388 2190 Priori
1407 2165 1439 2190 de
1463 2164 1634 2198 Tasiguam,
1654 2164 1781 2190 Lucanae
1807 2165 1940 2191 diocesis.
1963 2166 2079 2191 mandat
2096 2168 2123 2191 ut
2152 2165 2269 2192 [balac.

1261 2212 1383 2246 plebano
1398 2213 1488 2247 plebis
1512 2213 1544 2238 de
1571 2213 1696 2245 Lmnari,
1719 2214 1846 2239 Lucanae
1875 2214 2007 2243 diocesis,
2032 2214 2191 2240 camerario
2211 2222 2271 2240 ma-

1262 2261 1345 2295 gistri
1360 2261 1474 2294 Gualae,
1489 2261 1592 2287 notarii
1608 2261 1768 2295 apostolici.
1786 2262 1915 2288 amonim
1931 2262 2068 2288 ecclesiae
2085 2263 2222 2288 Lucanae.
2236 2263 2270 2288 de

1261 2311 1424 2344 praebenda
1438 2310 1654 2344 quamprimum
1672 2310 1829 2343 provideat.
1841 2311 1918 2339 illan.
1936 2312 1979 2338 29,
1999 2311 2045 2337 l'ol.
2063 2312 2125 2339 215,
2139 2316 2170 2337 n⁰
2182 2311 2271 2345 ill-2.)

1302 2426 1319 2446 (‹
1336 2416 1441 2445 Priori
1455 2416 1490 2445 de
1506 2416 1690 2456 Ταςὶφιαηο,
1710 2416 1829 2445 Lucane
1850 2416 1988 2446 diocesis.
2010 2417 2164 2447 Dilectus
2181 2417 2272 2447 tilius

1265 2469 1418 2500 Ubaldus
1435 2488 1484 2497 —.
1504 2470 1629 2499 Datum
1656 2469 1743 2507 apud
1767 2469 2054 2506 Urbemveterem,
2074 2480 2092 2499 v
2110 2470 2272 2501 kalendas

1263 2522 1411 2562 augusti,
1430 2531 1516 2552 anno
1532 2522 1643 2552 tertio.
1665 2532 1679 2550 »

1355 2683 1451 2714 2033
1850 2681 1973 2713 Orvieto,
1991 2680 2026 2707 30
2040 2681 2103 2716 juin
2125 2681 2200 2708 litii⁴

1299 2766 1437 2800 Episcopo
1457 2765 1638 2791 Noviomensi
1662 2765 1777 2791 mandat
1796 2768 1823 2791 ut
1841 2765 2004 2796 Robertum,
2024 2766 2131 2792 dictum
2150 2766 2276 2798 Fabi-um,

1264 2815 1474 2850 presbyterum,
1492 2814 1616 2848 episcopi
1637 2813 1828 2848 capellanum.
1855 2814 1883 2841 in
1902 2814 2022 2841 eeclesia
2044 2815 2227 2841 Noviomensi
2250 2815 2277 2841 iu

1265 2863 1435 2891 canonicum
1454 2863 1540 2897 recipi
1563 2863 1660 2890 faciat.
1677 2863 1755 2896 tileo.
1775 2863 1818 2893 29,
1834 2862 1883 2890 fol.
1901 2863 1964 2894 215,
1983 2868 2013 2889 n⁰
2037 2864 2126 2898 1113.)
