2519 3262
1074 273 1326 305 APPENDICE
1348 273 1374 302 I.
2228 275 2263 302 17

181 369 220 399 ab
239 368 480 399 oliminimicis
494 367 635 398 ecclesie
651 370 768 398 contra
786 368 895 406 ipsam
909 367 1072 403 astiteris,
1093 375 1192 406 quam

179 430 298 461 graves
315 423 346 452 et
362 429 495 451 amaras
512 421 669 457 offensas,
683 420 870 451 reverentie
885 420 1002 450 filialis
1018 419 1130 450 debito
1148 428 1196 450 re·

181 475 302 514 legato,
324 474 433 504 eidem
459 474 565 504 variis
592 473 804 512 temporibus
828 473 1001 511 irrogaris,
1031 473 1064 502 in
1086 473 1196 511 ipsius

181 527 333 558 membra
348 527 520 566 precipua,
541 526 684 557 ecclesie
699 527 850 557 Romane
866 526 1023 556 videlicet
1044 525 1196 555 cardina-

181 581 243 616 les,
262 582 294 611 et
312 580 461 619 prelatos
479 580 578 615 alios,
608 582 644 610 ut
662 581 772 610 cetera
796 581 980 614 taceamus,
998 587 1064 609 non
1085 578 1195 608 solum

182 642 304 664 manus
331 633 509 663 inliciendo
539 633 721 672 sacrilegas
750 633 808 662 sed
839 632 932 670 ipsos
963 632 1063 662 etiam
1093 631 1197 669 capti-

182 687 303 717 vando.
324 686 389 717 Sed
409 687 525 717 eadem
550 686 693 716 ecclesia
716 687 852 724 gestans
874 684 977 714 verba
999 684 1052 722 pie.
1077 683 1197 713 matris

183 748 243 770 nec
261 739 361 769 verba
381 741 519 778 paterne
536 739 769 778 castigationis
787 738 948 768 omittens
966 739 997 767 et
1013 737 1117 767 tacuit
1133 737 1197 766 dif-

185 793 321 823 ferendo
341 793 525 822 vindIctam
544 794 575 822 et
594 792 763 830 arguendo
779 791 819 821 ad
839 790 1080 820 correctionem
1099 790 1147 819 tui
1166 791 1197 819 te

186 845 422 884 multipliciter
447 845 652 884 provocavit.
674 844 906 875 Reminiscere
926 843 1038 881 itaque
1060 843 1199 872 misera-

185 899 313 928 tionum
343 898 453 937 ipsius
484 900 515 928 et
535 897 778 928 exuberantem
805 905 883 935 erga
907 898 938 926 te
970 904 1030 926 sue
1048 896 1199 926 caritatis

186 951 341 981 affectum
357 951 537 990 diiigenter
552 950 696 980 attende.
715 950 832 979 Nonne
845 949 981 988 quidem
997 949 1057 978 lias
1068 950 1100 978 et
1115 949 1200 978 alias

187 1014 204 1034 a
220 1006 251 1034 te
266 1004 379 1034 illatas
396 1004 594 1034 innumeras
608 1002 839 1032 dissimulavit
851 1002 1142 1040 injuriastonne
1156 1002 1198 1031 si·

186 1057 261 1093 luit,
275 1066 396 1093 nonne,
409 1059 519 1087 niente
530 1055 861 1094 adipsamlicetsero
872 1055 1045 1091 redeunte,
1060 1055 1199 1093 quievit,

187 1111 291 1141 immo
312 1111 413 1141 etiam
430 1112 461 1140 te
482 1109 625 1147 benigne
645 1117 682 1139 ac
703 1110 874 1147 gratanter
892 1108 1051 1138 admisit‘?
1068 1109 1137 1138 Nec
1156 1110 1203 1138 ta-

187 1172 263 1194 men
280 1164 443 1194 adversus
456 1171 529 1193 eam
545 1171 582 1192 eo
595 1162 703 1201 magis
717 1164 829 1192 vestra
842 1162 987 1192 cessavit
1001 1161 1201 1198 adversitaS,

188 1217 246 1246 sed
265 1225 324 1246 vos
342 1216 374 1246 10
393 1224 507 1246 arcum
522 1216 677 1254 previum
694 1215 806 1245 subita
820 1217 852 1245 et
869 1214 1077 1254 dampnabili
1096 1217 1202 1245 muta-

187 1269 277 1300 tione
290 1269 455 1303 conversi,
470 1270 602 1308 tergum
615 1277 680 1298 non
697 1268 818 1298 faciem
835 1269 988 1298 vertistis
998 1268 1119 1299 eidem.
1134 1269 1203 1299 Nec

187 1321 1203 1361 abipsiuspersecutionesolitadestitistis,quiniinmo‚dum

188 1376 286 1406 sedes
310 1376 496 1415 apostolica
514 1376 547 1405 in
568 1375 677 1411 vobis,
698 1383 782 1414 quos
802 1375 867 1405 sibi
885 1384 944 1413 per
962 1374 1203 1405 exhibitionem

188 1431 280 1459 tante
292 1430 398 1468 gratie
412 1431 572 1468 tanquam
585 1429 750 1467 speciales
761 1428 850 1458 filios
862 1428 1073 1462 vendicabat,
1087 1437 1203 1458 secura

190 1483 390 1521 quiesceret,
403 1491 462 1512 vos
471 1482 656 1517 Mansredo,
670 1482 839 1520 querulam
852 1481 998 1520 principi
1008 1481 1202 1515 Tarentino,

192 1535 329 1565 inimico
344 1535 554 1574 persecutori
571 1535 753 1565 manifesto
769 1535 860 1565 sedis
876 1535 998 1573 ipsius,
1016 1543 1206 1565 excommu-

192 1589 373 1619 nicationis
392 1590 422 1620 et
442 1589 614 1619 interdicti
637 1589 823 1618 sententias
842 1597 926 1627 quas
954 1588 988 1618 in
1007 1588 1206 1618 adherentes

193 1642 302 1672 eidem
319 1643 351 1672 et
364 1650 423 1671 vos
441 1641 634 1680 specialiter
652 1643 791 1680 propter
806 1641 866 1671 hoc
882 1643 947 1672 tam
962 1650 1023 1671 nos
1039 1650 1139 1680 quam
1159 1641 1207 1671 di-

194 1696 301 1726 lectus
318 1695 410 1725 tillus
428 1695 589 1734 magister
601 1694 721 1730 Gualo,
738 1695 892 1724 notarius
909 1697 1036 1731 noster,
1058 1695 1091 1724 in
1105 1695 1206 1733 parti-

194 1749 258 1778 bus
274 1749 396 1779 Tuscie
413 1748 598 1787 apostolice
618 1748 710 1778 sedis
726 1748 869 1786 legatus,
883 1748 1019 1787 justitia
1039 1748 1205 1787 exigente,

195 1802 412 1841 protulimus,
429 1803 718 1840 contempnentes,
737 1805 851 1831 contra
867 1801 1102 1832 inhibitionem
1118 1801 1209 1832 sedis

195 1856 359 1895 ejusdem,
378 1855 410 1884 in
429 1855 537 1894 ipsius
549 1863 649 1892 grave
666 1855 883 1893 dispendium
896 1855 1079 1884 adhesistis
1099 1864 1145 1891 ac,
1162 1855 1209 1884 in-

193 1909 302 1948 jurias
327 1908 579 1938 accumulantes
606 1908 743 1947 injuriis
771 1910 803 1938 et
830 1909 975 1938 ostensas
1002 1909 1210 1938 inculcantes

196 1961 478 1998 011“011313,00(10111
497 1961 618 2000 legato,
636 1970 702 1991 non
719 1961 792 1991 sine
809 1961 904 2000 gravi
920 1961 1012 1991 sedis
1028 1962 1211 1991 memorate

195 2018 402 2053 contemptu,
419 2015 458 2045 de
472 2015 608 2045 civitate
620 2016 744 2050 vestra,
758 2023 835 2044 cum
847 2015 973 2054 spretis
989 2015 1126 2045 omnino
1138 2014 1212 2053 ejus

196 2069 347 2102 monitis,
367 2068 496 2106 prefato
515 2067 700 2104 Manfredo,
717 2067 828 2106 ipsius
845 2068 947 2098 etiam
965 2068 1110 2106 receptis
1129 2076 1213 2097 nun-

196 2122 265 2158 tiis,
289 2121 465 2160 pareretis,
497 2123 634 2160 propter
658 2121 747 2160 quod
770 2121 855 2151 inibi
882 2121 1014 2160 legatus
1038 2122 1111 2160 ipse
1142 2122 1212 2151 tute

197 2175 324 2205 morari
343 2184 408 2205 non
425 2177 566 2213 poterat,
585 2175 678 2204 exire
695 2176 821 2211 coacto,
841 2175 873 2204 et
892 2174 969 2204 aliis
988 2174 1212 2213 complicibus

198 2231 230 2258 et
246 2227 435 2258 fautoribus
459 2227 625 2258 Manfredi
644 2228 800 2258 Lucanos
829 2229 860 2257 et
887 2227 972 2258 alios
991 2229 1126 2258 nostros
1158 2226 1212 2268 [et]

199 2281 342 2312 ecclesie
370 2282 521 2312 Romane
540 2280 657 2311 fideles
672 2280 707 2310 in
733 2280 857 2310 Tuscia
882 2280 1063 2311 studuistis
1080 2289 1214 2319 semper

200 2343 262 2365 nec
278 2334 384 2364 adhuc
397 2333 565 2364 desistitis
584 2333 798 2373 impugnare.

240 2387 414 2426 Numquid
442 2387 504 2417 hoc
535 2387 658 2417 meruit
691 2388 896 2417 offensarum
925 2390 1115 2418 vestrarum
1145 2389 1215 2418 tam

200 2442 359 2480 prompta
381 2440 551 2476 remissio,
582 2441 747 2479 numquid
770 2440 830 2470 hoc
852 2440 1120 2471 reconciliationi
1145 2449 1216 2471 ves-

200 2497 253 2524 tre
277 2495 346 2524 tam
368 2495 539 2532 gratanter
558 2495 693 2532 accepte
719 2495 855 2532 tamque
878 2495 1048 2532 acceptate
1071 2493 1217 2524 faciliter

203 2546 410 2578 debebatur?
437 2547 464 2578 O
494 2546 626 2576 utinam
657 2548 833 2585 perceptas
863 2555 881 2576 a
916 2547 1217 2585 predecessoribus

204 2600 341 2634 11031113,
369 2599 467 2629 nobis
492 2601 523 2629 et
550 2599 694 2629 ecclesia
725 2599 801 2638 ipsa
825 2599 962 2638 gratias,
994 2601 1026 2630 et
1057 2609 1218 2631 excessus

204 2652 412 2692 multiplices
434 2661 518 2691 quos
541 2652 575 2682 in
598 2652 739 2682 eandem
773 2652 964 2691 ecclesiam,
990 2662 1053 2684 nos
1080 2655 1112 2684 et
1142 2654 1219 2684 fide-

204 2708 253 2738 les
283 2706 454 2745 predictos
484 2705 705 2735 commisistis
731 2705 894 2736 hactenus
925 2707 956 2736 et
980 2706 1218 2745 multiplicatis

205 2760 342 2790 assidue
364 2759 555 2798 quibusque
580 2759 616 2788 in
649 2767 709 2788 vos
734 2758 824 2788 iram
851 2759 990 2789 Domini
1014 2760 1218 2798 provocatis,

207 2814 241 2843 10
256 2814 383 2843 statera
394 2811 475 2842 recti
494 2811 689 2841 libraminis
712 2811 902 2850 appendere
921 2812 1123 2843 studeretis!
1143 2813 1221 2843 Pro-

206 2866 293 2896 fecto
318 2865 369 2895 illi
397 2865 495 2904 quasi
519 2873 621 2895 arena
642 2864 747 2894 maris
772 2864 945 2902 graviores
970 2866 1222 2904 comparatione

209 2919 404 2958 hujusmodi
419 2919 633 2957 apparerent,
654 2919 876 2956 argueretque
890 2926 949 2948 vos
965 2919 1078 2949 vestra
1094 2919 1225 2949 malitia

212 2975 243 3003 et
262 2974 330 3002 tam
349 2970 660 3010 irreprehensibilis
678 2970 810 3000 aversio
822 2970 1022 3010 increparet.
1040 2971 1224 3008 Attendite,

344 3024 479 3052 Utinam
501 3023 553 3057 lV,
575 3025 595 3050 t.
616 3023 669 3055 IV,
689 3024 755 3058 Req.
777 3023 838 3050 ord.

1251 365 1325 401 filii,
1336 367 1443 403 etqua
1453 363 1545 393 decet
1558 363 1775 393 meditatione
1786 365 1969 402 pensantes
1980 364 2155 399 attendite,
2167 365 2265 403 quasi

1250 418 1382 449 utinam
1392 417 1454 446 filii
1465 425 1528 446 non
1543 416 1701 455 privigni,
1713 416 1803 455 quod
1813 426 1853 446 ex
1865 417 2117 447 continuatione
2131 417 2262 453 talium,

1252 471 1372 502 saltem
1391 469 1517 500 nostris
1541 469 1761 507 temporibus,
1782 478 1820 500 eo
1845 469 2111 500 detestabilioris
2128 470 2266 509 ingrati-

1251 523 1381 554 tudinis
1409 523 1522 552 notam
1550 522 1723 552 incurrItis
1741 531 1806 561 quo
1833 522 1994 561 majorem
2019 532 2037 553 a
2054 523 2163 559 nobis,
2183 523 2264 552 dum

1253 575 1381 614 prefate
1403 575 1681 605 ι101000110111000
1705 584 1819 606 curam
1838 583 2033 614 gereremus
2050 576 2204 612 ecclesie,
2229 584 2266 605 ac

1253 629 1426 659 utiliorem
1442 628 1475 658 in
1491 627 1614 658 vestris
1631 628 1892 659 necessitatibus
1904 629 2129 667 spiritualiter
2142 631 2173 659 et
2184 627 2275 659 tem-'

1254 681 1415 720 poraliter
1432 681 1617 711 efficaciam
1635 681 1847 719 percepistis.
1868 682 1918 711 Ad
1936 682 2178 712 correctionem
2195 690 2266 711 ves-

1254 737 1339 765 tram
1355 734 1455 764 corda
1469 734 1653 764 convertite
1668 743 1725 763 nec
1741 734 1784 764 sit
1799 734 1895 764 vobis
1906 734 2104 765 delectabile
2119 735 2266 773 amplius

1254 790 1369 818 contra
1384 795 1445 817 nos
1462 789 1493 816 et
1510 786 1628 817 fideles
1639 787 1774 817 eosdem
1791 795 1969 826 aggregare
1985 787 2025 817 de
2039 791 2148 817 cetero
2164 789 2268 817 tanta<

1254 849 1329 870 rum
1349 839 1523 878 congeries
1538 840 1754 870 offensarum.

1295 894 1465 928 Ceterum,
1499 893 1578 932 qnia
1613 893 1836 923 clamavimus
1865 893 2026 923 hactenus
2062 903 2120 923 nec
2155 894 2269 924 extitit

1256 947 1313 985 qui
1341 947 1486 982 audiret,
1514 947 1712 976 vocavimus
1740 949 1771 977 et
1805 947 2106 986 contemptibiliter
2141 949 2268 977 renuis-

1256 1000 1312 1033 tis,
1333 1009 1454 1030 manus
1481 1002 1614 1029 nostras
1636 1000 1852 1030 extendimus
1876 1002 1907 1030 et
1928 1001 1985 1039 qui
2011 1000 2177 1038 aspiceret
2202 1008 2269 1030 non

1257 1054 1320 1083 suit
1342 1053 1376 1083 in
1401 1053 1508 1088 vobis,
1535 1053 1593 1083 sed
1617 1053 1825 1091 despexistis
1851 1055 1968 1084 nostra
1992 1054 2135 1084 consilia
2162 1055 2193 1084 et
2222 1053 2271 1083 in-

1258 1107 1469 1145 crepationes
1500 1106 1668 1145 neglectui
1693 1107 1896 1143 tradidistis,
1925 1107 1959 1136 in
1988 1106 2086 1136 vobis
2111 1107 2270 1146 spiritum

1259 1163 1412 1191 nostrum
1439 1160 1646 1198 proferimus
1673 1162 1704 1190 et
1736 1160 1913 1190 condimus
1942 1160 2045 1190 verba
2075 1162 2201 1191 nostra.
2228 1160 2270 1190 Et

1259 1223 1334 1244 cum
1365 1214 1406 1243 ad
1428 1214 1640 1244 excusandas
1665 1214 1902 1243 excusationes
1930 1213 1964 1243 in
1990 1214 2149 1253 peccatis,
2182 1213 2272 1243 colo-

1259 1276 1330 1297 rem
1346 1276 1485 1306 querere
1497 1267 1743 1297 consueveritis
1760 1267 1799 1296 de
1818 1266 2092 1297 contentionibus
2107 1269 2137 1297 et
2156 1275 2272 1305 quere-

1260 1321 1303 1350 lis
1323 1329 1408 1359 quas
1434 1322 1549 1350 contra
1574 1321 1781 1350 memoratos
1804 1320 1957 1350 Lucanos
1983 1329 2043 1350 vos
2067 1319 2273 1350 asserebatis

1259 1374 1394 1410 habere,
1416 1383 1489 1407 nos,
1514 1375 1549 1404 ut
1576 1374 1615 1403 de
1641 1375 1750 1403 cetero
1771 1373 1966 1411 hujusmodi
1994 1375 2102 1403 cesset
2127 1373 2272 1409 0000310,

1261 1427 1520 1458 universitatem
1545 1427 1693 1457 vestram
1712 1435 1884 1466 rogamus,
1904 1435 2083 1458 monemus
2103 1427 2134 1457 et
2161 1427 2275 1457 horta-

1262 1490 1338 1511 mur
1350 1482 1475 1511 attente
1493 1482 1659 1519 quatenus
1675 1489 1777 1519 super
1792 1480 1954 1519 predictis
1971 1489 2047 1510 cum
2065 1480 2193 1510 eisdem
2209 1480 2277 1509 Lu—

1263 1534 1369 1570 001113,
1392 1533 1476 1572 (qui)
1495 1533 1537 1563 ad
1562 1534 1756 1563 mandatum
1774 1535 1927 1563 nostrum
1952 1533 1986 1563 in
2005 1533 2066 1563 1100
2085 1533 2276 1563 consentire

1263 1587 1438 1623 curabunt,
1454 1587 1488 1616 in
1504 1585 1770 1625 aliquosprobos
1784 1589 1815 1616 et
1830 1587 1988 1616 honestos
2000 1586 2092 1616 viros
2109 1586 2197 1616 infra
2209 1586 2278 1615 ins-

1263 1642 1374 1671 tantes
1393 1639 1528 1670 octabas
1552 1639 1585 1669 b.
1604 1639 1740 1669 Martini
1758 1640 2034 1678 compromittere
2061 1639 2227 1669 studeatis
2245 1641 2277 1669 et

1265 1703 1283 1724 a
1310 1693 1539 1732 predictorum
1565 1693 1804 1723 molestatione
1835 1693 1987 1731 qualibet
2014 1693 2217 1722 desistentes
2241 1700 2277 1722 ac

1265 1756 1283 1777 a
1299 1747 1442 1786 prefatis
1464 1746 1638 1777 Manfredo
1658 1748 1688 1776 et
1707 1746 1896 1776 fautoribus
1913 1746 2108 1776 recedentes
2127 1746 2277 1782 omnino,

1266 1800 1400 1839 aliquos
1421 1800 1629 1838 sollempnes
1651 1800 1805 1834 nuncios,
1823 1799 1998 1829 sufficiens
2020 1799 2061 1829 ad
2080 1799 2141 1829 hoc
2160 1801 2192 1829 et
2209 1799 2280 1837 ple-

1267 1863 1347 1884 num
1365 1862 1383 1883 a
1402 1853 1498 1883 vobis
1516 1853 1711 1883 mandatum
1727 1852 1902 1888 habentes,
1924 1853 1964 1882 ad
1980 1853 2188 1891 presentiam
2204 1861 2281 1882 nos-

1267 1909 1357 1937 tram
1369 1907 1453 1936 citra
1467 1906 1610 1936 eundem
1625 1906 1809 1936 terminum
1824 1906 1957 1936 mittere
1968 1905 2168 1944 procuretis,
2187 1913 2280 1935 man-

1268 1960 1357 1990 datis
1368 1959 1506 1994 nostris,
1518 1961 1633 1988 nostro
1645 1959 1793 1993 nomine,
1804 1967 1864 1997 per
1874 1958 1986 1988 omnia
1996 1958 2176 1997 parituros.
2185 1958 2282 1993 Quod

1270 2014 1300 2044 si
1317 2013 1404 2043 circa
1418 2021 1639 2051 personarum
1650 2012 1878 2050 predictarum
1889 2012 2088 2042 electionem
2106 2021 2141 2042 se
2152 2011 2283 2050 ingerat

1270 2067 1385 2105 aliqua
1401 2065 1595 2101 difficultas,
1617 2074 1679 2095 nos
1695 2065 1736 2095 ad
1755 2065 1787 2095 id
1804 2065 1951 2095 libenter
1967 2065 2151 2104 apostolice
2171 2066 2283 2095 aucto-

1271 2120 1383 2150 ritatis
1394 2121 1425 2150 et
1440 2118 1683 2149 sollicitudinis
1696 2120 1809 2157 partes
1822 2119 2014 2155 efficaciter,
2028 2119 2057 2148 si
2072 2127 2154 2157 opus
2167 2118 2282 2154 fuerit,

1271 2172 1536 2212 interponendas
1553 2172 1727 2202 offerimus
1744 2173 1775 2202 et
1791 2172 1973 2202 consilium
1987 2174 2018 2202 et
2035 2172 2201 2202 auxilinm
2218 2180 2284 2201 non

1271 2235 1445 2266 negamus.
1458 2227 1557 2262 Sane,
1571 2226 1651 2265 quia
1666 2226 1755 2256 circa
1766 2225 1902 2256 morbos
1915 2225 1972 2264 qui
1985 2225 2171 2256 levioribus
2182 2234 2286 2255 reme-

1273 2280 1339 2310 diis
1356 2288 1422 2310 non
1438 2279 1616 2315 tolluntur,
1629 2278 1852 2309 validioribus
1867 2280 1917 2308 est
1932 2279 2106 2313 utendum,
2123 2279 2209 2308 scire
2226 2287 2286 2308 vos

1274 2334 1433 2364 volumus
1444 2335 1475 2363 et
1488 2341 1547 2371 pro
1558 2334 1647 2362 certo
1659 2333 1772 2362 tenere
1783 2332 1884 2370 quod,
1899 2332 1927 2361 si
1942 2332 2067 2367 forsan,
2083 2332 2173 2370 qnod
2185 2331 2284 2368 absit,

1274 2389 1390 2418 contra
1401 2385 1593 2425 hujusmodi
1606 2387 1720 2415 nostra
1736 2385 1863 2415 monita
1874 2384 2069 2414 obturantes
2081 2392 2173 2414 more
2186 2384 2287 2414 solito

1275 2448 1376 2470 aures
1396 2441 1539 2474 vestras,
1559 2438 1648 2468 infra
1666 2438 1855 2476 predictum
1871 2438 2055 2467 terminum
2073 2446 2091 2466 a
2108 2437 2288 2475 prestando

1275 2492 1446 2532 quoslibet
1464 2492 1627 2528 favorem,
1647 2491 1815 2521 auxilium
1832 2490 1885 2520 vel
1905 2490 2086 2520 consilium
2099 2489 2288 2527 Manfred0‚

1277 2545 1468 2576 fautoribus
1486 2547 1518 2575 et
1536 2544 1759 2583 complicibus
1786 2543 1984 2574 memoratis
2002 2545 2034 2573 et
2055 2542 2095 2573 ab
2114 2543 2289 2582 impugna-

1276 2600 1379 2635 tione,
1392 2598 1626 2637 persecutione
1634 2606 1671 2627 ac
1681 2597 1918 2627 molestatione
1930 2595 2291 2635 quibuslibetecclesie

1278 2661 1314 2683 ac
1324 2652 1476 2682 fidelium
1488 2659 1628 2681 suorum
1642 2659 1707 2680 non
1718 2649 1885 2680 duxeritis
1895 2649 2032 2688 penitus
2043 2649 2290 2684 desistendum,

1278 2705 1331 2736 vel
1348 2705 1517 2744 predictos
1535 2706 1666 2734 vestros
1689 2703 1831 2733 nuncios
1846 2703 1887 2732 ad
1908 2711 1984 2737 nos,
2002 2704 2102 2741 prout
2131 2703 2291 2741 superius

1279 2758 1494 2797 exprimitur,
1506 2756 1788 2796 pretermiseritis
1804 2756 1987 2792 destinare,
2004 2764 2066 2786 nos
2078 2757 2200 2786 extunc
2215 2765 2293 2786 con-

1280 2814 1332 2842 tra
1350 2819 1410 2841 vos
1425 2810 1466 2840 ad
1483 2810 1707 2849 privationem
1724 2809 1932 2848 pontificalis
1949 2809 2127 2848 dignitatis
2144 2811 2177 2839 et
2195 2809 2292 2846 alias,

1281 2866 1381 2904 prout
1395 2863 1546 2902 exegerit
1555 2862 1765 2893 contumacie
1778 2863 1889 2893 vestre
1900 2862 2086 2898 temeritas,
2098 2862 2137 2893 de
2151 2862 2295 2893 fratrum

1283 2919 1480 2948 nostrorum
1501 2916 1643 2947 consilio
1662 2916 1896 2955 procedemus.
1919 2925 1934 2944 »
