2519 3262
218 255 258 284 32
976 244 1221 276 REGISTRES
1242 245 1407 278 D'URBA
1413 247 1456 278 ΙΝ
1480 247 1537 277 IV.

220 335 421 376 »premissa
446 333 505 364 sed
531 333 571 363 ad
595 341 633 362 ea
662 332 791 361 tantum
824 338 887 368 que
908 328 974 359 sibi
995 328 1167 359 sufficiant,
1185 329 1225 360 de

219 400 235 420 »
254 388 444 429 premissis.
463 397 478 415 »

257 452 272 472 «
301 442 375 472 Lite
403 440 504 480 igitur
532 437 739 477 superdicto
757 435 873 466 libello
891 444 1004 466 coram
1028 434 1126 465 nobis
1146 435 1227 474 legi-

215 496 298 526 time
310 494 508 528 contestata,
520 492 560 521 de
575 490 715 521 veritate
730 488 871 519 dicenda
880 488 1023 527 prestito
1039 488 1080 518 ab
1097 488 1227 519 eisdem

216 546 371 586 partibus
390 546 593 585 juramento,
619 543 716 573 factis
742 541 969 581 positionibus
995 541 1071 571 hinc
1093 543 1124 572 et
1150 541 1226 572 inde

216 602 249 631 et
265 598 544 638 responsionibus
559 596 749 626 subsecutis
765 595 806 625 ad
822 603 890 629 eaS,
906 594 1112 625 venerabilis
1131 597 1227 633 pater

217 654 374 684 dominus
392 652 448 687 H„
475 649 693 681 miseratione
714 649 830 678 divina
845 648 1016 679 Ostiensis
1032 648 1224 687 episcopus,

217 706 256 737 de
277 705 415 744 speciali
440 704 590 743 ejusdem
614 702 742 733 domini
766 710 850 741 pape
868 701 1026 731 mandato
1052 701 1138 731 facto
1161 700 1227 731 sibi

216 759 291 790 vive
318 759 410 789 vocis
439 756 586 793 oraculo,
604 760 639 786 ut
662 754 805 791 dicebat,
825 754 923 785 nobis
938 754 1109 785 commisit
1128 756 1227 793 atque

216 812 389 842 mandavit
411 813 447 841 ut
464 819 525 841 nos
542 818 643 848 super
660 809 750 838 dicta
764 808 907 838 ecclesia
921 810 953 838 et
963 807 1098 846 juribus
1118 807 1228 846 ipsius

217 865 451 896 ordinaremus
470 864 556 894 inter
576 862 746 901 predictos
771 861 973 900 magistrum
990 861 1128 891 Petrum
1148 860 1227 890 Cor-

216 919 302 948 derii
325 919 357 948 et
373 918 557 956 dompnum
575 915 786 946 Bernardum
804 915 844 944 de
862 914 1045 950 Fornellis,
1066 915 1229 944 statuere-

216 980 304 1006 mus,
329 971 596 1010 provideremus,
623 969 883 999 decerneremus
904 967 944 998 de
968 967 1070 1006 plano
1097 968 1128 997 et
1154 967 1227 998 sine

215 1024 332 1064 judicii
351 1024 506 1063 strepitu,
523 1024 622 1062 prout
637 1021 735 1052 nobis
752 1021 938 1060 expediens
955 1021 1137 1051 videretur.

257 1088 270 1106 ι(
285 1079 395 1108 'senor
405 1086 482 1107 vero
493 1075 746 1107 commissionis
755 1074 946 1105 etmandati
962 1074 1041 1105 facti
1058 1074 1157 1104 nobis
1168 1083 1227 1113 per

216 1132 391 1162 dominum
420 1130 614 1162 Ostiensem
640 1129 849 1168 episcopum,
870 1130 904 1158 ut
920 1128 1079 1167 superius
1100 1128 1227 1159 dictum

216 1187 278 1219 est,
298 1184 378 1215 talis
397 1186 448 1214 est
468 1192 474 1213 :

256 1248 270 1267 «
291 1238 330 1268 In
355 1237 490 1267 nomine
520 1235 657 1267 Domini
687 1244 795 1265 amen.
830 1236 927 1265 Anno
958 1235 1095 1265 Domini
1112 1235 1227 1266 M⁰CC⁰

216 1301 231 1322 »
250 1292 403 1327 LXIIII0,
422 1290 604 1320 indictione
624 1299 681 1325 vn,
699 1289 915 1328 pontificatus
940 1289 1069 1318 domini
1099 1289 1227 1319 Urbani

216 1355 231 1374 »
252 1353 336 1384 pape
360 1344 424 1374 1111
453 1352 539 1373 anno
560 1342 671 1378 tertio,
692 1342 820 1372 mensis
841 1342 954 1372 martii
975 1342 1028 1372 die
1050 1343 1161 1380 prima
1177 1343 1227 1373 in-

216 1407 232 1427 »
250 1397 382 1432 trantis,
405 1396 493 1435 apud
512 1396 800 1431 Urbemveterem,
820 1395 852 1424 in
873 1395 1046 1433 presentia
1068 1395 1146 1432 mei,
1166 1396 1226 1434 Sy-

216 1460 231 1480 »
248 1450 370 1485 monis,
391 1449 525 1485 notarii,
542 1451 573 1478 et
585 1448 723 1478 testium
735 1448 1005 1486 subscriptorum
1017 1448 1147 1478 scilicet
1158 1457 1226 1478 ma-

215 1513 230 1533 »
248 1503 345 1542 gistri
365 1502 500 1532 Martini
519 1502 558 1531 de
579 1503 652 1537 leo,
672 1501 824 1531 canonici
840 1501 1086 1537 Gebennensis,
1104 1502 1227 1541 magis-

215 1566 230 1586 »
253 1557 295 1586 tri
324 1555 478 1591 Arnaldi,
509 1554 698 1592 cappellani
724 1554 852 1584 domini
871 1554 1041 1584 Ostiensis
1063 1555 1225 1593 episcopi,

214 1619 229 1639 »
249 1609 401 1648 magistri
413 1608 607 1647 Raymundi
626 1607 665 1637 de
678 1607 936 1646 Campagniaco,
948 1607 1101 1637 canonici
1114 1607 1226 1638 Claro-

214 1673 229 1692 »
246 1663 442 1699 montensis,
469 1661 623 1700 magistri
652 1660 792 1691 Roberti
810 1661 849 1690 de
873 1661 1046 1699 Argentio,
1073 1661 1226 1692 advocati

214 1728 228 1743 »
247 1717 280 1746 in
298 1717 450 1747 Romana
467 1715 572 1751 curia,
587 1716 619 1745 et
636 1714 785 1753 plurium
804 1714 949 1744 aliorum
961 1714 1101 1744 testium
1115 1715 1226 1746 adhoc

213 1780 228 1799 »
246 1772 439 1800 vocatorum
462 1770 493 1798 et
506 1770 711 1806 1·0gat0ru1n‚
729 1767 934 1798 venerabilis
955 1769 1050 1806 pater
1066 1768 1225 1798 dominus

211 1835 226 1851 »
248 1823 302 1858 H„
313 1822 530 1853 miseratione
541 1821 655 1851 divina
669 1821 839 1852 Ostiensis
853 1821 1045 1859 episcopus,
1055 1822 1225 1853 commisit

213 1887 227 1903 »
245 1878 275 1906 et
294 1876 464 1905 mandavit
490 1875 529 1905 de
545 1874 685 1913 speciali
703 1874 831 1904 domini
849 1883 933 1912 pape
952 1874 1122 1910 mandato,
1138 1874 1224 1906 sacto

213 1938 228 1958 »
244 1928 309 1958 sibi
326 1929 400 1958 vive
425 1928 517 1958 vocis
548 1927 694 1963 oraculo,
714 1930 748 1957 ut
775 1926 917 1963 dicebat,
945 1927 1130 1957 venerabili
1152 1928 1224 1958 viro

214 1992 227 2011 »
244 1982 404 2020 magistro
431 1981 587 2014 Jolianni,
602 1980 836 2011 arcliidizwono
853 1980 1073 2014 'tricasinum
1092 1982 1222 2020 cappel-

214 2046 228 2063 »
247 2035 322 2065 lano
344 2035 494 2073 ejusdem
515 2034 642 2063 domini
668 2042 764 2072 pape,
796 2036 829 2063 ut
857 2033 928 2071 ipse
956 2042 1058 2072 super
1075 2043 1177 2064 eausa
1192 2037 1223 2065 et

212 2098 226 2116 »
247 2089 421 2127 questione
435 2096 498 2126 que
516 2087 602 2117 inter
618 2087 818 2125 magistrum
829 2087 967 2116 Petrum
976 2086 1139 2123 Corderii‚
1151 2096 1224 2126 pre-

213 2151 227 2169 »
246 2141 325 2171 dicti
346 2141 474 2171 domini
486 2149 569 2178 pape
584 2139 834 2178 cappellanum,
850 2148 909 2178 pro
926 2148 973 2174 se,
993 2142 1025 2169 et
1038 2140 1223 2179 dompnum

212 2204 226 2223 »
243 2194 380 2224 Petrum
397 2194 436 2223 de
447 2193 626 2228 Fornellis,
641 2194 893 2231 procuratorem
909 2193 1047 2231 dompni
1060 2194 1224 2224 Bernardi

212 2258 227 2276 »
244 2248 282 2277 de
303 2247 482 2282 FornelliS,
494 2245 732 2283 Lugdunensis
748 2246 905 2281 diocesis,
922 2247 1153 2284 procuratorio
1169 2255 1224 2277 no-

212 2313 225 2327 »
242 2302 331 2331 mine
350 2310 408 2339 pro
418 2302 534 2331 eodem
550 2301 695 2339 dompno
713 2301 895 2337 Bel-nardo,
911 2309 1013 2338 super
1025 2301 1167 2332 ecclesia
1183 2302 1222 2333 de

211 2364 226 2383 »
241 2356 343 2390 Ama,
366 2355 511 2392 predicte
531 2354 689 2390 diocesis,
709 2362 809 2392 quam
828 2356 967 2392 uterque
984 2354 1136 2393 ipsorum
1156 2364 1223 2386 ma-

211 2417 225 2436 »
244 2408 341 2446 gistri
364 2408 398 2437 P.
420 2410 451 2437 et
470 2407 608 2445 dompni
636 2407 671 2437 B.
692 2407 733 2436 ad
749 2415 783 2436 se
805 2407 844 2436 de
858 2407 934 2445 jure
957 2409 1108 2445 spectare
1132 2416 1222 2438 asse-

210 2471 226 2490 »
242 2462 295 2494 rit,
323 2470 434 2491 coram
458 2460 575 2490 eodem
597 2460 844 2496 archidiacono,
877 2470 918 2491 ex
934 2461 1143 2500 delegatione
1162 2471 1221 2492 seu

211 2514 482 2544 »commissione
508 2513 711 2543 venerabilis
741 2514 849 2552 patris
877 2513 1006 2544 domini
1032 2515 1089 2551 M,
1108 2517 1221 2545 sancte

211 2577 225 2595 »
247 2567 350 2596 Marie
374 2567 405 2596 in
420 2567 555 2596 Porticu
574 2566 706 2597 diaconi
724 2567 919 2604 cardinalis,
939 2566 1094 2605 partibus
1112 2567 1152 2597 ab
1170 2577 1222 2598 eo-

211 2628 225 2647 »
245 2619 319 2649 dvm
338 2619 473 2649 domino
489 2628 574 2658 papa
593 2628 694 2657 super
708 2619 768 2649 hoc
784 2620 951 2650 auditoris
968 2620 1132 2656 concessi,
1150 2629 1220 2651 ver-

211 2682 226 2701 »
245 2672 337 2703 titur,
358 2674 391 2702 ut
419 2672 490 2710 ipse
512 2672 768 2702 archidiaconus
787 2673 825 2703 de
844 2673 944 2711 plano
964 2675 995 2703 et
1013 2674 1085 2703 sine
1101 2674 1221 2712 judicii

212 2734 226 2754 »
245 2725 448 2763 strepitu‚de
462 2725 536 2763 jure
549 2727 577 2754 et
595 2726 964 2764 preterjus,amicabili
977 2727 1220 2765 compositione

213 2787 228 2806 »
248 2786 301 2807 res
315 2778 469 2816 judiciali
483 2778 599 2808 ordine
617 2787 676 2808 seu
695 2787 894 2817 quocunque
911 2779 977 2809 alio
993 2779 1091 2809 modo
1108 2780 1221 2819 dispo-

212 2841 227 2859 »
248 2833 302 2861 nat
333 2831 500 2863 intereos,
531 2831 673 2867 ordinet,
693 2833 831 2867 statuat,
851 2832 1018 2867 decernat,
1035 2832 1162 2871 judicet
1189 2835 1220 2863 et

212 2884 420 2922 »provideat
444 2886 542 2922 atque
573 2885 707 2914 mandet
734 2886 803 2915 tam
830 2894 932 2924 super
961 2885 1049 2916 dicta
1066 2886 1220 2922 ecclesia,

211 2949 225 2964 »
243 2936 377 2976 juribus
395 2938 425 2966 et
452 2937 665 2975 pertinentiis
685 2939 756 2967 suis
775 2938 1009 2977 adjudicandis
1026 2947 1143 2969 eorum
1163 2939 1222 2969 ali-

1292 341 1307 360 »
1331 332 1396 368 cui,
1422 340 1523 370 quam
1548 339 1651 369 super
1669 330 1855 360 ordinando
1874 329 2000 360 vicario
2018 332 2049 360 et
2071 331 2249 361 statuendo
2268 331 2302 361 in

1289 396 1304 411 »
1324 385 1442 415 eadem
1458 383 1611 420 ecclesia,
1623 385 1722 423 prout
1737 383 1826 413 idem
1845 382 2100 414 archidiaconus
2116 392 2218 423 super
2236 384 2304 414 hiis

1288 446 1305 467 »
1321 439 1353 468 et
1370 437 1615 476 premissorum
1635 436 1787 476 quolibet
1805 436 1928 467 viderit
1951 436 2121 475 expedire.
2141 448 2156 465 »

1331 500 1346 519 α
1365 490 1525 528 Receptis
1549 490 1653 529 igitur
1671 499 1689 519 a
1709 489 1807 520 nobis
1831 489 1989 520 mandato
2007 490 2039 520 et
2063 490 2306 520 commissione

1287 542 1494 581 hujusmodi,
1514 543 1603 574 idem
1623 543 1784 582 magister
1801 543 1922 573 Petrus
1940 551 2001 581 pro
2019 551 2066 578 se,
2085 545 2115 573 et
2134 543 2301 581 dompnus

1288 596 1410 626 Petrus
1419 596 1458 626 de
1477 596 1659 632 Fornellis,
1671 597 1869 635 procurator
1880 595 1963 625 dicti
1982 595 2121 634 dompni
2139 596 2304 626 Bernardi

1288 658 1348 687 pro
1378 649 1453 688 ipso
1466 649 1612 688 dompno
1630 650 1681 685 B„
1698 648 1826 679 habens
1847 649 1888 678 ad
1911 648 1972 679 hoc
1995 648 2036 678 ab
2064 649 2138 687 ipso
2157 649 2303 687 dompno

1288 703 1326 732 B.
1343 702 1490 741 speciale
1505 702 1702 732 mandatum
1720 704 1751 732 et
1765 701 1909 732 liberam
1925 703 2138 740 potestatem,
2150 704 2250 740 prout
2269 702 2304 732 in

1289 756 1515 786 instrumento
1525 755 1660 794 publico
1673 755 1750 785 inde
1761 755 1924 791 confecto,
1938 755 2034 794 cujus
2050 757 2145 785 tenor
2160 755 2303 785 inferius

1290 811 1480 845 annotatur,
1493 809 1627 847 plenius
1640 809 1842 844 continetur,
1853 809 2031 847 dispendia
2048 808 2161 839 litium
2172 810 2203 838 et
2218 808 2306 847 judi-

1289 861 1421 892 ciorum
1436 862 1609 892 anfractus
1619 862 1726 892 vitare
1737 861 1900 897 volentes,
1911 861 1945 891 in
1962 870 2022 892 nos
2033 861 2306 900 jurisdictionem

1288 915 1475 954 predictam
1493 914 1591 945 nobis
1610 924 1670 954 per
1687 915 1813 945 dictum
1830 915 2005 945 dominum
2023 914 2217 946 Ostiensem
2230 923 2306 945 auc-

1288 968 1424 999 toritate
1448 968 1576 999 domini
1596 977 1681 1007 pape
1698 968 1928 1005 commissam,
1948 967 2045 998 nobis
2065 967 2307 998 nichilominus

1289 1021 1485 1058 retinentes,
1500 1024 1618 1060 sponte
1636 1023 1667 1052 et
1684 1021 1802 1055 libere,
1815 1021 1880 1052 alte
1899 1023 1930 1051 et
1948 1020 2060 1057 basse,
2081 1024 2255 1060 tamquam
2272 1021 2307 1051 in

1289 1074 1467 1111 arbitrum,
1479 1074 1716 1105 arbitratorem
1727 1083 1786 1105 seu
1801 1073 2014 1104 amicabilem
2027 1074 2302 1113 compositorem,

1289 1135 1391 1166 super
1422 1129 1511 1158 dicta
1537 1128 1680 1158 ecclesia
1700 1129 1731 1158 et
1747 1127 1883 1167 juribus
1900 1127 2010 1166 ipsius
2029 1127 2304 1166 compromittere

1289 1183 1502 1218 curaverunt,
1519 1181 1755 1220 promittentes
1785 1190 1833 1216 ac,
1856 1181 2022 1220 corporali
2041 1181 2184 1219 prestito
2211 1181 2302 1219 Jura-

1289 1236 1413 1270 mento,
1429 1235 1601 1265 firmantes
1621 1236 1657 1265 ut
1676 1234 1836 1273 quicquid
1855 1243 1956 1273 super
1973 1234 2041 1264 hiis
2059 1233 2300 1270 diffiniremus,

1289 1288 1536 1325 ordinaremus,
1565 1288 1819 1324 arbitraremur,
1842 1290 2069 1318 statueremus
2089 1287 2143 1317 vel
2168 1287 2304 1318 manda·

1288 1350 1416 1376 remus,
1429 1344 1539 1372 ratum
1555 1341 1725 1371 habebunt
1741 1343 1772 1371 et
1785 1340 1900 1371 haberi
1916 1340 2037 1371 facient
2051 1343 2081 1371 et
2097 1341 2131 1371 in
2144 1340 2304 1371 omnibus

1288 1394 1515 1425 observabunt
1533 1397 1563 1425 et
1582 1394 1704 1424 facient
1717 1394 1902 1430 observari,
1920 1394 2019 1432 prout
2032 1394 2302 1425 ininstrumento

1287 1447 1423 1486 publico
1450 1448 1527 1478 inde
1552 1447 1702 1478 confecto
1719 1447 1854 1486 plenius
1871 1447 2072 1483 continetur,
2093 1447 2189 1486 cujus
2207 1449 2302 1478 tenor

1288 1501 1369 1531 talis
1385 1503 1436 1531 est
1456 1512 1461 1530 :
1482 1511 1497 1530 »

1329 1566 1344 1582 «
1360 1555 1397 1585 In
1410 1554 1546 1584 nomine
1562 1554 1701 1585 Domini
1718 1562 1826 1584 amen.
1844 1554 1942 1584 Anno
1961 1553 2237 1588 M⁰CC⁰LX1111⁰,
2253 1554 2303 1584 in-

1289 1608 1464 1638 »dictione
1491 1618 1546 1642 vn,
1566 1607 1784 1646 pontificatus
1813 1607 1942 1637 domini
1970 1606 2098 1638 Urbani
2127 1615 2213 1645 pape
2236 1607 2302 1638 IIII

1288 1674 1303 1689 »
1322 1670 1409 1692 anno
1424 1661 1534 1697 tertio,
1555 1669 1670 1691 mense
1688 1660 1803 1690 martii
1814 1660 1867 1690 die
1882 1660 1993 1696 tertia,
2006 1660 2039 1690 in
2054 1660 2226 1699 presentia
2235 1660 2303 1691 mei

1289 1725 1304 1744 »
1320 1715 1491 1754 Symonis,
1510 1714 1645 1748 notarii,
1661 1715 1693 1744 et
1711 1713 1831 1744 horum
1847 1713 1988 1744 testium
2006 1713 2136 1744 scilicet
2146 1714 2302 1752 magistri

1288 1778 1303 1797 »
1320 1768 1433 1807 Egidii
1450 1768 1658 1807 precentoris
1673 1767 1928 1803 Avinionensss,
1940 1766 2103 1797 Bernardi
2119 1766 2249 1797 Prioris
2261 1767 2301 1798 de

1289 1832 1303 1850 »
1316 1821 1521 1854 Armanicis,
1535 1820 1782 1851 Nemausensis
1793 1820 1952 1856 diocesis,
1964 1819 2119 1859 magistri
2130 1819 2302 1849 willelmi

1289 1887 1303 1902 »
1319 1875 1440 1905 Morini
1467 1874 1593 1908 clerici⁷
1612 1874 1767 1912 magistri
1790 1873 1975 1904 Raimundi
1994 1873 2034 1904 de
2055 1873 2302 1912 Campagniaco

1288 1938 1302 1956 »
1321 1928 1472 1958 canonici
1482 1927 1786 1962 Clau-omontensis,
1799 1928 1831 1956 et
1842 1926 1986 1957 aliorum
1998 1926 2149 1965 plurium
2161 1926 2300 1955 testium

1287 1981 1359 2011 »ad
1386 1980 1447 2010 hoc
1471 1980 1664 2018 specialiter
1693 1982 1888 2010 vocatorum
1917 1981 1949 2009 et
1977 1981 2182 2018 rogatorum,
2213 1979 2301 2009 inter

1288 2045 1302 2060 »
1321 2034 1486 2063 discretos
1497 2033 1587 2063 viros
1606 2033 1806 2072 magistrum
1826 2032 1967 2063 Petrum
1985 2032 2150 2066 Corderii,
2170 2031 2300 2062 domini

1286 2099 1300 2114 »
1318 2095 1402 2125 pape
1432 2086 1677 2125 cappellanum⁷
1704 2094 1763 2125 pro
1784 2094 1820 2115 se
1838 2087 1869 2115 et
1891 2085 2075 2123 dompnum
2089 2084 2300 2116 Bel-nardum

1285 2149 1301 2170 »
1320 2140 1359 2170 de
1370 2139 1551 2174 Fornellis,
1563 2138 1802 2177 Lugdunensis
1819 2138 1976 2169 diocesis.
1989 2146 2090 2178 super
2101 2138 2243 2168 ecclesia
2258 2138 2298 2169 de

1285 2205 1300 2220 »
1320 2195 1423 2227 Ansa,
1444 2192 1596 2231 ejusdem
1621 2192 1778 2228 diocesis,
1798 2200 1899 2230 quam
1917 2191 2070 2230 interque
2087 2191 2240 2230 ipsorum
2258 2191 2301 2222 ad

1285 2256 1300 2275 »
1319 2255 1354 2276 se
1370 2248 1522 2284 spectare
1534 2245 1667 2279 asserit,
1684 2246 1755 2275 orta
1774 2245 1917 2275 materia
1935 2244 2136 2283 questionis,
2149 2246 2179 2275 et
2198 2253 2300 2275 causa

1284 2312 1298 2327 »
1318 2300 1391 2338 ipsa
1420 2308 1479 2338 per
1505 2298 1768 2337 appellationem
1785 2298 1827 2328 ad
1845 2298 1958 2328 sedem
1977 2297 2199 2336 apostolicam
2219 2297 2299 2337 legi-

1284 2363 1298 2381 »
1316 2353 1397 2383 time
1420 2352 1589 2386 devoluta,
1620 2352 1754 2382 tandem
1785 2351 1943 2381 dominus
1964 2359 2052 2389 papa
2068 2350 2299 2381 venerabilem

1285 2416 1299 2435 υ
1316 2409 1448 2445 patrem
1464 2405 1639 2435 dominum
1658 2405 1717 2439 M„
1740 2406 1853 2434 sancte
1868 2404 1972 2434 Mai-ie
1985 2404 2017 2433 in
2034 2403 2169 2434 Porticu
2188 2403 2300 2434 diaco—

1285 2470 1299 2488 »
1317 2468 1396 2489 num
1411 2458 1630 2492 cardinalem,
1650 2457 1741 2488 dedit
1763 2457 1796 2486 in
1812 2466 1913 2487 causa
1927 2456 2121 2495 hujusmodi
2141 2457 2295 2496 partibus

1284 2525 1298 2540 »
1319 2513 1519 2544 auditorem.
1548 2512 1587 2542 Et
1611 2511 1689 2542 licet
1708 2511 1798 2540 idem
1826 2510 2009 2540 cardinalis
2034 2518 2170 2540 causam
2188 2510 2299 2549 ipsam

1281 2575 1299 2596 »
1318 2565 1503 2597 venerabili
1519 2566 1590 2595 viro
1609 2564 1771 2603 magistro
1786 2563 1944 2599 dennuni,
1967 2563 2204 2594 archidiacono
2223 2563 2298 2594 Tri-

1283 2630 1298 2649 »
1319 2621 1477 2656 casn-ino,
1492 2618 1689 2657 cappellano
1702 2617 1842 2656 predicti
1855 2617 1983 2647 domini
1997 2626 2083 2656 pape
2104 2620 2134 2647 et
2146 2617 2298 2656 ejusdem

1283 2683 1298 2702 »
1317 2672 1510 2708 cardinalis,
1526 2671 1735 2701 connniserit
1752 2671 1966 2707 audiendam.
1980 2673 2096 2701 actam
2113 2679 2226 2701 coram
2245 2678 2299 2701 eo-

1282 2738 1297 2754 »
1313 2726 1390 2756 dem
1425 2725 1589 2755 cardinali
1619 2733 1720 2763 quam
1750 2724 1901 2762 predicto
1931 2723 2168 2754 archidiacono
2196 2731 2299 2762 super

1283 2789 1298 2808 »
1315 2779 1375 2809 hoc
1403 2778 1600 2817 aliquandiu
1618 2777 1768 2807 extiterit
1793 2777 1963 2815 litigatum
1985 2785 2021 2806 ac
2043 2777 2077 2806 in
2095 2785 2195 2806 causa
2224 2776 2299 2815 ipsa

1283 2845 1297 2859 υ
1316 2840 1525 2871 processum,
1556 2834 1668 2861 tamen
1706 2829 1912 2860 venerabilis
1940 2832 2036 2868 pater
2061 2829 2219 2859 dominus
2239 2829 2296 2866 H.,

1285 2897 1298 2912 »
1318 2885 1489 2917 Ostiensis
1516 2885 1708 2923 episcopus,
1744 2883 1783 2913 de
1819 2883 1958 2922 speciali
1983 2882 2134 2921 eJusdem
2168 2882 2298 2913 domiui

1284 2949 1299 2968 »
1318 2947 1402 2977 pape
1419 2938 1576 2968 mandato
1595 2936 1682 2967 sacto
1701 2935 1766 2966 sibi
1787 2936 1861 2966 vive
1880 2935 1971 2966 vocis
1988 2935 2137 2971 oraculo,
2158 2937 2192 2966 ut
2209 2935 2298 2966 dice-
