2519 3262
1066 298 1320 329 APPENDICE
1344 296 1386 326 Π.
2223 297 2254 323 31

185 396 389 434 spectantes,
410 402 485 424 cum
503 402 559 423 eas
572 401 688 423 vacare
703 392 875 431 contingit,
892 391 1061 421 interdum
1073 391 1195 420 fratres

184 448 289 478 vestri
308 447 438 477 ordinis
455 446 655 485 plerumque
668 454 746 475 vero
760 445 898 475 idoneos
910 444 1050 474 clericos
1067 444 1196 473 secula-

184 509 250 536 res,
267 500 324 539 qui
337 499 512 530 vobiscum
526 499 558 529 in
572 499 695 529 vestris
710 497 867 528 domibus
884 497 1144 532 commorantes,
1163 497 1195 525 in

184 562 303 584 mensa
318 555 431 583 vestra
447 552 663 582 comedantet
676 551 846 581 dormiant
866 551 899 579 in
911 551 1024 579 vestro
1037 549 1195 579 dormito-

185 607 246 641 rio,
259 606 450 636 diocesanis
463 605 643 644 episcopis,
662 606 760 643 prout
771 604 812 633 ad
824 612 883 633 vos
894 602 1050 641 pertinet,
1066 610 1199 640 presen-

184 659 277 695 tetis,
291 659 429 698 quidam
440 658 591 696 ipsorum
609 667 667 688 eos
677 656 853 687 admittere
864 665 923 694 pro
937 664 997 685 sue
1012 655 1196 684 voluntatis

185 712 325 742 arbitrio
336 712 582 747 contradicunt,
601 711 668 740 nisi
684 712 814 740 tantum
834 709 883 739 eis
901 709 940 738 de
959 709 1110 746 ipsarum
1123 717 1197 746 pro-

184 765 341 795 ventibus
354 765 547 803 assignetur
559 764 647 803 quod
660 763 726 793 sibi
739 765 770 793 et
787 763 871 797 suis,
887 763 982 791 extra
995 761 1113 790 domos
1125 769 1195 790 ves-

183 821 254 849 tras
262 818 486 854 morantibus,
496 818 593 856 plene
604 817 750 846 sufficiat
759 817 796 846 ut
808 814 1076 853 hospitalitatem
1086 813 1198 844 obser-

184 874 262 902 vent
280 873 312 902 et
334 872 373 901 de
389 871 525 909 juribus
545 869 796 909 episcopalibus
818 867 1008 898 diocesanis
1029 867 1198 905 episcopis

184 925 313 963 integre
327 923 705 962 studeantrespondere,
718 930 911 961 quanquam
921 920 1197 958 vosbospitalita-

183 980 252 1008 tem
267 979 410 1008 servetis
421 987 457 1008 ac
467 977 537 1007 illis
548 977 587 1006 de
599 975 828 1015 ipsisJ‘nribus
840 974 917 1004 sitis
929 973 1132 1012 respondere
1144 981 1198 1011 pa-

184 1032 260 1062 rati.
271 1032 380 1067 Quare
392 1031 453 1061 fuit
462 1039 521 1069 pro
531 1029 628 1060 vobis
638 1028 813 1058 humiliter
824 1027 1052 1066 supplicatum
1062 1027 1110 1062 ut,
1122 1034 1197 1056 cum

183 1086 322 1123 propter
341 1084 401 1114 hoc
420 1083 534 1113 eedem
554 1081 695 1112 ecclesie
720 1080 845 1111 debitis
871 1079 1045 1119 obsequiis
1066 1079 1198 1109 defrau-

184 1137 305 1167 dentur
317 1139 347 1167 et
358 1136 453 1167 vobis
467 1144 624 1174 magnum
636 1134 813 1164 immineat
823 1133 1075 1168 detrimentum,
1087 1132 1198 1171 provi-

183 1191 262 1220 dere
274 1199 375 1228 super
391 1189 458 1219 hiis
471 1188 737 1218 misericorditer
750 1188 977 1226 dignaremur.
991 1186 1124 1216 Vestris
1138 1185 1198 1224 igi-

182 1245 238 1274 tur
247 1242 555 1281 supplicationibus
565 1241 747 1280 benignum
761 1241 994 1279 impertientes
1005 1247 1196 1273 assensum,

182 1296 392 1335 presentium
408 1295 504 1325 vobis
519 1295 718 1325 auctoritate
729 1293 946 1324 concedimus
957 1294 993 1323 ut
1002 1292 1197 1331 hujusmodi

182 1358 347 1388 personas
364 1349 503 1379 idoneas
514 1348 656 1387 prefatis
670 1347 873 1383 diocesanis‚
888 1355 972 1385 quos
985 1347 1019 1376 in
1034 1354 1197 1385 personas

183 1403 276 1441 ipsas
300 1403 396 1433 illam
411 1402 684 1441 jurisdictionem
708 1401 830 1431 habere
849 1400 1008 1430 volumus
1025 1408 1125 1438 quam
1142 1399 1196 1429 ha-

182 1455 262 1486 bent
287 1457 321 1486 in
347 1456 433 1486 alios
454 1457 601 1485 rectores
620 1454 840 1484 ecclesiarum
863 1462 1001 1483 suarum
1021 1453 1196 1482 civitatum

183 1510 215 1539 et
231 1509 429 1544 diocesium,
445 1509 486 1538 ad
501 1508 635 1538 easdem
654 1507 815 1538 ecclesias
834 1506 930 1537 vobis
947 1506 1047 1536 liceat
1063 1514 1196 1544 presen-

183 1564 268 1598 tare,
280 1561 462 1592 dummodo
477 1561 564 1591 dicte
578 1561 720 1591 ecclesie
737 1560 868 1590 nullum
885 1560 1051 1590 defectum
1067 1559 1101 1588 in
1113 1559 1197 1588 divi-

184 1615 238 1645 nis
263 1615 386 1645 officiis
405 1615 578 1652 patiantur
601 1615 633 1644 et
652 1614 691 1644 de
711 1614 891 1652 premissis
912 1612 1047 1651 juribus
1066 1610 1204 1642 faciatis

183 1669 335 1698 locorum
352 1668 522 1706 episcopis
540 1667 690 1706 plenarie
712 1667 920 1705 responderi.
940 1666 1035 1696 Nulli
1052 1674 1130 1705 ergo
1146 1683 1195 1694 -.

184 1722 219 1753 Si
251 1722 328 1760 quis
353 1738 399 1750 -.
426 1721 552 1751 Datum
577 1720 732 1755 Viterbii‚
754 1730 789 1750 111
814 1720 977 1749 kalendas
996 1718 1196 1753 decembris,

184 1775 399 1814 pontificatus
421 1775 527 1804 nostri
547 1782 632 1804 anno
650 1774 774 1813 primo.
802 1785 816 1802 »

670 1923 797 1954 Viterbe,
820 1924 858 1949 le‘
877 1922 1032 1949 decembre
1048 1923 1124 1949 lzzol.

272 1927 370 1957 2376

218 2009 321 2037 Abbati
339 2009 469 2036 Cistercii
487 2009 603 2044 ejusque
622 2007 809 2035 coabbatibus
825 2010 853 2034 et
870 2007 1057 2034 conventibus
1079 2007 1197 2033 univer-

183 2060 222 2087 sis
244 2058 443 2087 cisterciensis
469 2057 578 2084 ordinis
601 2066 652 2084 sua
674 2057 739 2092 jura
759 2059 788 2083 ct
812 2056 1012 2083 immunitates
1034 2057 1196 2083 confirmat.

181 2110 278 2145 (Auen.
301 2115 337 2135 oc
353 2108 516 2138 Cumanos,
534 2107 628 2139 r168l3
647 2106 793 2133 Pomnsw
811 2106 920 2139 lslffl.)

222 2207 237 2226 «
257 2196 396 2226 Urbanus
409 2196 577 2235 episcopus,
591 2204 693 2224 servus
703 2204 857 2224 servorum
874 2194 940 2229 Dei,
957 2193 1074 2223 dilectis
1088 2193 1175 2233 filiis.
1189 2219 1195 2224 .

183 2249 285 2279 abbaci
304 2249 456 2286 &ster-cii,
477 2249 601 2289 ejusque
617 2247 810 2278 coabbatibus
823 2253 850 2277 el
867 2247 1060 2276 conventibus
1078 2247 1198 2276 univer-

179 2303 221 2332 siS
240 2302 448 2333 Cisterciensis
467 2302 595 2336 ordinis,
610 2301 738 2331 salutem
752 2306 779 2330 et
796 2300 995 2340 aposcolicam
1014 2299 1197 2330 benedictio-

183 2365 259 2385 nem.
276 2356 360 2386 Cum
374 2365 392 2386 a
405 2355 503 2386 nobis
517 2373 565 2384 —-.
578 2355 704 2386 Datum
715 2354 874 2391 Viterbii,
892 2354 1049 2384 kalendis
1065 2354 1195 2384 decem-

181 2409 264 2444 bris,
285 2409 498 2447 pontisscatus
516 2408 624 2439 nostri
643 2416 730 2438 anno
752 2408 874 2446 primo.
898 2417 913 2436 1)

274 2560 371 2590 2877
693 2556 819 2585 Viterbe,
836 2558 853 2583 ὓ
868 2557 1022 2584 decembre
1042 2558 1124 2584 1261.

219 2641 407 2676 Privilegium
421 2649 472 2675 pro
486 2641 585 2668 ordine
603 2640 897 2668 Praemonstratensi.
915 2642 1014 2676 (ARcu.
1031 2642 1068 2668 du
1084 2642 1199 2668 (1111111-

184 2700 243 2723 005,
260 2699 276 2718 11
294 2691 320 2717 4.
338 2691 485 2717 l'orrnasr
503 2690 614 2724 18179.)

224 2788 241 2809 ((
265 2778 404 2807 (Ab-banus
434 2777 604 2817 episcopus,
629 2786 732 2806 servus
756 2786 911 2806 servorum
939 2776 1006 2813 Dei,
1031 2776 1149 2807 dilectis
1166 2777 1199 2805 in

187 2831 310 2862 Christo
336 2831 410 2871 siliis
426 2830 595 2865 abbatibus,
617 2830 794 2870 prepositis,
815 2829 971 2869 prioribus
987 2830 1199 2859 Premonsera-

186 2886 275 2914 tensis
295 2884 422 2920 ordinis,
440 2883 567 2913 salutem
579 2883 615 2922 {cc
629 2883 826 2922 apostolicam
847 2882 1093 2913 benedictionem.
1113 2883 1200 2918 Quia

186 2938 289 2978 igitur
318 2946 378 2968 vos
402 2954 452 2965 —.
481 2937 606 2967 Datum
631 2935 791 2972 Viterbii,
812 2945 871 2966 vni
896 2936 973 2966 idus
996 2935 1198 2971 decembris,

186 2992 404 3030 pontificatus
421 2990 531 3020 nostri
553 2997 640 3020 anno
657 2990 779 3028 primo.
803 2999 818 3018 >›

1741 386 1866 417 Vitcrbe,
1891 387 1920 412 12
1941 386 2093 412 decembre
2114 387 2188 412 12131.

1344 389 1441 420 2878

1289 468 1462 495 ¹tuximanos
1486 466 1618 492 hortatur
1642 469 1668 491 111
1701 467 1736 492 ad
1760 466 1940 492 devotionern
1963 466 2106 492 [Romanae
2122 465 2261 491 ecclcsiae

1254 518 1380 544 redeant.
1400 517 1496 550 (Auen.
1517 523 1709 541 Mt'Nltlll‘.x1.E.<
1727 516 1853 541 n'tjmno.
1871 516 2034 547 Pergnzmene
2049 521 2080 540 n⁰
2095 516 2152 544 33.)

1293 604 1307 623 (1
1329 594 1468 624 Urbanus
1487 594 1653 633 episcopus.
1674 603 1774 622 seruus
1789 603 1942 622 seruorum
1962 593 2025 621 Dei.
2042 593 2213 630 .poles!(1li.
2230 617 2234 621 .
2253 618 2258 622 .

1254 648 1426 687 rapilctnco,
1443 647 1567 676 consilio
1585 652 1611 675 el
1628 647 1778 675 conznzzcni
1794 647 1971 675 Ausimanis
1986 647 2127 685 spir-ilum
2142 646 2262 675 consilii

1254 701 1396 730 sanioris.
1407 700 1570 730 Navicule
1587 700 1677 729 Petri
1688 708 1788 738 qnam
1803 699 1909 729 nobis.
1927 700 2003 729 11001
2022 700 2180 737 indignis,
2195 709 2261 729 0111-

1255 755 1412 793 nipotens
1437 754 1530 784 Deus
1548 753 1759 783 committere
1777 752 1894 785 voluit,
1914 755 2070 790 suscepto
2089 753 2263 791 regimine,

1254 808 1452 846 priusquam
1469 807 1542 845 ejus
1554 807 1593 836 de
1608 806 1766 836 litoribus
1783 806 1859 836 fune
1876 805 1997 841 soluto,
2017 806 2155 835 sinuosa
2171 806 2264 835 illius

1254 861 1328 891 vela
1343 861 1453 891 ventis
1468 860 1636 898 explicata
1648 859 1872 895 traderemus,
1888 867 1983 888 mens
1995 861 2110 888 nostra
2122 859 2263 888 cons-illo

1255 923 1422 952 propenso
1435 913 1604 952 disposuit
1617 913 1664 942 510
1679 913 1826 942 tumidos
1836 921 2034 951 guerrarum
2052 914 2082 941 et
2097 912 2264 941 discordie

1255 968 1388 1002 fluctus,
1404 966 1529 1005 quibus
1547 975 1638 996 mare
1654 966 1755 1004 hujus
1774 965 1879 995 seculi
1896 965 2021 1003 ubique
2035 974 2070 994 ac
2086 964 2263 1003 presertim

1256 1020 1289 1050 in
1308 1019 1462 1059 partibus
1478 1019 1586 1053 ltalie⁷
1602 1018 1810 1049 irruentibus
1826 1018 1936 1048 ventis
1953 1027 1971 1047 a
1988 1017 2121 1057 regione
2142 1018 2266 1048 deserti

1255 1073 1407 1111 illudque
1420 1072 1703 1107 concutientibus,
1716 1074 1866 1107 estuans,
1882 1071 1940 1101 illo
1956 1070 2054 1101 nobis
2066 1073 2265 1109 cooperante

1256 1127 1312 1164 qui
1326 1126 1410 1156 mari
1423 1127 1455 1156 et
1470 1126 1580 1156 ventis
1598 1125 1739 1163 imperat
1757 1126 1789 1154 et
1805 1125 1924 1154 statuit
1941 1124 2107 1162 procellas
2121 1124 2153 1153 in
2167 1133 2267 1154 auras

1256 1180 1417 1210 australis
1440 1180 1533 1218 pacis
1561 1181 1592 1209 et
1611 1178 1787 1209 concordie
1813 1178 1949 1208 levitate
1979 1177 2205 1208 substernere.
2231 1179 2267 1208 nt

1255 1242 1330 1262 cum
1354 1233 1388 1262 in
1413 1233 1519 1262 altum
1545 1232 1654 1270 ipsius
1683 1231 1787 1261 seculi
1815 1231 1955 1269 pelagus
1973 1231 2088 1261 eadem
2110 1231 2267 1261 navicula

1255 1289 1371 1316 nostra
1389 1285 1502 1322 fuerit,
1521 1287 1655 1315 auctore
1669 1285 1825 1320 Domino,
1840 1284 2080 1323 gubernatione
2093 1284 2265 1322 perducta,

1255 1339 1383 1369 sedatis
1395 1339 1544 1377 undique
1556 1338 1756 1376 procellosis
1772 1337 1978 1368 turbinibus.
1998 1337 2129 1376 placida
2146 1340 2175 1367 et
2195 1338 2266 1375 qui-

1255 1394 1308 1422 eta
1320 1392 1429 1431 possit
1441 1400 1567 1430 equora
1580 1391 1732 1421 officiosa
1747 1399 1916 1420 remorum
1928 1390 2184 1428 repercussione
2201 1390 2266 1420 sul-

1255 1454 1329 1475 care
1349 1454 1385 1475 ac
1403 1445 1445 1475 ad
1462 1447 1596 1483 portmn
1615 1444 1747 1479 salutis,
1768 1444 1883 1473 suavis
1898 1443 2045 1473 flaminis
2061 1452 2141 1473 aura
2158 1443 2268 1481 ipsius

1255 1498 1491 1529 reverberante
1508 1498 1622 1533 lintea,
1640 1497 1783 1527 feliciter
1800 1497 1986 1535 pervenire.

1295 1550 1500 1589 Hujusmodi
1524 1551 1636 1580 autem
1659 1549 1807 1579 salubris
1832 1549 2031 1579 intentionis
2056 1551 2168 1578 nostre
2196 1558 2269 1587 pro-

1256 1604 1405 1642 positum
1426 1605 1542 1633 noster
1561 1603 1695 1632 animus
1720 1611 1786 1632 non
1808 1603 1880 1632 sine
1907 1602 2022 1632 divina
2044 1602 2266 1640 inspiratione

1255 1657 1419 1695 concepit,
1432 1656 1606 1694 cupientes
1617 1656 1657 1685 ud
1666 1665 1726 1685 vos
1739 1658 1769 1685 et
1785 1655 1870 1685 alios
1880 1655 2025 1685 Marchie
2036 1655 2267 1685 Anchonitane

1256 1710 1410 1749 populos,
1425 1718 1510 1748 quos
1522 1719 1540 1739 a
1558 1709 1720 1738 fidelitate
1735 1717 1770 1738 ac
1787 1708 1964 1738 devotione
1982 1709 2132 1738 Romane
2149 1709 2267 1737 matris

1256 1764 1397 1794 ecclesie
1412 1763 1555 1802 quedam
1566 1762 1663 1801 quasi
1676 1762 1797 1792 levitas
1809 1762 1971 1791 mentium
1983 1761 2186 1800 aliquorum,
2199 1761 2266 1791 for-

1257 1817 1345 1847 sitan
1359 1817 1442 1846 duro
1453 1815 1616 1854 regimine
1631 1816 1811 1853 provocata
1822 1818 1852 1845 et
1865 1816 2076 1852 exasperata,
2090 1814 2264 1850 subduxit,

1256 1871 1289 1899 in
1306 1870 1407 1908 hujus
1421 1871 1534 1899 nostre
1547 1868 1708 1898 novitatis
1724 1868 1822 1898 initio
1840 1876 1878 1897 eo
1895 1867 2065 1897 attentiori
2080 1869 2111 1897 et
2124 1876 2263 1906 propen-

1257 1923 1339 1953 siori
1354 1924 1547 1953 convertere
1566 1921 1689 1955 studio,
1712 1930 1777 1959 quo
1796 1920 1930 1950 clariori
1948 1923 1979 1950 et
1997 1920 2148 1950 fermiori
2169 1921 2268 1950 certi-

1256 1976 1372 2006 tudine
1386 1977 1543 2006 tenemus
1560 1976 1592 2004 et
1608 1974 1765 2004 novimus
1783 1973 1968 2003 marchiam
1984 1973 2123 2004 eandem
2143 1974 2266 2012 princi-

1256 2030 1367 2069 palius
1389 2031 1421 2059 et
1440 2028 1647 2067 peculiarius
1669 2028 1709 2057 ad
1727 2027 1866 2057 eandem
1890 2027 2057 2065 pertinere
2075 2027 2267 2062 ecclesiam,

1257 2091 1384 2122 vosque
1398 2081 1580 2121 specialius
1596 2083 1627 2111 et
1643 2081 1777 2119 plenius
1790 2080 1855 2119 ipsi
1870 2080 2009 2110 ecclesie
2026 2080 2164 2118 ejusque
2183 2082 2268 2110 tem-

1256 2136 1365 2175 porali
1382 2136 1532 2166 dominio
1549 2134 1734 2173 subjacere.
1748 2134 1834 2163 Nam
1848 2133 1925 2163 licet
1938 2142 2014 2172 erga
2033 2134 2198 2172 prefatam
2218 2143 2267 2163 ec-

1257 2190 1408 2224 clesiam,
1424 2191 1572 2219 vestram
1585 2190 1726 2218 matrem
1737 2189 1768 2217 et
1781 2187 1965 2223 dominam,
1978 2187 2031 2216 usi
2048 2187 2181 2217 fueritis
2193 2188 2268 2217 hac-

1257 2245 1356 2273 tenus
1365 2244 1397 2273 et
1405 2242 1547 2272 utamini
1558 2241 1683 2271 duritia
1693 2240 1939 2279 privignorum,
1949 2240 2027 2279 quia
2035 2242 2146 2270 tamen
2154 2243 2268 2271 tenera

1257 2297 1377 2327 matris
1392 2296 1522 2326 affectio
1539 2295 1578 2325 de
1595 2294 1689 2324 duris
1707 2294 1808 2324 etiam
1827 2293 1909 2323 filiis
1925 2302 1997 2323 eam
2013 2293 2158 2332 cogitare
2179 2303 2267 2323 com-

1258 2350 1367 2388 pellit,
1386 2358 1462 2379 cum
1478 2356 1650 2387 nunquam
1670 2347 1816 2386 genitrix
1833 2347 1942 2385 possit
1956 2348 2111 2376 natorum
2127 2355 2267 2376 suorum

1257 2402 1455 2434 excessibus
1471 2401 1648 2440 provocari
1667 2401 1747 2439 quin
1766 2401 1851 2438 ipsa,
1876 2400 1981 2429 nativi
2001 2399 2125 2429 federis
2144 2399 2266 2430 unione

1258 2456 1451 2492 constricta,
1475 2456 1515 2485 de
1536 2454 1606 2484 illis
1630 2462 1764 2492 semper
1791 2453 1891 2482 velud
1915 2453 2040 2482 timens
2066 2454 2096 2482 et
2123 2453 2266 2491 pervigil

1256 2510 1450 2543 meditetur,
1479 2508 1617 2547 dignum
1641 2507 1711 2537 fore
1729 2506 1939 2545 providimus
1955 2505 1996 2535 ad
2011 2505 2266 2536 conversionem

1257 2565 1402 2594 vestram
1413 2561 1587 2600 primitiva
1599 2561 1713 2590 nostre
1729 2559 1971 2589 sollicitudinis
1986 2558 2099 2588 studia
2113 2559 2265 2589 derivare

1257 2626 1294 2647 ac
1318 2615 1472 2646 laborare
1495 2614 1688 2644 constanter
1712 2612 1753 2642 ad
1776 2612 1838 2642 hoc
1857 2613 1905 2645 ut,
1928 2611 2045 2642 relicta
2064 2611 2266 2650 perditionis

1257 2670 1311 2700 via
1327 2677 1393 2708 qua
1415 2666 1605 2706 periculose
1621 2665 1788 2701 inceditis,
1805 2665 1844 2694 ad
1861 2664 1984 2694 salutis
2001 2666 2034 2694 et
2052 2665 2267 2695 rectitudinis

1256 2722 1426 2753 tramitem
1445 2722 1515 2751 tute
1538 2728 1575 2750 ac
1598 2719 1753 2748 celeriter
1771 2718 1929 2748 redeatis.
1946 2718 1986 2747 Et
2004 2717 2141 2756 quidem
2158 2718 2267 2748 nostis

1257 2775 1346 2815 quod
1362 2773 1547 2812 apostolica
1567 2772 1664 2802 sedes
1679 2771 1767 2801 circa
1783 2779 1984 2809 prosperum
2003 2773 2035 2800 et
2052 2770 2184 2801 felicem
2202 2774 2267 2802 sta-

1257 2831 1328 2859 tum
1341 2828 1428 2858 dicte
1443 2826 1601 2860 Marchie,
1615 2824 1677 2855 sub
1687 2825 1883 2854 diversitate
1895 2826 2097 2862 temporum,
2113 2824 2267 2855 adhibuit

1257 2890 1358 2920 quam
1375 2880 1485 2919 potuit
1503 2887 1600 2918 opem
1625 2879 1657 2908 et
1679 2886 1813 2916 operam
1835 2876 2005 2907 efficacem
2024 2885 2083 2907 nec
2102 2877 2266 2916 ignoratis

1257 2936 1338 2973 quot
1356 2933 1620 2971 persecutiones,
1639 2932 1720 2970 quot
1748 2932 1956 2965 vexationes,
1984 2931 2065 2969 quot
2090 2930 2266 2961 molestias

1259 2990 1291 3018 et
1303 2994 1492 3026 pressuras,
1511 2985 1685 3015 occasione
1697 2984 1843 3014 Marchie
1857 2984 1978 3022 ipsiuS,
1995 2983 2111 3014 eadem
2124 2983 2267 3014 ecclesia
