2659 3242
86 177 125 207 86

103 417 173 444 1262

85 466 168 495 avril
192 466 218 492 1.

121 577 136 594 »
190 568 218 595 3.

121 826 135 840 »
190 816 205 842 4
211 838 216 843 .

121 1025 134 1041 n
187 1016 214 1043 5.

119 1370 135 1387 »
196 1371 210 1385 »

120 1571 134 1586 ))
191 1573 204 1585 >D

120 1869 134 1884 ))
189 1867 203 1883 ))

119 2213 133 2228 ))
190 2213 203 2228 ))

121 2412 136 2428 »
190 2410 205 2426 1)

123 2708 137 2724 ))
183 2699 212 2725 13
217 2720 222 2725 .

124 2858 138 2873 »
176 2847 218 2875 17.

244 415 364 443 Viterbe.

906 167 1060 197 'l'ABLES
1085 166 1138 197 DU
1161 165 1364 196 REGISTRE
1387 165 1583 197 D’URBAIN
1607 167 1647 197 IV

1040 261 1114 286 Pugen.
1142 260 1250 279 Numerus.

407 314 495 349 ginta
515 313 582 340 dies
609 311 644 338 de
673 311 824 345 injunctis
847 309 907 337 sibi
935 310 1038 346 poeni-

406 362 499 389 teniis
518 362 649 387 relaxat.

441 416 519 441 Cum
552 413 705 447 magistro
735 411 895 438 Bernardo
927 411 1060 447 Ispanol

405 471 498 498 super
529 461 723 497 possessione
758 460 899 496 plurium
926 460 1038 488 benefi-

404 513 524 539 ciorum
548 512 718 546 dispensat.

441 565 631 592 Monastcrio
657 564 692 590 de
719 562 867 595 Castello,
886 563 1057 595 &amera-t

405 614 505 641 censis
528 614 674 647 diocesis,
704 612 847 647 indulget
875 614 920 644 ut,
940 612 1038 639 donec

404 665 606 690 exoneratum
636 655 736 689 'suerit
768 661 804 688 ab
835 660 1035 689 0118181181ιί-

404 715 519 746 torum,
555 711 591 738 ad
616 711 808 738 solutionem
840 710 1023 745 pensionum

405 760 534 787 minime
555 762 711 787 teneatur.

437 814 583 841 Alatrino
605 813 751 840 Rimanni
775 816 803 840 81
829 811 964 839 Letitiae
989 811 1056 844 111-Ι

403 862 512 897 dulget
524 865 570 891 ut.
582 870 641 889 non
658 861 802 887 obstante
819 860 1039 895 consanguini-

404 913 479 939 tatis
500 911 672 944 obstaculo,
697 910 976 937 matrimonialiter
997 909 1035 935 311

404 961 538 987 invicem
558 960 700 995 copulari
723 959 854 994 possint.

439 1014 562 1040 Decano
574 1016 605 1040 et
618 1012 757 1047 capitulo
774 1011 1038 1039 Laudunensibus
1055 1012 1059 1043 Ι

402 1063 559 1097 significat
571 1070 601 1089 se
617 1062 786 1088 decernere
804 1064 839 1087 ut
851 1067 956 1087 omnes
968 1068 1037 1095 per-

402 1119 493 1138 sonae
523 1118 602 1145 quae
630 1110 662 1136 in
686 1109 803 1137 diocesi
830 1108 1035 1136 Laudunensi

405 1161 434 1186 in
463 1160 592 1187 abbates
623 1158 881 1186 monasteriorum
916 1157 1038 1184 ordinis

404 1209 728 1238 praemonstratensis
757 1207 931 1241 eligantur,
953 1207 1035 1241 capi-

405 1259 470 1286 tulo
506 1258 731 1291 snbjectionem
763 1258 795 1284 et
822 1256 1036 1283 obedientiam

405 1307 600 1341 promittant.

440 1360 562 1386 Decano
604 1358 794 1385 virdunensi
835 1357 963 1384 mandat
1003 1360 1037 1384 ut
1055 1358 1058 1389 Ι

403 1410 578 1445 proximam
606 1407 804 1442 superiorem
834 1406 1036 1433 constitutio-

402 1466 483 1489 nem,
521 1466 538 1484 a
573 1456 732 1484 canonicis
767 1455 1036 1482 Laudunensibus

403 1507 616 1542 impetratam,
634 1505 795 1533 observari
814 1508 914 1532 curet.

437 1560 559 1586 Decano
582 1559 754 1586 Senonensi
775 1557 901 1584 mandat
927 1562 1034 1592 quate·
1053 1558 1057 1591 Ι

401 1616 459 1635 nus
479 1608 607 1635 abbates
632 1607 959 1635 Praemonstratensis
984 1615 1036 1633 or—

400 1657 494 1691 dinis,
508 1657 731 1684 Laudunensis
745 1656 892 1687 diocesis,
905 1655 961 1691 qui
982 1664 1035 1682 ca-

400 1705 502 1741 pitulo
527 1705 729 1732 Laudunensi
765 1705 974 1732 reverentiam
1005 1706 1037 1730 et

401 1755 613 1782 obedientiam
634 1762 730 1789 super
752 1752 852 1780 altare
879 1761 939 1780 non
965 1760 1035 1788 pro-

404 1804 559 1838 miserint,
577 1803 612 1829 ad
635 1802 666 1829 111
687 1802 867 1837 compellat.

438 1858 560 1883 Decano
575 1859 603 1882 et
621 1855 758 1890 capitulo
772 1855 1036 1883 Laudunensibus
1054 1857 1058 1888 Ι

402 1905 604 1939 significatse
619 1904 789 1932 decernere
807 1906 841 1930 01
856 1912 1038 1938 0100831181·-

402 1961 493 1981 sonae
506 1961 597 1988 quae,
607 1953 636 1979 in
650 1952 854 1980 Laudunensi
866 1952 996 1985 diocesi,
1006 1953 1037 1979 in

403 2003 533 2030 abbates
554 2002 819 2029 monasterhirum
847 2001 1036 2028 Cistercien-

402 2052 485 2079 sium
516 2051 686 2085 eligantur.
709 2051 788 2084 ipsis
811 2050 1037 2084 subjectionem

403 2103 434 2128 et
450 2100 660 2127 obedientiam
680 2099 801 2126 debitas
818 2107 913 2134 super
936 2098 1035 2126 altare

403 2149 600 2185 promittant.

437 2204 559 2229 Decano
578 2201 765 2228 Virdunensi
782 2201 908 2229 mandat
929 2203 1036 2236 quate·
1054 2202 1057 2233 Ι

402 2259 460 2278 nus
477 2251 652 2286 proximam
673 2250 869 2285 superiorem
885 2250 1037 2277 coustitu-

403 2301 532 2331 tionem,
554 2308 571 2326 a
594 2299 752 2325 canonicis
771 2298 1036 2326 Lauduncnsibus

403 2350 618 2383 impetratam,
635 2348 796 2375 observari
818 2350 915 2374 curet.

443 2403 564 2429 Decano
584 2401 753 2428 senonensi
774 2400 901 2427 mandat
921 2404 1036 2435 quate—
1053 2401 1057 2435 Ι

404 2459 462 2478 nus
489 2451 618 2477 abbates
644 2450 881 2483 (listcrcicnses,
908 2450 1038 2476 haudu-

404 2499 668 2532 11811313111008313,
685 2500 739 2533 qui
756 2498 897 2533 capitulo
913 2498 1036 2525 113111111-

405 2548 491 2575 nensi
526 2548 733 2574 reverentiam
777 2550 806 2574 et
844 2547 1037 2573 obdientiam

405 2605 498 2631 super
515 2597 614 2623 altare
637 2604 695 2623 uon
716 2596 931 2631 promiserint,
948 2595 985 2622 ad
1007 2595 1037 2622 id

406 2644 584 2678 compellat.

442 2700 520 2724 (lum
540 2698 686 2730 Fortone,
702 2696 926 2724 archidiacono
939 2697 1035 2724 Xanc-
1054 2698 1058 2732 Ι

407 2746 536 2774 1111181131,
567 2746 729 2780 dispumat
761 2754 855 2780 super
895 2745 1034 2781 plurium

406 2795 627 2821 beneficiorum
645 2794 835 2822 detentione.

440 2848 579 2874 Alsonso,
593 2848 659 2881 regi
671 2848 825 2874 Castellae
837 2852 866 2876 et
878 2848 1036 2881 Legionis,
1055 2849 1059 2880 Ι

1112 411 1146 437 26
1163 411 1167 442 1

1109 562 1142 589 26
1160 562 1164 594 1

1108 811 1163 843 271

1110 1011 1165 1043 271

1109 1854 1142 1882 28
1159 1857 1164 1887 Ι

1217 410 1250 436 82

1216 560 1250 589 84

1215 809 1250 837 86

1215 1010 1248 1036 87

1215 1357 1249 1384 88

1213 1558 1248 1585 89

1214 1855 1250 1882 90

1216 2200 1279 2226 91¹

1215 2385 1279 2427 92ἶ

1215 2844 1279 2875 93’

1327 840 1395 867 1262

1309 889 1388 916 avril
1406 889 1450 917 18.

1344 947 1358 962 ))
1405 948 1419 963 ))

1345 1291 1359 1306 1)
1409 1281 1450 1310 19.

1344 1636 1359 1652 »
1404 1627 1450 1656 26.

1470 841 1589 870 Viterbe.

2268 265 2343 290 rugen,
2372 266 2481 286 Numeros,

1630 309 1685 336 per
1705 302 1893 336 magistrum
1913 303 1961 336 R„
1984 305 2143 331 notarium
2163 311 2267 337 suum,

1631 351 1810 385 exposcenti
1842 356 1874 379 ut
1905 352 1942 379 ad
1979 353 2107 387 imperii
2133 353 2263 380 Romani

1631 398 1797 434 fastigium
1811 408 1828 427 a
1842 409 1923 436 papa
1937 404 2095 432 evocetur,
2108 401 2266 434 ejusdem-

1631 455 1692 482 que
1710 456 1857 475 coronam
1880 458 1916 476 ex
1941 451 2008 484 eJus
2029 450 2177 477 manibus
2203 458 2267 478 sus-

1631 496 1739 531 cipiat,
1768 497 1917 525 rescribit
1943 498 2126 534 perplexam
2159 499 2268 526 admo-

1630 544 1705 571 dum
1729 554 1794 574 esse
1820 550 1917 582 atque
1948 547 2123 575 involutam
2153 555 2266 575 causae

1628 595 1839 629 aequitatem,
1855 604 1924 623 cum
1944 605 1979 623 ex
1999 596 2132 624 adverso
2154 597 2264 624 Ricar-

1629 648 1697 675 dus‚
1733 653 1835 673 comes
1869 645 2059 679 Cornuhiae,
2093 646 2263 681 imperium

1629 696 1689 723 sibi
1708 695 1815 723 deberi
1833 695 2010 722 contendat.
2030 695 2157 722 Dictum
2175 695 2264 722 (1801-

1632 752 1693 779 que
1707 744 1896 778 magistrum
1907 743 1944 770 ad
1964 751 2066 778 regem
2078 744 2261 771 redeuntem

1630 794 1657 820 ei
1682 792 1891 820 commendat.

1665 841 1781 869 Abbati
1798 845 1829 869 et
1844 842 2034 868 monasterio
2050 850 2074 868 s.
2094 842 2174 869 Sixti
2191 841 2261 868 Pla·
2281 843 2286 872 Ι

1628 891 1747 919 centini
1766 891 1977 926 possessiones
1998 890 2173 918 confirmat.

1663 940 1780 967 Abbati
1803 939 1986 966 monasterii
2011 948 2035 967 s.
2062 940 2171 967 Savini
2196 938 2287 971 Pla-l

1628 989 1745 1016 centini
1777 988 1906 1016 mandat
1939 992 1973 1016 ut
2010 988 2202 1016 abbatissam
2237 990 2266 1014 et

1630 1040 1818 1065 conventum
1859 1045 1884 1063 3.
1926 1037 2100 1069 Francisci,
2147 1036 2268 1064 ordinis

1629 1096 1656 1114 s.
1675 1087 1831 1116 Dauniam,
1849 1087 2017 1122 compellat
2039 1090 2073 1113 ut
2094 1085 2218 1113 litteras
2236 1087 2267 1112 et

1631 1143 1804 1170 processus,
1825 1143 1877 1163 eas
1898 1135 1930 1162 in
1950 1135 2178 1171 possessionem
2198 1142 2263 1161 mo-

1629 1185 1761 1212 nasterii
1773 1193 1798 1212 s.
1815 1184 1895 1212 sixti
1911 1185 2084 1214 mittentes,
2101 1184 2167 1211 sine
2180 1183 2264 1210 dila-

1629 1233 1712 1260 tione
1735 1233 1914 1260 exhibeant.
2279 1224 2283 1233 ¹

1664 1282 1838 1310 Ecclesiam
1863 1290 1885 1309 3.
1913 1281 2056 1309 Andreae
2082 1281 2119 1308 de
2144 1281 2283 1315 Ρ13113,Ι

1628 1331 1665 1358 ad
1682 1331 1982 1366 Jerosolymitanam
2010 1331 2175 1358 ecclesiam
2193 1338 2266 1366 per-

1630 1382 1794 1412 tinentem,
1823 1381 1955 1414 ejusque
1991 1379 2198 1414 pertinentias
2227 1380 2266 1407 ab

1629 1430 1715 1457 omni
1732 1429 2042 1464 archiepiscoporum
2059 1430 2089 1455 et
2110 1429 2267 1463 episcopo-

1628 1486 1701 1505 rum
1724 1478 1947 1513 jurisdictione
1971 1477 2083 1504 eximit
2109 1479 2154 1504 ita
2177 1477 2262 1512 quod

1628 1527 1688 1554 soli
1740 1526 2011 1561 Jerosolymitano
2060 1525 2263 1561 patriarchae

1628 1576 1742 1603 subsit.

1663 1624 1792 1658 Jacoho,
1820 1625 2002 1658 Aragonum
2029 1623 2108 1657 regi,
2139 1623 2195 1658 qui
2225 1622 2284 1656 ad!

1628 1673 1825 1700 tractandam
1854 1672 2053 1700 concordiam
2074 1671 2156 1699 inter
2178 1671 2265 1698 Man-

1626 1722 1759 1757 fredum,
1796 1721 1953 1757 quondam
1995 1721 2172 1756 principem
2205 1721 2264 1748 Ta-

1626 1768 1801 1804 rentinum,
1830 1773 1860 1798 et
1889 1770 2057 1798 eeclesiam
2078 1770 2263 1805 Romanam,

1626 1820 1835 1856 personaliter
1859 1824 1966 1854 partes
1991 1827 2065 1846 suas
2098 1819 2263 1854 interposi-

1625 1873 1719 1897 turus
1749 1873 1827 1901 erat,
1858 1870 2078 1895 summotenus
2101 1867 2253 1902 explanat

1626 1916 1764 1950 ejusdem
1794 1915 1951 1943 Manfredi
1992 1914 2187 1950 multiplices
2217 1914 2263 1941 of-

1625 1965 1739 1994 fensas,
1765 1972 1844 1999 quas
1876 1967 1986 1991 contra
2013 1964 2113 1991 Deum
2140 1967 2169 1991 et
2194 1971 2263 1991 ma-

1626 2017 1705 2041 trem
1732 2013 1897 2040 ecclesiam
1935 2013 2146 2040 continuando
2176 2013 2262 2040 mul—

1626 2062 1762 2098 tiplicat.
1787 2062 1887 2096 Rogat
1918 2065 1949 2090 et
1976 2061 2123 2088 hortatur
2155 2069 2261 2096 regem

1625 2115 1661 2137 ut
1688 2109 1946 2145 suggestionibus
1963 2110 2105 2137 sinistris
2118 2109 2186 2144 ejus
2206 2109 2262 2144 qui

1625 2163 1791 2196 postquam
1814 2159 2017 2186 Tarentinum
2046 2159 2260 2193 principatum

1626 2208 1802 2239 invasisset,
1825 2207 2009 2235 Sarracenis
2029 2216 2060 2235 se
2083 2207 2261 2242 conjunxis-

1625 2262 1673 2285 set
1690 2261 1720 2285 et
1740 2258 1803 2285 alia
1822 2258 1962 2284 enormia
1986 2257 2206 2288 commisisset,
2232 2261 2261 2284 et

1625 2307 1728 2342 ipsius
1745 2306 1911 2334 fraudibus
1928 2307 2056 2333 minime
2069 2315 2100 2333 se
2119 2307 2262 2341 patiatur

2336 841 2392 875 321
2441 840 2477 868 98

2336 938 2393 971 321
2444 939 2481 966 99

2333 1281 2391 1314 261
2441 1279 2477 1308 83

2335 1622 2391 1655 Q!
2440 1621 2476 1649 94

1626 2356 1755 2384 involvi.
1785 2357 1920 2384 Demum
1949 2364 2056 2389 regem
2083 2364 2100 2382 a
2130 2358 2259 2383 contra-

1626 2405 1726 2432 hendo
1766 2405 1972 2433 matrimonio
2016 2406 2099 2432 inter
2142 2405 2264 2439 primo-

1625 2455 1768 2488 genitum
1791 2463 1883 2481 suum
1912 2457 1942 2481 et
1965 2454 2064 2480 filiam
2092 2453 2260 2481 memorati

1625 2503 1780 2530 Manl'redi
1815 2503 1971 2531 abducere
1996 2503 2121 2537 nititur,
2148 2510 2262 2538 propo-

1625 2561 1701 2580 nens
1724 2557 1876 2588 quantam
1899 2552 1999 2579 labem
2024 2560 2081 2579 3110
2113 2552 2220 2586 generi

1627 2610 1663 2628 ex
1686 2609 1720 2629 eo
1742 2602 1931 2629 incurreret.

1661 2650 1809 2678 Castrum
1839 2649 2091 2678 Sancti—Gemini
2129 2649 2283 2684 ejusque!

1626 2700 1836 2728 territorium.
1864 2699 2012 2726 ecclesias
2042 2700 2073 2725 et
2109 2697 2263 2725 habitato-

2333 2647 2476 2681 331100

1627 2757 1675 2776 res
1693 2748 1731 2775 31)
1754 2749 1838 2776 omni
1861 2748 2082 2782 jurisdictione
2106 2747 2263 2774 Narnien-

1626 2799 1710 2825 sium
1751 2797 1858 2825 eximit
1895 2801 1926 2824 et
1963 2797 2029 2824 sodi
2067 2796 2259 2832 apostolicae

1628 2846 1798 2874 submittit.
