2519 3262
265 278 301 307 18
966 277 1046 308 LES
1071 278 1314 309 REGis'rRES
1336 279 1549 310 D’URBAIN
1575 279 1632 309 IV.

354 371 449 403 2832

298 463 437 490 Senenses
454 462 584 489 hortatur
600 465 630 489 ut
643 462 770 496 captivos
788 462 915 489 Lucanos
930 463 1049 490 omnino
1068 463 1192 490 libertati
1211 463 1271 489 red-

262 513 332 539 dant
347 512 389 538 vel
415 511 517 538 saltem
535 510 658 538 humane
676 513 703 537 ct
722 511 844 545 benigne
864 513 999 538 tractent.
1026 512 1191 546 (Bonnizixrx
1207 513 1269 543 701,

264 566 295 588 u⁰
311 562 379 589 203:
398 562 481 587 1111111,
510 560 607 586 xime.
624 560 690 586 111111.
708 561 742 586 29
757 568 784 590 A,
805 566 834 586 n⁰
852 561 921 592 1283
945 561 1059 587 vitiae.
1077 570 1090 587 c
1108 562 1141 588 49
1158 567 1187 587 0ο
1199 561 1268 595 333;

263 611 340 636 Bitu„
361 610 456 636 Varie,
472 610 542 636 0735
558 614 587 635 11υ
600 610 650 642 20;
676 609 754 635 111111.
771 609 843 636 Nar.
860 609 940 641 4311,
956 615 985 635 n⁰
998 612 1048 637 38:
1069 611 1148 636 Bint.
1169 611 1268 636 vim.

262 659 331 686 3977
349 663 378 684 11ο
394 660 461 690 2073
476 658 553 687 Brut.
570 658 641 684 Nar.
659 657 756 690 14173,
773 663 802 684 11ο
818 659 886 685 21(ι;
906 659 1052 684 varmum
1071 659 1179 693 18754.)

303 772 317 789 «
342 787 347 792 .
377 785 382 790 .
405 762 585 801 polestalz',..
613 762 784 800 capilanco,
812 762 959 791 ancianis,
987 759 1115 790 consilio
1139 765 1166 790 el
1190 771 1269 790 com·

261 815 344 844 muni
359 815 541 844 Senensibus
555 815 699 855 spiritura
717 814 836 843 consilii
849 814 992 843 sanioris.
1013 814 1087 844 Non
1104 815 1177 844 sine
1195 816 1269 844 tur-

260 868 395 899 batione
411 885 459 897 —-.
483 878 497 897 »

351 1041 447 1071 2833

294 1132 411 1159 Pisanos
428 1132 558 1159 hortatur
583 1134 614 1158 ut
633 1132 669 1158 ad
684 1130 822 1158 ecclcsiae
843 1131 1012 1158 fidelitatem
1037 1131 1168 1158 redeant.
1186 1131 1268 1165 (Ron-

258 1188 355 1208 00101-
375 1181 436 1215 761,
455 1187 484 1207 n⁰
498 1181 564 1213 2023
586 1182 670 1207 Anca.
691 1181 788 1207 varic.
808 1180 875 1206 111-’.0.
893 1181 926 1207 29
948 1189 976 1211 Α,
996 1185 1024 1206 11ο
1049 1180 1117 1213 ’129;
1141 1180 1266 1206 viimo.

258 1239 272 1256 11
286 1231 320 1257 -19
335 1236 365 1257 n⁰
379 1232 448 1263 33c;
468 1230 546 1256 131111.
566 1230 663 1256 Varie.
680 1231 759 1260 0735,
777 1234 808 1256 n⁰
824 1230 878 1258 24:
897 1230 974 1255 ilinc.
990 1230 1062 1256 Nar.
1077 1229 1145 1256 4311
1164 1235 1194 1255 11ο
1207 1231 1244 1257 32
1259 1237 1265 1262 ;

257 1279 333 1307 Bisst.
354 1280 449 1306 Varie.
469 1280 540 1308 :3977
557 1284 586 1305 11ο
604 1279 672 1312 2083
694 1279 772 1305 Bnn„
793 1279 862 1305 NAT.
883 1279 969 1306 14173
986 1286 1016 1304 no
1029 1278 1106 1314 211.)

296 1391 311 1411 1(
327 1381 485 1416 Poteslali,
506 1381 676 1420 capitaneo,
696 1380 843 1417 ancianis,
868 1379 992 1409 consilio
1008 1384 1034 1408 el
1051 1379 1198 1408 communi
1214 1378 1267 1408 Pi-

255 1435 338 1464 sanis
355 1435 499 1475 spiritum
518 1433 641 1464 consilii
660 1433 802 1463 sanioris.
823 1434 953 1469 Quante
975 1432 1127 1463 caritatis
1145 1432 1265 1462 affectu

255 1496 316 1518 vos
334 1497 371 1518 ac
386 1490 518 1518 vestros
536 1488 570 1518 in
594 1487 833 1518 transmarinis
848 1486 1012 1526 pai-tibus,
1032 1486 1112 1516 dum
1129 1486 1262 1516 ,leroso-

255 1541 408 1572 limitane
420 1550 635 1580 preessemus
647 1541 800 1579 ecclesie,
813 1540 1027 1571 necessitatis
1037 1541 1187 1578 tempore
1196 1540 1266 1569 fue-

254 1594 362 1624 rimus
383 1594 553 1633 prosecuti
576 1596 608 1625 et
633 1594 771 1625 evidens
790 1593 1000 1633 experientia
1019 1602 1079 1623 vos
1105 1592 1260 1623 docuisse

255 1647 416 1678 debuerat
432 1657 492 1678 nec
509 1648 623 1678 minus
643 1648 803 1678 utilitatis
821 1647 1031 1686 experientia
1045 1646 1263 1676 instruxisse.

254 1701 389 1732 Vestris
407 1710 552 1740 namque
574 1702 608 1731 in
631 1701 786 1740 partibus
806 1701 876 1731 illis
896 1700 1089 1739 frequenter
1106 1699 1140 1730 in
1157 1699 1266 1730 multa

255 1755 456 1785 necessitate
473 1755 606 1793 positis,
629 1755 677 1784 sic
697 1754 903 1793 provisionis
920 1753 1063 1784 consilio
1081 1754 1112 1783 et
1134 1753 1264 1783 auxilio

254 1808 474 1847 protectionis
490 1808 663 1838 astitimus
677 1808 777 1847 quod,
793 1807 962 1837 dominica
974 1807 1105 1837 favente
1120 1806 1264 1836 clemen-

255 1861 314 1897 tia,
333 1862 365 1891 et
389 1861 550 1900 periculis
570 1861 682 1891 extitit
703 1861 876 1891 obviatum
897 1863 929 1891 01
953 1860 1048 1890 vobis
1065 1869 1102 1890 ac
1121 1859 1207 1898 ipsis
1230 1860 1264 1889 in

255 1914 383 1944 eisdem
400 1913 553 1953 partibus
568 1914 662 1944 favor
679 1914 864 1944 accrevitet
882 1913 987 1944 multa
999 1913 1174 1943 commoda
1191 1922 1266 1951 per-

255 1968 440 2002 venerunt3
474 1969 610 2006 propter
637 1968 727 2006 quod
752 1976 818 1997 uon
848 1967 1019 1997 immerito
1043 1966 1265 2005 sperabamus

256 2020 345 2058 quod
385 2020 517 2050 devotio
553 2029 655 2059 quam
688 2020 729 2050 ad
766 2029 826 2050 nos
864 2020 1024 2049 nimirum
1056 2019 1265 2050 videbamini

255 2074 335 2103 tunc
352 2073 515 2111 temporis
535 2073 741 2111 concepisse,
765 2072 874 2107 nobis,
902 2075 999 2110 prout
1028 2072 1175 2102 Domino
1195 2072 1266 2111 pla-

257 2126 337 2162 cuit,
357 2126 397 2156 ad
416 2125 626 2165 apostolatus
651 2126 778 2165 apicem
798 2125 956 2161 evocatis,
978 2125 1011 2154 in
1030 2125 1136 2155 nostri
1156 2126 1264 2155 status

257 2181 434 2218 augmento
462 2179 590 2209 nullius
619 2179 855 2209 diminutionis
885 2178 1086 2209 detrimenta
1112 2180 1262 2215 sentiret,

257 2233 316 2263 sed
330 2233 466 2263 assidue
485 2232 524 2263 de
542 2232 630 2263 bono
647 2232 680 2262 in
698 2232 821 2262 melius
838 2232 1026 2270 susciperet
1045 2232 1262 2266 incrementa,

255 2286 436 2324 presertim
453 2294 527 2315 cnm
541 2285 581 2315 ad
594 2285 703 2324 ipsius
716 2285 925 2324 apostolatus
938 2284 1071 2315 culmen
1084 2285 1262 2323 assumpti,

256 2348 322 2369 non
335 2339 446 2369 solum
456 2339 665 2369 allectionem
673 2338 714 2369 ad
723 2347 783 2368 vos
796 2337 1105 2368 continuaverimus
1116 2338 1263 2374 solitam,

256 2393 484 2423 verumetiam
501 2392 628 2431 majora
642 2391 738 2422 vobis
750 2400 883 2430 semper
901 2391 1023 2421 sinceri
1038 2391 1164 2421 amoris
1181 2391 1267 2421 indi-

256 2446 307 2476 cia
317 2447 348 2476 et
361 2446 467 2476 solide
477 2445 669 2476 dilectionis
682 2445 861 2475 manifesta
872 2444 1093 2484 proculdubio
1107 2444 1264 2475 exhibne

256 2499 364 2529 rimus
380 2501 586 2538 argumenta.
602 2498 776 2538 Siquidem
793 2498 888 2529 vobis
905 2507 924 2528 a
948 2498 1125 2529 devotione
1145 2498 1264 2528 matris

254 2552 395 2583 ecclesie
413 2561 450 2582 ac
468 2553 582 2582 nostra
600 2561 660 2582 vos
679 2551 969 2588 subtrahentibus,
986 2551 1089 2581 immo
1106 2551 1264 2581 adheren-

253 2605 345 2636 tibus
361 2606 462 2636 etiam
482 2605 641 2641 inimicis,
659 2605 804 2645 graviter
823 2613 956 2644 quoque
982 2604 1263 2643 impugnantibus

252 2659 390 2690 devotos
407 2659 515 2698 ipsius
533 2660 565 2689 et
581 2660 727 2692 nostros,
748 2667 808 2688 nos
824 2658 1077 2694 nichilominus,
1104 2666 1195 2688 more
1215 2658 1263 2697 pii

251 2712 370 2751 patris,
394 2712 576 2742 instantem
604 2714 713 2742 vestre
733 2711 835 2742 saluti
856 2711 1011 2741 dedimus
1029 2719 1177 2749 operam.
1204 2720 1263 2741 vos

251 2765 496 2796 monitionibus
507 2765 611 2795 variis
621 2763 1090 2795 etexhortationibussedulis
1102 2763 1143 2793 ab
1157 2764 1263 2794 inviis

250 2827 309 2857 per
327 2827 389 2858 quc
404 2819 540 2849 curritis
552 2819 587 2848 in
605 2818 821 2857 precipitium
837 2817 1038 2856 perditionis
1057 2818 1167 2847 vestre
1186 2826 1262 2856 pre-

251 2871 382 2910 cipites,
401 2871 510 2902 conati
536 2871 711 2907 abducere,
732 2871 890 2901 reducere
909 2870 950 2901 ad
973 2870 1094 2900 salutis
1121 2870 1211 2900 viam
1230 2858 1262 2901 e‘t

251 2924 292 2954 ad
309 2924 475 2963 gremium
492 2924 601 2963 ipsius
617 2924 757 2955 ecclesie
773 2932 940 2954 revocare.
958 2923 1022 2954 Sed
1037 2931 1096 2954 vos
1112 2923 1195 2962 proh
1207 2923 1262 2954 do-

250 2977 318 3008 lori
340 2978 381 3008 ad
397 2977 455 3008 hec
467 2978 498 3008 et
510 2977 762 3008 aliainnumera
779 2977 941 3008 beneficia
950 2976 1102 3016 ejusdem
1116 2976 1258 3008 ecclesie

1329 372 1530 409 nostrosque
1545 372 1636 401 tante
1650 370 1870 410 benignitatis
1880 371 2018 402 affectus
2028 372 2152 410 pariter
2161 374 2192 402 et
2203 372 2341 402 effectus

1329 424 1547 454 immemores
1559 426 1590 454 et
1603 424 1737 463 ingrati,
1747 425 1778 454 et
1787 426 1933 454 vestram
1944 424 2089 455 salutem
2100 425 2341 464 contempnitis

1328 479 1360 507 et
1374 477 1519 507 aliorum
1533 478 1648 513 etiam,
1663 477 1913 516 proutsinistra
1924 486 2032 516 nuper
2045 477 2210 509 relatione
2225 478 2342 508 didici-

1330 539 1416 566 mus,
1435 530 1623 569 impeditis.

1368 583 1507 613 Noviter
1524 583 1625 619 enim,
1649 592 1723 613 cum
1741 583 1894 613 nonnulli
1917 583 2008 613 cives
2026 584 2205 620 Senenses,
2229 584 2342 615 oculo-

1328 646 1403 666 rum
1431 636 1580 667 tenebris
1609 637 1723 667 divine
1748 637 1885 675 pietatis
1908 637 2143 667 misericordia
2167 637 2339 674 resolutis,

1328 690 1417 720 viam
1435 690 1589 720 veritatis
1615 692 1837 728 agnoverunt,
1856 690 1897 720 ad
1913 690 2056 720 ecclesie
2078 690 2292 721 devotionem
2309 692 2339 721 et

1328 744 1492 777 nostram,
1512 752 1594 773 sano
1613 743 1703 773 ducti
1724 743 1879 779 consilio,
1898 743 2092 778 redeuntes,
2112 752 2172 773 vos
2188 744 2229 773 ad
2246 743 2341 782 ipsos

1329 796 1456 826 nuntiis
1483 796 1694 831 destinastis,
1719 796 1808 834 apud
1831 805 1889 826 eos
1911 796 2058 826 diversis
2084 796 2341 827 seductionibus

1328 852 1359 880 et
1375 850 1547 889 perversis
1567 850 1845 889 suggestionibus
1865 850 2041 880 institistis
2060 851 2095 880 ut
2115 850 2155 880 ad
2173 850 2340 881 unitatem

1329 911 1405 932 cum
1423 903 1501 933 aliis
1519 904 1590 933 suis
1610 903 1819 939 concivibus,
1840 903 1897 942 qui
1915 903 2022 933 adhuc
2042 903 2078 933 in
2094 911 2155 933 sua
2171 903 2341 942 perversi-

1328 957 1395 986 tate
1419 956 1614 995 perdurant,
1642 965 1677 987 se
1706 956 1739 986 in
1765 957 1957 987 animarum
1986 965 2125 987 suarum
2154 957 2340 995 perniciem

1328 1010 1565 1046 convertendo,
1593 1019 1611 1040 a
1639 1012 1755 1040 nostra
1789 1010 1968 1040 devotione
2000 1010 2208 1040 diverterent
2235 1012 2267 1040 et
2291 1010 2341 1040 in-

1327 1063 1532 1093 adversitate
1559 1063 1661 1094 solita
1688 1065 1916 1094 versarentur.
1947 1063 2052 1094 Estne
2082 1063 2147 1094 ista
2175 1063 2342 1103 condigna

1328 1115 1505 1146 retributio
1516 1124 1583 1154 qua
1596 1116 1738 1146 ecclesie
1750 1117 1902 1147 Romane
1915 1116 2079 1147 beneficia
2089 1117 2340 1155 compensatis?

1327 1169 1430 1198 Estne
1444 1169 1508 1199 iste
1521 1168 1657 1199 debitus
1673 1170 1962 1208 compensationis
1977 1170 2116 1200 effectus
2133 1178 2199 1208 quo
2212 1170 2340 1200 nostris

1328 1221 1502 1252 effectibus
1520 1221 1623 1252 simul
1638 1224 1670 1252 et
1689 1222 1865 1252 affectibus
1881 1222 2118 1261 respondetis?
2135 1223 2216 1253 dum
2233 1231 2294 1254 nos
2309 1225 2341 1254 et

1326 1274 1450 1314 ipsam,
1470 1283 1530 1313 per
1548 1284 1608 1305 vos
1632 1275 1725 1314 ipsos
1744 1275 1777 1305 111
1797 1275 1895 1306 nobis
1914 1278 1946 1306 et
1965 1276 2092 1306 nostris
2111 1276 2340 1315 impugnando

1326 1327 1494 1363 fidelibus,
1512 1337 1577 1358 non
1595 1328 1706 1358 solum
1724 1329 1765 1358 ad
1784 1330 1936 1359 materne
1952 1329 2092 1368 pietatis
2108 1328 2213 1360 ubera
2229 1329 2340 1360 redire

1325 1382 1569 1412 contumaciter
1596 1381 1774 1419 recusatis,
1797 1382 1857 1412 sed
1879 1384 1911 1413 et
1928 1383 2107 1414 redeuntes
2123 1383 2341 1422 pertinaciter

1325 1443 1464 1465 avocare
1484 1435 1641 1471 studetis,
1654 1435 1752 1474 quasi
1766 1436 1807 1465 ad
1820 1435 2049 1473 perditionem
2063 1437 2212 1466 vestram
2228 1438 2341 1467 vester

1323 1489 1483 1527 proprius
1500 1491 1531 1519 et
1552 1490 1620 1519 tam
1646 1488 1860 1519 detestabilis
1875 1498 1969 1520 error
1992 1498 2059 1519 non
2078 1489 2176 1528 plene
2193 1489 2341 1520 sufficiat

1323 1541 1391 1571 nisi
1403 1542 1443 1572 ad
1456 1542 1889 1580 dampnationiscumulum
1903 1542 1962 1572 alii
1972 1543 2075 1573 etiam
2090 1542 2125 1572 in
2137 1551 2285 1573 errorem
2296 1543 2341 1573 si-

1323 1595 1439 1626 milem
1450 1597 1563 1626 vestro
1574 1595 1766 1626 ministerio
1778 1596 1991 1633 inducantur,
2000 1596 2092 1626 utsic
2099 1595 2340 1627 Phariseorum

1324 1648 1969 1688 sequendovestigia,regnumcelorum
1978 1649 2340 1680 claudatisantehomi-

1323 1711 1383 1733 nes
1402 1703 1434 1732 et
1451 1711 1512 1733 nec
1529 1711 1589 1732 vos
1606 1701 1692 1732 illud
1708 1702 1843 1733 intretis
1860 1711 1920 1733 nec
1940 1703 2064 1733 sinatis
2081 1702 2167 1733 alios
2184 1703 2337 1733 introire.

1323 1756 1492 1790 Ceterum,
1506 1756 1585 1786 licet
1600 1756 1634 1786 in
1647 1756 1697 1786 eis
1709 1755 1781 1786 dire
1796 1756 2043 1795 persecutionis
2055 1757 2244 1786 sentiamus
2262 1765 2336 1786 acu-

1322 1809 1406 1846 leos,
1438 1809 1517 1839 licet
1546 1809 1650 1840 multe
1674 1809 1914 1840 amaritudinis
1938 1809 2079 1840 calicem
2106 1810 2337 1849 degustemus,

1323 1863 1403 1893 dum
1428 1871 1447 1892 a
1476 1862 1573 1893 vobis
1603 1862 1740 1901 injuriis
1764 1871 1802 1893 eo
1832 1863 1940 1902 magis
1963 1863 2119 1893 molestis
2142 1863 2339 1902 impetimur

1324 1924 1389 1954 quo
1405 1915 1605 1954 ampliorem
1633 1916 1673 1946 de
1690 1916 1788 1946 vobis
1816 1916 1975 1946 fiduciam
1995 1915 2207 1955 gerebamus,
2231 1924 2338 1955 eoque

1323 1969 1471 2008 amplius
1482 1969 1658 2008 injurioris
1675 1978 1898 2008 provocamur
1908 1969 2046 1999 offensis
2062 1978 2127 2008 quo
2142 1970 2336 1999 nostrorum

1324 2030 1403 2061 erga
1421 2030 1482 2052 vos
1500 2031 1639 2060 operum
1658 2022 1884 2052 consideratio
1903 2022 2052 2060 profecto
2071 2022 2169 2060 longe
2188 2022 2337 2061 amplius

1322 2074 1552 2112 promittebat,
1566 2075 1645 2113 quia
1657 2076 1769 2104 tamen
1787 2074 1894 2113 patris
1910 2074 2042 2104 vicibus
2060 2075 2242 2113 fungimur,
2256 2075 2337 2114 quia

1322 2128 1471 2167 gerimus
1489 2127 1636 2166 pastoris
1649 2128 1811 2163 osticium,
1830 2136 1890 2157 nos
1906 2127 2147 2158 nichilominus
2159 2128 2200 2158 ad
2212 2137 2272 2158 vos
2281 2137 2335 2167 pa-

1322 2182 1417 2211 terna
1436 2182 1606 2219 gestantes
1624 2181 1766 2216 viscera,
1787 2181 1933 2211 salutem
1952 2183 2101 2211 vestram
2116 2181 2292 2220 querimus
2303 2184 2335 2212 et

1323 2242 1434 2264 amare
1452 2234 1491 2264 de
1506 2233 1693 2273 perditione
1711 2233 1878 2264 dolemus.

1361 2287 1503 2325 Propter
1516 2286 1615 2326 quod,
1632 2286 1709 2317 licet
1724 2295 1784 2317 vos
1799 2288 1913 2317 nostra
1931 2287 2058 2317 monita
2075 2288 2334 2327 contempnatis,

1323 2348 1384 2369 nos
1402 2341 1514 2369 tamen
1535 2348 1747 2378 nequaquam
1767 2349 1784 2369 a
1800 2339 1907 2378 ceptis
1920 2340 2086 2371 desistere
2108 2341 2334 2376 intendentes,

1322 2392 1578 2423 universitatem
1601 2394 1747 2423 vestram
1774 2401 1946 2432 rogamus,
1974 2402 2152 2423 monemus
2169 2395 2200 2424 et
2224 2393 2335 2424 horta-

1323 2454 1398 2476 mur
1429 2447 1554 2476 attente
1583 2446 1780 2476 mandantes
1805 2448 1984 2484 quatenus,
2013 2447 2227 2478 attendentes
2258 2447 2335 2478 dili-

1321 2500 1437 2538 genter
1453 2500 1484 2529 et
1499 2499 1752 2529 considerantes
1769 2499 1955 2537 prudenter
1972 2499 2046 2530 vias
2064 2502 2207 2536 vestras,
2224 2499 2333 2530 humi-

1321 2552 1413 2582 lietis
1445 2561 1556 2582 coram
1582 2552 1727 2582 Domino
1757 2552 1858 2582 corda
1888 2554 2001 2582 vestra
2026 2552 2178 2592 illudque
2207 2554 2335 2584 attenta

1321 2605 1590 2635 consideratione
1604 2607 1786 2644 pensantes
1805 2605 1893 2644 quod
1910 2614 1975 2636 non
1992 2606 2067 2636 sine
2085 2606 2194 2636 multo
2217 2607 2332 2637 vestro

1320 2658 1447 2696 pudore
1465 2667 1524 2688 nec
1546 2658 1673 2697 absque
1697 2658 1803 2688 multo
1822 2658 1972 2697 periculo
1998 2658 2189 2689 animarum
2207 2661 2240 2690 et
2262 2668 2333 2690 cor-

1319 2719 1450 2749 porum,
1474 2711 1615 2741 forsitan
1640 2711 1742 2742 alieni
1763 2720 1781 2742 a
1802 2710 1899 2742 nobis
1916 2711 2089 2749 hactenus,
2106 2720 2195 2743 nune
2210 2721 2271 2744 vos
2285 2713 2330 2743 ad

1320 2765 1470 2794 nostram
1487 2766 1517 2794 et
1536 2765 1678 2795 ecclesie
1692 2765 1906 2795 devotionem
1923 2765 2115 2802 redeuntes,
2132 2765 2331 2797 adsalutem

1318 2818 1400 2848 totis
1421 2817 1550 2848 viribus
1570 2818 1751 2855 festinetis,
1772 2818 1814 2848 ad
1832 2818 1945 2848 sinum
1963 2818 2114 2857 ejusdem
2133 2820 2244 2849 vestre
2262 2828 2329 2850 ma-

1317 2869 1380 2901 tris
1399 2871 1552 2907 ecclesie,
1578 2871 1657 2901 dnm
1677 2872 1813 2910 tempus
1839 2870 1983 2907 habetis,
2009 2871 2082 2902 sine
2105 2872 2330 2903 cunctationis

1318 2932 1409 2954 more
1427 2924 1610 2963 cujuslibet
1634 2924 1810 2960 reddituri,
1833 2932 1885 2960 ne,
1905 2924 1983 2954 aliis
2000 2933 2061 2955 vos
2078 2924 2112 2954 in
2128 2924 2195 2954 hiis
2212 2933 2328 2964 preve·

1316 2976 1501 3011 utentibus,
1532 2977 1656 3008 vestris
1686 2977 1903 3017 exigentibus
1931 2977 2062 3008 meritis
2090 2978 2193 3008 11111110
2215 2978 2329 3009 deme-
