2519 3262
1099 260 1350 290 APPENDIGE
1373 259 1414 289 [Ι.
2249 267 2285 294 tit

214 360 274 382 sue
300 351 568 390 presumptionis
597 351 737 382 audacia
757 360 816 391 per
846 352 1084 390 suspensionis
1114 353 1146 382 et
1171 360 1225 382 ex-

213 404 530 435 communicationis
552 405 750 440 sententias,
775 405 1001 444 appellatione
1021 405 1224 444 postposita,

213 458 447 496 compescatis.
463 458 587 488 Datum
605 458 692 497 apud
708 458 1047 494 Urbemveterem,111
1060 458 1224 488 kalendas

209 510 300 549 julii,
317 510 533 549 pontificatus
549 511 657 541 nostri
674 520 760 541 anno
777 511 935 541 secundo.
955 522 969 539 υ

303 662 401 693 2953
758 661 881 688 Orvieto.
903 662 944 688 12²¹
957 661 1052 696 juillet
1071 661 1149 688 1263.

247 745 390 772 Andream
405 746 439 771 dc
451 745 569 778 Felecti,
581 745 718 772 clericum
731 745 898 780 Anagninae
912 745 1044 777 diocesis,
1057 744 1221 779 legitimum

211 794 335 820 declarat
359 796 387 820 ut
409 795 445 821 ad
466 802 567 821 omnes
587 793 744 828 dignitates
771 793 982 820 ecclesiasticas
1006 793 1155 828 pervenire
1175 802 1221 820 va-

210 843 277 869 lcat.
295 843 393 876 (Anca.
413 851 504 870 csrlr.
525 844 678 874 ΝΑΝΑΟΝΙ,
693 845 713 869 t.
732 842 742 868 1
759 848 789 868 n⁰
805 843 863 871 32.)

252 949 266 968 ((
294 937 433 968 ζ’νὸαηιιε
462 938 631 977 episcopus,
660 947 763 966 servus
785 945 941 966 servorum
969 936 1034 971 Dei,
1060 935 1223 965 venerabili

210 993 324 1030 fratri.
335 1015 341 1020 .
354 992 494 1031 episcopo
503 992 528 1020 A
535 990 680 1030 naynino,
692 989 819 1019 salutem
834 994 862 1019 et
875 988 1075 1028 apostolicam
1087 988 1222 1018 benedic·

213 1046 333 1075 tionem.
361 1045 408 1074 Ex
426 1046 520 1083 parte
545 1043 660 1073 dilecti
676 1061 725 1072 —.
744 1043 868 1073 Datum
891 1041 979 1080 apud
1002 1041 1219 1072 Urbemvete-

210 1107 293 1133 rem,
310 1097 561 1136 kalendisjulii,
577 1096 792 1134 pontificatus
805 1095 911 1125 nostri
927 1103 1013 1125 anno
1027 1095 1186 1126 secundo.
1205 1106 1220 1123 »

299 1247 396 1278 2959
784 1244 907 1276 Orvieto,
924 1244 940 1272 8
953 1244 1048 1279 juillet
1065 1245 1144 1273 1263.

244 1330 393 1358 Universis
422 1329 610 1357 ecclesiarum
626 1330 764 1364 praelatis
779 1330 898 1356 mandat
923 1337 958 1356 ne
976 1329 1079 1356 fratres
1101 1330 1220 1357 Militiae

208 1379 320 1414 Templi
344 1378 579 1413 Jerosolymitani
606 1386 726 1414 gravare
753 1378 797 1405 vel
832 1378 986 1405 molestare
1019 1382 1219 1413 praesumant,

209 1428 357 1456 mentione
373 1436 508 1462 expressa
527 1428 560 1454 de
576 1427 663 1454 certis
678 1427 838 1462 privilegiis
858 1428 894 1454 ab
911 1427 1069 1462 apostolica
1081 1429 1148 1454 sede
1165 1428 1218 1455 eis-

208 1479 273 1505 dem
285 1477 491 1512 t'ratribusjam
503 1477 648 1503 concessis
664 1479 691 1503 et
704 1477 868 1510 specialiter
881 1477 915 1503 de
928 1480 1030 1511 quarta
1044 1481 1124 1512 parte
1141 1477 1222 1503 sune-

208 1526 312 1553 raliurn
340 1530 366 1553 et
398 1526 580 1554 confessione
604 1526 782 1552 occultorum
814 1528 1007 1560 peccatorum.
1043 1528 1142 1560 (Aaou.
1171 1535 1220 1553 nes

209 1576 521 1606 Boccaesmc-Raoxa,
539 1575 620 1602 fonds
641 1575 678 1602 du
694 1575 822 1609 Temple⁷
839 1575 925 1601 liasse
946 1578 983 1607 0.)

248 1684 262 1702 «
284 1673 424 1703 [rhamis
439 1673 608 1712 episcopiis,
628 1682 730 1702 servus
745 1682 899 1702 servorum
919 1672 983 1708 Dei,
1001 1673 1220 1703 venerabilibus

206 1726 360 1766 fratribus
376 1726 615 1765 archiepiscopis
633 1730 660 1755 et
678 1726 837 1765 episcopis,
857 1730 885 1755 et
902 1725 1019 1755 dilectis
1034 1726 1108 1766 siliis
1127 1727 1218 1757 abba-

208 1780 297 1813 tibus,
313 1779 468 1819 prioribus
490 1785 518 1808 et
534 1779 604 1808 aliis
622 1778 816 1808 ecclesiarum
831 1778 958 1818 prelatis
974 1779 1014 1808 ad
1030 1790 1103 1819 quos
1119 1780 1219 1810 littere

206 1834 262 1863 iste
277 1833 486 1873 pervenerint,
501 1832 629 1862 salutem
644 1838 672 1861 et
697 1832 897 1871 apostolicam
921 1832 1166 1862 benedictionem.
1184 1834 1219 1864 Si

206 1886 387 1925 diligenter
411 1885 585 1917 attenditis
621 1888 746 1924 quanta
774 1886 908 1915 dilectis
938 1886 1019 1915 filiis
1055 1886 1219 1918 fratribus

205 1939 328 1970 Militie
357 1939 490 1977 Templi
507 1939 697 1968 reverentia
720 1937 893 1974 debeatur,
917 1947 1088 1977 nunquam
1107 1942 1155 1970 eis
1170 1940 1219 1970 in-

205 1991 391 2021 veniemini
418 1999 538 2029 graves
566 1990 713 2020 existere
731 1993 787 2020 aut
810 1990 958 2026 molesti,
979 1991 1036 2029 qui
1052 1993 1217 2022 sustenta-

204 2044 302 2080 tioni,
325 2044 465 2074 tuitioni
483 2045 515 2074 et
531 2043 748 2074 subventioni
763 2045 852 2073 terre
866 2043 1142 2074 Jerosolimitane
1163 2046 1219 2083 pia

205 2099 392 2128 noscuntur
421 2096 652 2127 sollicitudine
683 2096 878 2135 mancipati.
911 2096 1079 2132 Quoniam
1113 2098 1219 2137 igitur

204 2151 308 2181 iidem
327 2150 449 2180 fratres
466 2150 508 2180 ad
532 2150 594 2180 hoc
609 2149 845 2188 principaliter
862 2149 1047 2184 elaborant,
1063 2152 1100 2180 ut
1121 2151 1218 2181 devo-

203 2204 249 2234 tis
267 2203 441 2242 obsequiis
471 2204 574 2234 Terre
603 2203 723 2233 Sancte
742 2211 777 2233 se
807 2203 934 2241 pariter
964 2205 996 2233 et
1021 2204 1135 2234 omnia
1152 2213 1217 2243 que

205 2258 395 2296 acquirunt,
414 2256 624 2295 impendant,
641 2256 900 2286 universitatem
928 2259 1076 2287 vestram
1101 2266 1216 2288 mone-

206 2318 281 2340 mus
298 2309 461 2340 attentius
475 2318 523 2346 ac,
543 2309 585 2340 ad
599 2309 707 2339 instar
726 2309 836 2340 felicis
855 2310 1101 2340 recordationis
1118 2311 1217 2341 Inno-

205 2363 306 2393 centii
330 2371 428 2401 pape,
455 2362 708 2401 predecessoris
731 2362 852 2398 nostri,
873 2362 971 2392 vobis
999 2363 1216 2402 precipiendo

204 2415 406 2446 mandamus
432 2415 593 2454 quatinus
620 2415 660 2446 ab
691 2424 808 2446 eorum
837 2415 1092 2454 gravaminibus
1113 2416 1215 2447 absti-

204 2470 335 2504 nentes,
362 2469 403 2498 ad
424 2469 548 2499 solatia
577 2477 641 2507 que
664 2477 725 2507 pro
748 2469 993 2503 consolatione,
1022 2469 1164 2500 tuitione
1185 2472 1217 2500 et

204 2521 427 2551 subventione
454 2522 565 2560 ipsius
589 2522 692 2552 Terre
718 2522 908 2561 requirunt,
932 2525 1080 2552 vestram
1102 2523 1216 2561 potius

204 2583 319 2605 curam
337 2578 368 2604 et
385 2574 651 2605 sollicitudinem
668 2575 874 2605 convertatis
893 2577 925 2606 et
941 2575 975 2605 in
991 2575 1059 2605 hiis
1075 2585 1139 2615 que
1161 2576 1216 2606 do-

203 2628 276 2657 mui
291 2627 424 2666 Templi
444 2627 485 2657 ab
509 2627 681 2666 aliquibus
699 2628 859 2658 fidelibus
877 2629 971 2659 sanis
988 2629 1041 2659 vel
1064 2631 1216 2668 egrotan-

202 2680 295 2710 tibus
319 2680 548 2716 conferuntur³
573 2681 645 2711 sive
671 2681 908 2712 convalescant
931 2682 1002 2712 sive
1021 2682 1110 2720 apud
1129 2682 1216 2712 alios

203 2734 370 2773 recipiant
391 2733 614 2772 sepulturam,
636 2734 742 2764 nichil
763 2734 872 2771 vobis,
900 2735 935 2764 in
952 2735 1064 2774 ipsius
1082 2735 1213 2774 Templi

201 2787 442 2826 prejudicium,
462 2786 662 2817 vendicetis.

242 2840 309 2870 Pro
326 2840 560 2879 parrochianis
577 2841 690 2870 autem
705 2840 832 2870 vestris
848 2840 907 2879 qui
923 2841 1084 2872 videlicet
1100 2841 1140 2871 ad
1160 2850 1215 2871 ex-

203 2894 312 2924 trema
326 2893 474 2928 deducti,
490 2893 525 2922 in
542 2892 724 2923 cimiteriis
735 2893 869 2932 Templi
885 2894 1049 2933 elegerint
1063 2894 1214 2932 sepeliri,

204 2947 291 2978 sicut
309 2955 328 2976 a
346 2945 457 2976 felicis
473 2945 636 2976 memorie
655 2945 860 2980 Alexandro,
885 2947 1000 2982 Lucio,
1022 2947 1158 2978 Urbano
1181 2949 1214 2977 et

1281 350 1463 385 Celestin0‚
1482 350 1647 381 Romanis
1658 351 1888 389 pontificibus,
1906 352 2202 390 predecessoribus
2216 362 2288 383 nos-

1282 404 1356 438 tris,
1381 403 1530 432 noscitnr
1556 403 1761 437 institutum,
1789 406 1907 442 quarta
1930 406 2061 434 tantum
2081 406 2158 434 sitis
2186 408 2285 435 testa-

1281 456 1386 485 menti
1402 456 1556 494 portione
1573 457 1732 491 contenti,
1753 465 1812 486 nec
1831 458 1922 487 aliud
1939 466 1997 495 pro
2015 458 2099 496 ipsis
2116 467 2133 488 a
2147 459 2285 497 jamdic-

1280 508 1325 538 tis
1360 507 1523 538 fratribns
1556 508 1711 547 exigatis,
1744 518 1809 539 non
1842 510 2076 548 impedientes,
2112 512 2286 541 occasione

1280 560 1441 599 qnalibet,
1460 560 1668 599 sepulturam
1684 570 1782 600 quam
1799 563 1848 591 eis
1864 571 1882 591 a
1896 563 1974 592 sede
1986 564 2170 602 apostolica
2184 565 2287 594 mise-

1280 613 1456 643 ricorditer
1475 615 1605 643 constat
1627 622 1701 644 esse
1719 614 1896 651 indultam,
1922 623 1962 645 ex
1985 625 2049 654 quo
2075 619 2285 654 pretaxatam

1279 668 1409 704 partem
1428 675 1487 704 pro
1505 667 1658 696 ecclesiis
1676 676 1694 696 a
1711 667 1834 706 quibus
1852 671 2060 699 mortuorum
2078 679 2214 709 corpora
2236 680 2286 700 as-

1279 721 1470 753 sumuntur,
1490 719 1635 749 fideliter
1651 720 1866 758 resignarint.
1887 721 1923 750 In
1938 721 2022 759 ipsis
2039 724 2150 752 autem
2164 723 2286 753 elemo-

1280 772 1366 802 sinis
1393 779 1458 811 que
1478 772 1615 810 pietatis
1643 773 1768 803 intuitu
1793 774 1942 811 predicte
1967 775 2080 804 domui
2106 776 2238 814 Templi
2269 786 2287 806 a

1280 825 1373 855 sanis
1395 826 1425 854 et
1451 824 1732 855 benevalentibus
1753 826 1982 862 conferuntur,
2011 836 2107 857 nemo
2136 832 2287 860 vestrum

1280 879 1453 916 presumat
1469 878 1618 916 aliquam
1635 878 1700 908 sibi
1717 879 1851 918 exigere
1860 881 2060 918 portionem.
2074 882 2123 911 Ex
2139 882 2195 911 illa
2210 891 2288 913 vero

1279 932 1399 969 quarta
1414 932 1520 969 parte,
1542 940 1606 970 qne
1626 931 1723 961 vobis
1740 933 1934 963 conceditur
1950 933 2124 971 exigenda.
2148 943 2241 965 arma
2258 938 2288 966 et

1279 992 1384 1022 equos
1400 984 1511 1023 excipi
1528 984 1685 1014 volumus
1705 987 1735 1015 et
1754 986 1964 1022 mandamus,
1985 995 2048 1025 qne
2065 988 2178 1017 domui
2192 989 2287 1018 Tem-

1279 1037 1326 1074 pli
1345 1037 1385 1066 ad
1401 1036 1632 1067 defensionem
1648 1040 1736 1068 terre
1752 1038 2026 1069 Jerosolimitane
2046 1048 2063 1069 a
2081 1040 2290 1078 quibuslibet

1278 1089 1502 1120 dimittantur.
1533 1090 1649 1120 Liceat
1675 1093 1787 1121 autem
1812 1091 1974 1122 fratribus
2003 1093 2205 1131 supradictis
2232 1103 2290 1124 eos

1279 1143 1336 1182 qni
1352 1144 1439 1182 apud
1456 1144 1550 1182 ipsos
1565 1144 1729 1183 elegerint
1744 1144 1966 1183 sepulturam,
1984 1146 2024 1176 ad
2042 1147 2287 1178 confessionem

1278 1197 1318 1226 de
1344 1197 1485 1227 occultis
1508 1197 1655 1235 peccatis
1678 1197 1827 1236 recipere
1850 1207 1910 1236 per
1939 1199 2130 1229 sacerdotes
2152 1209 2232 1231 suos
2256 1203 2288 1231 et

1278 1258 1337 1287 per
1353 1250 1488 1280 eosdem
1508 1250 1579 1280 illis
1596 1250 1757 1280 viaticum
1771 1251 1966 1282 ministrare
1983 1254 2082 1291 atque
2101 1262 2173 1283 cum
2192 1262 2288 1284 cruce

1278 1305 1309 1333 et
1331 1303 1549 1341 processione
1571 1304 1611 1333 ad
1632 1304 1836 1334 cimiterium
1859 1313 1959 1334 suum
1985 1314 2125 1344 corpora
2149 1306 2286 1337 illorum

1278 1356 1383 1386 libere
1399 1358 1431 1386 et
1448 1357 1521 1386 sine
1538 1357 1989 1395 impedimentotumulanda
2004 1359 2145 1390 deferre.
2162 1360 2286 1390 Datum

1278 1409 1365 1448 apud
1383 1409 1672 1446 Urbemveterem,
1694 1419 1752 1440 viu
1774 1410 1850 1440 idus
1865 1410 1954 1449 julii,
1974 1411 2188 1450 pontificatus
2210 1421 2287 1442 nos-

1276 1463 1320 1492 tri
1338 1471 1424 1493 anno
1444 1463 1602 1493 secundo.
1624 1473 1639 1492 l)

1367 1616 1465 1647 2960

1849 1616 1975 1649 Orrieto,
1990 1618 2006 1641 S
2020 1617 2113 1652 juillet
2136 1618 2210 1645 1:03.

1314 1699 1458 1725 i'niversis
1483 1699 1718 1734 archiepiscopis,
1738 1700 1878 1734 episcopis
1897 1704 1920 1725 et
1943 1701 2151 1727 archidiaconis
2167 1703 2284 1729 inundat

1277 1756 1312 1774 ne
1332 1748 1361 1774 in
1374 1747 1477 1774 fratres
1493 1748 1610 1775 Militiae
1628 1749 1737 1782 Templi
1754 1749 1997 1783 lerosolymitani,
2017 1750 2124 1776 nullum
2145 1750 2284 1778 habentes

1277 1797 1442 1831 episcopum
1468 1797 1510 1824 vel
1536 1797 1697 1831 praelatum
1720 1801 1834 1832 praeter
1855 1798 2014 1825 Romanum
2039 1799 2214 1832 pontificem.
2240 1809 2286 1826 ex-

1276 1846 1548 1873 communicationis
1569 1847 1743 1873 sententiam
1762 1846 1946 1881 promulgare
1964 1852 2160 1881 praesumant
2184 1851 2282 1883 (Anca.

1276 1895 1347 1922 Nar.
1365 1903 1380 1922 L
1396 1896 1458 1926 ΖΜ,
1478 1901 1508 1921 n⁶
1520 1897 1554 1922 56
1570 1896 1577 1925 )

1316 1997 1331 2015 ((
1354 1987 1494 2017 Urbanus
1513 1988 1682 2027 episcopus,
1697 1997 1798 2016 servus
1813 1997 1966 2016 seruorum
1979 1987 2043 2022 Dei,
2064 1989 2283 2019 venerabilibus

1275 2041 1425 2079 fratribus
1442 2041 1678 2080 archiepiscopis
1691 2045 1718 2070 ct
1734 2041 1885 2080 episcopis
1908 2047 1935 2070 et
1954 2041 2071 2071 dilectis
2093 2042 2169 2081 filiis
2182 2043 2284 2072 archi-

1275 2093 1421 2129 diaconis,
1441 2094 1562 2134 adquos
1581 2094 1680 2123 littere
1697 2094 1750 2123 iste
1762 2095 1966 2133 pervenerint,
1979 2094 2105 2123 salutem
2118 2101 2144 2124 el
2164 2101 2283 2135 aposto-

1276 2147 1364 2177 licam
1397 2148 1644 2177 benedictionem.
1675 2148 1759 2178 Cum
1794 2147 1908 2178 dilecti
1937 2148 1999 2177 tilii
2024 2149 2144 2178 fratres
2161 2149 2283 2180 Militie

1274 2201 1407 2240 Templi
1424 2201 1694 2232 Jerosolimitani
1711 2200 1842 2230 nullum
1858 2200 2001 2231 habeant
2018 2202 2213 2240 episcopum
2230 2203 2283 2232 vel

1274 2255 1441 2293 prelatum
1457 2257 1569 2293 preter
1582 2254 1774 2284 Romanum
1794 2254 1988 2292 pontificem
2004 2257 2034 2284 et
2054 2255 2192 2293 speciali
2211 2264 2283 2293 pre-

1274 2308 1427 2347 rogativa
1444 2308 1609 2346 gaudeant
1625 2306 1806 2343 libertatis,
1831 2316 1896 2337 non
1914 2307 2006 2338 decet
2026 2317 2083 2337 vos
2104 2309 2137 2338 in
2154 2317 2211 2338 eos
2230 2308 2282 2338 vel

1274 2361 1416 2392 clericos
1430 2364 1486 2391 aut
1505 2360 1666 2391 ecclesias
1683 2369 1810 2396 eorum,
1830 2360 2002 2399 inquibus
2018 2363 2217 2399 potestatem
2233 2370 2282 2391 ec-

1273 2415 1505 2445 clesiasticam-
1516 2422 1581 2444 non
1600 2414 1745 2450 habetis,
1761 2413 1887 2452 absque
1909 2414 2065 2444 mandato
2084 2417 2208 2446 nostro.
2228 2424 2282 2445 ex-

1274 2467 1590 2498 communicationis
1600 2467 1653 2496 vel
1665 2467 1835 2497 interdicti
1849 2467 2034 2496 sententias
2050 2467 2280 2506 promulgare3

1273 2523 1335 2557 set,
1358 2521 1388 2551 si
1406 2521 1539 2560 quando
1556 2529 1616 2550 vos
1642 2520 1695 2550 vel
1715 2519 1868 2550 subditos
1885 2522 2017 2550 vestros
2041 2520 2142 2550 iidem
2159 2521 2281 2552 fratres

1273 2575 1399 2614 injuste
1432 2574 1658 2613 gravaverint,
1679 2582 1739 2611 per
1764 2581 1824 2603 vos
1850 2573 1903 2602 vel
1933 2573 2068 2602 nuntios
2098 2576 2228 2603 vestros
2247 2574 2281 2604 id

1272 2628 1425 2658 Romano
1441 2626 1592 2666 pontifici
1607 2626 1799 2664 significare
1817 2625 1958 2660 debetis,
1975 2634 2012 2655 ac
2032 2634 2090 2664 per
2110 2627 2223 2664 ipsum
2241 2627 2280 2658 de

1273 2681 1470 2711 memoratis
1486 2679 1650 2709 fratribus
1663 2679 1833 2717 ,iustitiam
1851 2678 2012 2708 obtinere.
2031 2678 2112 2708 Inde
2127 2680 2176 2709 est
2191 2680 2281 2717 quod

1272 2733 1488 2764 universitati
1505 2734 1628 2768 vestre,
1649 2731 1690 2761 ad
1707 2732 1814 2762 instar
1833 2731 1942 2761 felicis
1964 2731 2207 2762 recordationis
2230 2733 2280 2763 In-

1272 2786 1419 2817 nocentii
1446 2793 1542 2824 pape,
1580 2784 1832 2823 predecessoris
1861 2784 1979 2820 nostri,
2011 2792 2070 2822 per
2095 2785 2281 2823 apostolica

1272 2840 1398 2878 scripta
1416 2837 1631 2877 precipiendo
1658 2837 1859 2867 mandamus
1885 2837 2046 2875 quatinus
2061 2838 2094 2867 in
2113 2838 2281 2876 predictos

1272 2893 1395 2923 fratres
1415 2891 1486 2921 sive
1507 2890 1648 2921 clericos
1675 2891 1731 2920 aut
1760 2898 1876 2920 eorum
1901 2889 2075 2926 ecclesias,
2095 2890 2129 2919 in
2155 2890 2280 2930 quibus

1272 2945 1507 2975 auctoritatem
1524 2951 1737 2982 nequaquam
1752 2942 1896 2977 habetis,
1917 2943 2279 2974 excommunicationis
