2519 3262
1018 198 1257 236 'rROIsOEME
1284 198 1447 235 ANNFJE.

190 301 291 331 quam
310 292 375 331 ipsi
392 292 655 331 dampnabiliter
671 294 958 330 contempnentes,
973 293 1115 322 eundem
1134 300 1198 321 ma-

189 345 332 384 gistrum
350 346 387 377 O.
408 346 556 384 recipere
573 345 721 376 indebite
738 345 987 381 contradicunt3
1011 353 1113 383 super
1134 353 1200 383 quo

190 397 278 427 idem
304 398 467 436 magister
491 397 529 428 O.
558 397 784 436 apostolicum
807 397 904 427 duxit
928 397 1116 427 remedium
1140 397 1200 426 im-

189 450 404 489 plorandum.
432 451 598 486 Quocirca
632 451 833 480 mandamus
867 451 1027 488 quatinus
1064 457 1200 479 venera-

189 503 293 533 bilem
308 505 445 534 tratrem
458 506 631 534 nostrum.
647 529 653 534 .
670 504 866 542 episcopum
883 503 1141 541 Lingonensem,
1160 503 1201 532 ad

190 566 290 595 quem
310 557 343 587 in
363 557 437 595 ipsa
455 557 597 587 ecclesia
614 565 679 586 uua
695 565 769 586 curn
788 557 917 586 eisdem
941 556 1088 594 capitulo
1107 564 1200 585 cano-

188 610 342 639 nieorum
375 610 522 649 receptio
561 611 593 639 et
625 609 872 648 prebendarum
905 609 1040 639 collatio
1076 608 1201 638 dicitur

188 663 368 701 pertinere,
387 663 563 699 decanum,
591 662 843 692 archidiaconos
869 663 900 692 et
925 662 1104 691 canonicos
1129 669 1199 699 pre-

186 716 294 746 dictos
318 716 375 754 qui
397 715 606 754 sepedictum
630 724 694 744 non
713 716 912 752 receperunt
935 715 1198 752 procuratorem,

189 777 229 798 ex
246 771 339 807 parte
363 769 479 799 nostra
495 776 632 798 moneas
649 769 681 798 et
700 767 840 797 inducas
866 768 902 797 ut
919 767 1061 797 eundem
1079 775 1198 805 procu-

188 823 347 855 ratorem,
359 821 468 859 ipsius
480 820 793 859 magistrinomine‚
811 820 899 849 infra
913 819 1106 858 quindecim
1126 820 1198 849 dies

185 876 260 912 post
284 873 505 904 monitionem
524 873 729 912 hujusmodi,
750 873 914 911 recipiant
938 873 973 902 in
998 873 1196 903 canonicum

185 927 217 957 et
237 927 270 956 in
290 926 440 962 fratrem,
455 927 553 965 Juxta
574 926 764 956 litterarum
788 927 981 956 nostrarum
999 927 1030 956 et
1054 926 1197 965 predicti

183 979 308 1018 prioris
333 979 483 1009 mandati
506 981 669 1015 tenorem,
694 978 746 1009 vel
767 978 829 1009 tibi
848 978 1029 1009 exhibeant
1048 979 1196 1009 rationes

184 1032 255 1063 sive
279 1041 399 1062 causas
425 1041 528 1071 quare
555 1032 668 1071 ipsum
696 1032 845 1070 recipere
869 1041 935 1062 non
962 1034 1131 1062 tenentur.
1161 1032 1195 1063 Si

182 1086 354 1124 vero-dicti
369 1086 563 1124 episcopus,
575 1086 732 1121 decanus
748 1085 976 1116 archidiaconi
992 1088 1024 1116 et
1040 1086 1193 1116 canonici

180 1139 234 1169 vel
252 1147 369 1169 eorum
386 1139 492 1178 aliqui
511 1140 655 1169 eundem
672 1141 926 1178 procuratorem
944 1148 1003 1178 pro
1021 1140 1107 1171 dicto
1124 1149 1192 1170 ma-

179 1192 297 1232 gistro,
321 1193 388 1222 ate
411 1192 542 1227 moniti,
566 1193 716 1232 recipere
735 1202 800 1223 non
826 1193 975 1223 curarint
995 1202 1055 1224 nec
1073 1202 1193 1224 causas

179 1245 400 1276 rationabiles
426 1254 530 1285 quare
549 1255 625 1276 eum
644 1255 709 1277 non
727 1248 877 1286 recipere
901 1246 1055 1281 debeant,
1075 1256 1194 1286 propo-

180 1306 260 1329 nere
272 1300 304 1329 et
315 1298 470 1338 probare,
481 1300 529 1333 tu,
543 1300 703 1338 predictis
714 1300 906 1339 quindecim
918 1300 1038 1331 diebus
1052 1301 1192 1339 elapsis,

181 1352 331 1390 prefatos
349 1353 546 1392 episcopum
564 1354 596 1384 et
616 1353 701 1384 alios
718 1354 769 1383 vel
790 1353 868 1384 illos
884 1363 925 1384 ex
944 1354 1028 1393 ipsis
1047 1355 1105 1393 qui
1126 1355 1194 1384 dic-

180 1406 252 1435 tum
273 1407 535 1444 procuratorem,
551 1407 661 1445 ipsius
680 1407 833 1446 magistri
850 1407 997 1443 nomine,
1010 1407 1107 1446 juxta
1123 1416 1192 1438 mo-

180 1459 343 1489 nitionem
363 1461 469 1495 tuam,
488 1460 636 1498 recipere
656 1460 838 1497 noluerint,
858 1461 961 1491 citare
978 1470 1138 1499 procures
1156 1462 1192 1490 ut

179 1512 267 1541 infra
286 1514 354 1542 tres
373 1521 507 1543 menses
528 1514 603 1551 post
621 1513 815 1552 hujusmodi
839 1514 1011 1544 citationis
1030 1514 1189 1548 edictum,

178 1574 238 1604 per
253 1574 287 1595 se
303 1566 355 1595 vel
370 1575 428 1604 per
441 1570 678 1605 procuratores
693 1567 969 1606 ydoneosnostro
983 1577 1018 1598 se
1033 1576 1187 1606 conspec-

178 1619 227 1649 tui
246 1621 490 1657 representem,
516 1620 636 1650 facturi
655 1622 686 1651 et
701 1621 868 1659 recepturi
897 1630 999 1660 super
1022 1621 1082 1651 hoc
1101 1621 1191 1660 quod

174 1671 306 1710 justitia
338 1672 504 1703 suadebit.
534 1673 633 1703 Diem
663 1682 742 1704 vero
770 1674 941 1704 citationis
971 1676 1002 1704 et
1029 1674 1190 1713 quicquid

177 1725 254 1756 inde
272 1725 392 1755 feceris
408 1734 469 1765 per
484 1728 560 1756 tuas
578 1726 676 1757 nobis
694 1727 836 1761 litteras,
857 1728 1066 1766 presentium
1086 1728 1191 1758 conti-

177 1781 295 1809 nentes
307 1779 442 1814 seriem,
460 1779 618 1810 intimare
631 1788 759 1810 necnon
776 1781 807 1810 et
819 1781 968 1811 rationes
985 1781 1056 1811 sive
1069 1790 1189 1811 causas

176 1832 356 1871 predictas,
383 1833 411 1863 si
436 1841 520 1870 quas
539 1833 600 1864 tibi
618 1833 777 1864 duxerint
796 1834 1016 1871 exhibendas,
1044 1835 1106 1864 sub
1131 1836 1188 1865 tuo

176 1885 289 1924 sigillo
308 1887 538 1917 transmittere
556 1886 700 1917 fideliter
712 1895 777 1917 non
793 1887 941 1917 omittas.
958 1888 1082 1918 Datum
1100 1889 1189 1926 apud

175 1938 464 1976 Urbemveterem‚
490 1949 538 1969 1111
563 1948 669 1970 nonas
690 1940 906 1979 septembriS,
931 1949 1017 1971 anno
1039 1941 1150 1971 tertio.
1172 1950 1188 1971 >›

675 2121 800 2152 Orvieto,
815 2122 832 2148 3
852 2122 1014 2156 septembre
1034 2122 1112 2149 1261.

263 2122 361 2152 2112

209 2204 430 2240 Archiepiscopo
452 2206 670 2238 Terraconensi,
691 2206 734 2233 cui
747 2206 808 2242 jam
822 2207 939 2234 indulsit
957 2210 986 2234 ut
1004 2208 1032 2234 in
1051 2208 1185 2235 Terraco-

172 2253 252 2280 nensi
279 2254 400 2281 ecclesia
421 2255 545 2289 quinque
570 2263 706 2289 personas
732 2256 759 2282 in
777 2256 930 2283 canonicos
957 2257 1044 2291 recipi
1065 2257 1184 2292 faceret,

173 2302 301 2337 indulget
313 2305 343 2330 ut
355 2303 479 2338 quinque
493 2303 575 2335 alias,
591 2305 625 2331 de
636 2304 756 2331 consilio
771 2306 895 2340 episcopi
907 2306 1037 2333 Ossensis
1050 2309 1078 2333 et
1095 2307 1185 2334 abba-

172 2352 209 2378 tis
228 2353 395 2379 monasterii
413 2353 446 2379 de
462 2353 610 2387 Populeto,
624 2353 823 2381 Cisterciensis
838 2355 959 2390 ordinis,
977 2355 1106 2391 ejusdem
1125 2356 1186 2383 dio-

172 2400 258 2434 cesis,
286 2401 419 2428 instituat
442 2401 548 2428 ibidem
568 2401 608 2428 ita
628 2404 658 2428 ut
680 2402 872 2430 tricennarius
892 2412 1028 2431 numerus
1051 2414 1066 2431 a
1093 2405 1183 2432 bonae

173 2449 330 2476 memoriae
343 2450 379 2482 J.,
392 2450 542 2477 Sabinensi
557 2450 701 2485 episcopo,
719 2454 787 2478 tunc
804 2452 831 2478 in
847 2452 904 2479 illis
922 2453 1050 2488 partibus
1069 2457 1184 2489 aposto-

172 2497 244 2525 licae
257 2498 333 2525 sedis
348 2499 453 2533 legato,
465 2499 650 2532 constitutus,
663 2500 852 2535 compleatur.
868 2502 945 2536 (Rae.
958 2503 1002 2535 29,
1021 2502 1068 2530 fol.
1081 2504 1133 2531 220
1147 2509 1183 2536 v0,

173 2552 202 2573 n⁰
218 2547 313 2580 1162.)

213 2667 229 2688 ((
249 2658 490 2699 Arckiepiscopo
512 2658 737 2690 Terraconensi.
759 2660 860 2692 Lecta
881 2670 993 2692 coram
1014 2662 1112 2693 nobis
1134 2682 1182 2694 —.

172 2711 297 2742 Datum
325 2712 414 2750 apud
444 2711 732 2750 Urbemveterem‚
760 2723 794 2744 ιιι
828 2723 934 2745 nonas
964 2717 1181 2755 septembris,

173 2773 259 2795 anno
277 2765 387 2795 tertio.
407 2775 421 2794 ι)

2212 216 2267 244 341

1765 293 1888 323 Orvieto.
1905 294 1921 320 3
1940 296 2101 328 septembre
2126 297 2200 324 1202.

1352 292 1449 322 2113

1296 374 1446 408 Episcopo,
1476 375 1584 402 decano
1609 379 1636 403 et
1662 377 1786 411 capitulo
1818 379 2047 406 Cordubensibus
2080 381 2205 416 indulget
2243 386 2271 410 ut

1260 422 1411 449 Pascasius
1433 423 1623 451 subdiaconus
1642 426 1841 453 canonicatum
1863 430 1890 454 et
1912 429 2103 462 praebendam
2124 430 2170 464 qui
2189 440 2272 457 rano-

1260 470 1332 497 nicis
1351 472 1480 507 ejusdem
1498 473 1648 507 ecclesiae,
1672 475 1719 509 qui
1739 475 1873 502 dicuntur
1895 481 2118 510 extraruqantes,
2136 480 2197 505 dari
2224 489 2267 507 so-

1259 518 1330 551 lent,
1358 520 1385 546 in
1404 521 1476 547 ulios
1496 521 1542 555 qui
1567 522 1711 549 canonicis
1730 525 1933 552 mansionariis
1957 528 2162 559 conceduntur,
2185 538 2263 556 com·

1260 571 1371 595 mutare
1393 569 1495 596 valeat.
1515 571 1591 604 (nnc,
1606 572 1650 602 29,
1666 572 1714 598 fol.
1737 573 1789 600 220
1811 579 1848 605 v0,
1866 579 1896 600 11⁰
1917 575 2006 609 11⁶·3.)

1299 682 1313 700 ι(
1335 671 1485 713 Episcopo
1504 679 1531 703 el
1549 674 1667 704 dilectis
1680 676 1754 715 filiis
1770 677 1880 706 decano
1900 684 1925 707 el
1941 679 2075 718 capitulo
2095 679 2267 711 Cot-‹luben-

1258 724 1349 754 sz'bus.
1369 726 1433 756 Per
1456 729 1587 758 vestras
1603 730 1755 767 patentes
1772 747 1820 759 —.
1841 731 1965 761 Datum
1984 734 2018 762 ut
2035 742 2148 772 supra.
2173 744 2187 763 »

1347 882 1443 913 2114
1762 885 1886 919 Orvieto,
1901 887 1917 913 3
1935 888 2098 921 septembre
2118 887 2194 915 1264.

1290 963 1382 991 Priori
1400 965 1434 992 de
1457 966 1541 993 Calce
1557 966 1754 995 Suessionensi
1774 971 1891 997 mandat
1910 973 1939 997 ut
1963 971 2123 998 Johannem
2148 974 2267 1009 presby-

1254 1014 1360 1045 terum7
1377 1017 1519 1041 rectorem
1535 1016 1674 1044 eeclesiae
1694 1018 1727 1044 de
1753 1018 1865 1047 Cuffies,
1893 1021 2107 1048 Suessionensis
2131 1022 2264 1056 diocesis,

1254 1062 1283 1088 in
1301 1063 1424 1090 ecclesia
1442 1072 1465 1091 s.
1487 1065 1612 1092 Thomae
1633 1067 1667 1092 «le
1691 1067 1829 1102 Crispeio‚
1848 1069 2070 1097 Silvanectensis
2088 1071 2220 1101 diocesis.
2237 1072 2265 1098 in

1253 1111 1424 1139 canonicum
1441 1113 1529 1148 recipi
1549 1114 1646 1142 faciat.
1664 1116 1744 1150 (11130.
1764 1117 1807 1147 29,
1829 1117 1876 1145 fol.
1897 1119 1959 1150 221,
1976 1123 2007 1145 n⁰
2024 1120 2117 1154 1164.)

1292 1226 1308 1247 «
1327 1217 1431 1247 Priori
1453 1218 1488 1248 de
1511 1218 1603 1249 calce
1619 1220 1839 1253 Suessionensi.
1865 1223 2027 1255 Volentes
2049 1226 2172 1257 dilecto
2194 1228 2262 1259 filio

1252 1287 1299 1298 —.
1316 1271 1440 1302 Datum
1455 1274 1491 1304 ut
1509 1281 1623 1312 supra.
1646 1285 1660 1303 »

1341 1430 1438 1461 2115
1731 1434 1856 1466 Orvieto,
1874 1435 1910 1461 Ψ
1927 1437 2090 1470 septembre
2113 1438 2189 1465 1264,

1286 1513 1541 1549 Arehipresbytero
1567 1518 1594 1542 et
1620 1517 1745 1551 capitulo
1766 1519 1903 1547 ecclesiae
1929 1521 1963 1547 de
1992 1522 2092 1556 Nesso,
2115 1524 2262 1550 Cumanae

1249 1561 1382 1593 diocesis,
1398 1563 1527 1598 indulget
1540 1568 1568 1592 ut
1581 1567 1651 1592 duos
1664 1567 1846 1602 presbyteros
1864 1569 1891 1595 in
1906 1571 2059 1597 canonicos
2075 1572 2201 1606 recipere
2218 1582 2263 1600 va-

1248 1611 1336 1638 leant.
1357 1612 1434 1645 (Rieu.
1455 1614 1500 1647 29,
1518 1613 1565 1640 sol.
1583 1615 1645 1645 221,
1664 1621 1693 1641 11⁰
1710 1617 1799 1651 1165.)

1289 1728 1303 1747 (ι
1324 1718 1588 1758 ,ii-clzipresbitet·0
1607 1725 1634 1750 et
1651 1721 1787 1761 capituto
1805 1723 1927 1753 ecclesie
1944 1724 1979 1753 de
1993 1725 2098 1762 Nesso,
2124 1726 2260 1756 Cumana

1248 1771 1385 1800 diocesi&
1410 1773 1507 1809 Cum,
1536 1774 1623 1804 sicut
1649 1783 1690 1805 ex
1711 1792 1759 1804 —.
1780 1776 1906 1807 Datum
1929 1779 2018 1816 apud
2043 1779 2259 1811 Urbemvete*

1248 1833 1329 1860 rem,
1351 1825 1506 1855 kalendis
1526 1828 1741 1865 septembris,
1762 1838 1847 1859 anno
1865 1831 1975 1861 tertio.
1996 1842 2009 1860 ι)

1337 1982 1435 2013 2116
1839 1985 1962 2016 Orvieto,
1978 1987 2010 2014 31
2025 1989 2091 2014 aout
2109 1989 2185 2016 1264.

1280 2064 1402 2092 Johanni
1414 2066 1562 2097 lobannis,
1575 2067 1714 2095 canonico
1729 2070 1975 2104 Compostellano,
1987 2073 2107 2099 mandat
2125 2076 2155 2100 ut
2173 2073 2257 2101 Petro

1244 2112 1352 2144 Didaci,
1379 2114 1551 2142 subdiacono
1581 2117 1831 2151 Compostellanae
1850 2119 1984 2150 diocesis,
2008 2121 2056 2155 qui
2084 2122 2255 2149 beneficium

1244 2164 1314 2190 adeo
1333 2167 1416 2191 tenue
1433 2165 1543 2192 obtinet
1562 2167 1637 2200 quod
1656 2167 1740 2193 unius
1763 2176 1877 2195 marcae
1898 2170 2029 2205 sterling.
2051 2170 2177 2197 valorem
2207 2180 2256 2198 an·

1243 2219 1331 2239 nuum
1346 2221 1401 2240 non
1419 2215 1588 2248 cxcedit,de
1604 2215 1698 2250 aliquo
1710 2216 1858 2246 beneficio,
1876 2219 1910 2244 ad
1923 2218 2107 2245 collationem
2125 2220 2254 2254 priorum

1244 2263 1271 2287 et
1285 2265 1476 2290 conventuum
1494 2264 1527 2290 de
1554 2264 1604 2290 Sar
1629 2265 1704 2291 etde
1731 2265 1846 2299 Syania,
1869 2266 1997 2302 ejusdem
2016 2268 2153 2302 diocesiS,
2178 2278 2255 2304 spec-

1243 2312 1334 2344 tante,
1354 2312 1512 2346 provideat.
1534 2313 1611 2347 (Rae.
1626 2314 1670 2345 29,
1692 2314 1817 2345 101221,
1836 2320 1865 2341 n⁰
1886 2315 1976 2349 1166.)

1283 2426 1300 2447 ((
1316 2415 1453 2447 Jolzanni
1467 2416 1628 2452 Jolzannis,
1646 2418 1790 2447 canonico
1809 2417 2066 2458 Compostellano.
2084 2420 2254 2451 Constitu-

1242 2470 1298 2500 tus
1312 2469 1346 2499 in
1360 2470 1532 2508 presentia
1546 2488 1594 2499 —.
1612 2471 1734 2500 Datum
1750 2472 1837 2510 apud
1851 2471 2140 2510 Urbemveterem,
2159 2484 2180 2504 ιι
2198 2475 2254 2505 ka-

1242 2523 1361 2553 lendas
1384 2523 1598 2561 septembris,
1619 2532 1706 2554 anno
1722 2524 1835 2555 tertio.
1856 2535 1870 2553 n

1711 2678 1835 2708 Orvieto,
1858 2679 1898 2705 ler
1919 2681 2081 2714 septembre
2101 2682 2180 2710 1264.

1332 2679 1428 2710 2117

1276 2762 1415 2797 Episcopo
1431 2761 1613 2789 Noviomensi
1628 2763 1743 2789 mandat
1762 2765 1789 2790 ut
1804 2763 1926 2791 Johanni
1940 2764 1974 2791 de
1990 2766 2117 2797 Perreto,
2133 2769 2253 2802 pauperi

1241 2810 1345 2838 clerico
1354 2811 1550 2838 Laudunensis
1561 2811 1693 2842 diocesis,
1708 2813 1743 2838 de
1757 2812 1854 2847 aliquo
1862 2813 2001 2841 beneficio
2014 2816 2050 2842 ad
2063 2816 2252 2844 collationem

1240 2860 1352 2887 abbatis
1377 2862 1405 2887 et
1432 2863 1590 2888 conventus
1616 2869 1638 2887 s.
1666 2861 1876 2889 Bartholomaei
1904 2863 2116 2897 Noviomensis,
2140 2866 2252 2893 ordinis

1239 2917 1262 2935 s.
1284 2909 1446 2944 Augustini,
1462 2911 1621 2944 spectante,
1637 2910 1792 2944 provideat.
1808 2911 1887 2946 (Rae.
1900 2912 1945 2944 29,
1962 2912 2012 2940 fol.
2032 2913 2095 2948 221,
2114 2919 2144 2941 n⁰
2162 2915 2254 2948 1167.)
