2519 3262
226 245 282 274 176

225 325 371 356 dationis
384 325 421 355 Α,
436 331 531 362 pape,
546 320 796 361 predecessoris
812 319 931 355 nostri,
947 317 1104 348 canonice
1120 326 1231 356 recep-

223 377 278 406 tus
296 376 394 406 fuerit
414 376 446 405 in
465 375 660 405 canonicum
675 374 707 403 01
729 373 762 402 111
782 372 932 408 fratrem,
953 371 1101 401 noudum
1120 371 1229 400 tamen

224 430 274 458 est
293 428 338 458 ibi
359 428 561 467 prebendam
575 427 769 457 consuetam
786 423 1121 463 assignaricanonico
1141 431 1229 452 asse-

223 483 331 511 cutus.
347 481 509 510 Nolentes
528 480 630 518 igitur
652 478 741 517 quod
764 478 853 507 idem
877 477 1144 509 archidiaconum
1171 483 1230 513 pro

223 542 287 572 quo
306 532 510 563 venerabilis
536 532 639 561 frater
660 532 773 561 noster
790 553 795 558 .
814 555 819 560 .
845 530 1037 568 episcopus,
1056 531 1088 558 et
1115 527 1229 557 dilecti

223 585 283 615 filii
303 585 487 624 capitulum
505 583 728 615 Salamantini
746 591 848 621 super
875 582 935 612 hoc
953 581 1049 611 nobis
1076 589 1133 619 per
1151 588 1230 609 suas

222 638 353 668 litteras
370 637 542 667 humiliter
559 636 805 675 supplicarunt,
823 636 921 665 inane
940 633 1091 664 canonici
1110 641 1229 662 nomen

222 692 324 730 gerat,
349 689 544 720 discretioni
568 690 622 719 tue
640 689 839 718 mandamus
855 688 1032 726 quatean
1051 686 1079 715 si
1101 688 1150 715 est
1171 685 1227 720 ita,

222 743 329 774 eidem
348 742 581 773 archidiacono
599 742 639 771 de
656 741 836 780 prebenda,
856 740 884 769 si
901 748 965 778 qua
983 739 1013 769 in
1030 739 1119 768 dicta
1136 739 1229 767 vacat

221 796 363 827 ecclesia
380 796 420 825 ad
436 804 576 834 presens
599 794 650 824 vel
668 794 920 832 quamprimum
944 793 984 822 ad
1013 792 1046 821 id
1070 791 1230 821 obtulerit

221 857 257 879 se
274 849 427 884 facultas,
451 857 509 887 per
526 849 558 878 te
575 847 627 878 vel
653 856 712 886 per
730 847 836 876 alium
858 845 1034 884 providere
1055 852 1227 883 procures.

220 902 294 932 Non
310 901 463 931 obstante
485 900 573 939 quod
592 899 735 939 quedam
765 898 934 938 prebenda
956 898 1044 927 dicto
1068 896 1230 927 archidia-

221 962 303 985 cono
319 954 446 992 dejure
468 953 579 983 debita
597 953 723 982 dudum
741 952 774 981 in
794 951 924 990 prefata
941 950 1069 980 vacavit
1088 950 1231 979 ecclesia

221 1008 252 1037 01
272 1007 329 1037 alii
360 1007 411 1036 est
436 1006 557 1036 collata
576 1014 635 1036 seu
655 1005 684 1035 si
707 1005 812 1044 aliqui
841 1004 909 1034 sint
932 1003 1058 1033 ibidem
1088 1002 1230 1033 auctori-

219 1060 286 1090 tate
304 1059 494 1089 litterarum
506 1058 597 1089 sedis
610 1058 806 1097 apostolice,
820 1058 895 1096 post
907 1056 1133 1095 receptionem
1150 1055 1230 1085 dicti

221 1112 446 1142 archidiaconi
478 1111 703 1147 obtentarum,
726 1110 850 1149 recepti
878 1110 931 1140 vel
961 1111 997 1139 ut
1024 1109 1231 1147 recipiantur

220 1165 392 1201 insistant,
406 1164 529 1203 quihus
545 1164 673 1203 perhoc
690 1164 820 1193 nullum
838 1163 995 1193 volumus
1006 1161 1230 1201 prejudicium

221 1218 373 1257 generari
390 1236 437 1247 —.
460 1217 732 1248 Contradictores
756 1218 817 1247 etc.
842 1225 949 1255 usque
974 1215 1228 1254 compescendo.

221 1271 344 1301 Datum
365 1271 453 1309 apud
468 1270 756 1304 Urbemveterem,
786 1279 847 1299 :5111
874 1269 1037 1299 kalendas
1056 1267 1229 1303 februarii,

221 1331 307 1353 anno
326 1323 435 1354 tertio.
458 1332 474 1352 »

747 1483 870 1513 Orvieto,
895 1485 928 1509 311
946 1483 1059 1518 janvier
1080 1482 1157 1509 1264.

311 1486 406 1516 131ss

255 1567 433 1601 Dispensatio
445 1568 477 1594 de
488 1576 543 1594 non
557 1567 706 1594 residendo
720 1575 768 1601 per
779 1567 937 1593 biennium.
953 1567 1031 1601 (11011.
1047 1568 1090 1597 ΞΩ,
1105 1565 1153 1592 sol.
1170 1567 1228 1599 113,

220 1622 249 1642 n⁰
265 1618 343 1649 3tjti.)

258 1727 273 1747 «
293 1716 382 1746 Petro
401 1717 436 1746 dc
458 1717 576 1752 Vincto,
609 1717 753 1745 canonico
779 1715 913 1746 Dolensi.
936 1715 1083 1747 Obtentu
1114 1716 1225 1745 lauda-

218 1769 338 1800 bilium
356 1770 553 1800 meritorum
578 1769 700 1808 quibus
717 1770 844 1808 pollere
868 1769 1001 1802 diceris,
1019 1770 1049 1799 te
1069 1769 1228 1807 prosequi

218 1823 375 1852 volumus
398 1823 534 1862 benigni
553 1822 760 1853 exhibitione
782 1822 918 1852 favoris.
950 1822 1047 1857 Sane,
1069 1822 1155 1851 sicut
1174 1830 1227 1851 no-

218 1875 270 1904 his
289 1876 479 1913 significare
494 1876 631 1911 curasti,
655 1875 695 1905 111)
709 1875 847 1914 antiquo
872 1875 904 1904 in
926 1875 1066 1905 Dolensi
1086 1875 1229 1905 ecclesia

219 1927 282 1957 suit
296 1929 459 1958 statutum
478 1930 513 1958 ut
533 1928 684 1958 canonici
702 1928 852 1967 ejusdem
871 1928 904 1957 in
922 1927 1108 1965 theologica
1129 1927 1229 1957 tat-nl-

218 1981 296 2016 tate,
316 1980 373 2010 ubi
402 1981 512 2019 vigeat
542 1981 691 2011 studium
710 1981 876 2019 generale,
894 1981 1082 2015 studentes,
1099 1980 1227 2009 fructus

219 2033 465 2072 prebendarum
486 2042 623 2063 suarum
651 2034 759 2072 ipsius
785 2033 938 2069 ecclesie,
965 2033 1143 2063 cotidianis
1162 2033 1228 2062 dis-

220 2085 462 2115 tributionilnis
484 2086 645 2124 exceptis,
668 2087 795 2125 integre
818 2086 1003 2124 percipiant
1034 2095 1070 2115 ac
1094 2087 1122 2115 si
1147 2087 1225 2115 resi-

219 2138 335 2168 derent
352 2139 576 2176 personaliter
592 2139 625 2168 in
642 2140 766 2169 eadem.
788 2141 870 2169 (jum
898 2139 1009 2177 itaque
1027 2141 1074 2175 ta,
1095 2148 1154 2177 pro
1174 2139 1226 2169 de-

219 2190 370 2220 fensione
386 2192 561 2230 eujusdam
587 2200 686 2222 cause
717 2194 782 2228 tue,
801 2192 841 2221 ad
867 2191 1086 2230 apostolicam
1112 2192 1225 2221 sedem

219 2244 390 2277 accedens,
413 2243 538 2274 ibidem
554 2244 587 2273 in
604 2244 760 2275 facultate
776 2245 913 2275 studeas
927 2245 1131 2283 supradicta,
1153 2254 1224 2279 uos,

218 2297 286 2326 tuis
304 2297 611 2335 supplicationibus
630 2297 792 2333 inclinati,
813 2299 859 2333 ut,
881 2298 968 2336 apud
983 2298 1096 2327 sedem
1118 2298 1225 2336 ipsam

219 2350 331 2379 studio
350 2350 498 2388 predicte
517 2350 688 2381 facultatis
710 2351 882 2384 insistens,
902 2351 1014 2389 possis
1044 2353 1226 2389 proventus

218 2402 385 2440 prebende
403 2404 457 2433 tue
474 2403 614 2434 ecclesie
640 2404 831 2442 supradicte
858 2413 964 2443 usque
981 2405 1020 2433 ad
1037 2403 1224 2440 biennium,

215 2454 312 2493 juxta
332 2456 519 2494 predictum
547 2457 722 2492 statutum,
750 2457 922 2496 percipere
947 2456 1007 2487 tibi
1026 2457 1226 2487 auctoritate

218 2508 426 2545 presentium
449 2509 673 2547 indulgemus.
693 2510 784 2540 Nulli
806 2519 883 2549 ergo
906 2511 1017 2540 nostre
1039 2511 1225 2540 concessio-

218 2559 271 2589 nis
289 2562 349 2590 etc.
368 2561 490 2591 Datum
519 2562 607 2600 apud
625 2562 912 2600 Urbemveterem,
942 2573 978 2593 111
1001 2563 1163 2593 kalendas
1184 2563 1226 2592 fe-

217 2611 358 2649 bruarii,
377 2622 463 2644 anno
481 2615 591 2645 tertio.
609 2624 623 2643 »

311 2771 402 2801 1317

751 2770 877 2804 orvieto,
896 2772 930 2799 30
943 2771 1056 2807 111111101-
1076 2772 1151 2799 1261.

253 2852 745 2887 infrascriptopraedicticommittit
757 2855 953 2882 executionem
965 2855 1052 2882 induit
1061 2855 1077 2883 i.
1091 2856 1159 2890 111110
1180 2858 1224 2888 20,

219 2900 237 2926 t'.
260 2901 320 2928 113,
340 2907 371 2927 n⁰
390 2902 464 2934 307.)

978 233 1222 266 REGISTRES
1249 231 1459 263 D'URBAIN
1491 231 1548 261 [v.

1330 326 1344 344 «
1367 314 1492 345 cantori·
1507 313 1627 343 ecclesie
1642 314 1812 344 Venetensi.
1825 313 1971 345 Obtentu
1989 313 2212 344 laudabilium
2230 323 2297 345 me-

1290 369 1432 398 ritorum
1449 386 1497 398 ——.
1517 368 1639 398 Datum
1665 367 1752 406 apud
1772 366 2112 402 Urbemveterem,111
2131 366 2296 397 kalendas

1291 420 1463 456 februarii,
1485 429 1571 450 anno
1590 420 1701 450 tertio.
1724 433 1737 447 »

1847 604 1973 637 0111010,
1992 605 2008 630 ὖ
2024 603 2127 630 1ρντίοι-
2149 604 2224 631 1201.

1381 606 1476 637 1318

1324 688 1459 722 Magistro
1476 688 1593 720 (iualuc,
1608 689 1720 714 notarii»
1740 691 1766 715 ct
1784 688 1878 722 legato
1894 687 2061 722 apostolico,
2079 689 2196 714 mandat
2219 691 2244 713 ut
2264 689 2297 714 d«-

1287 736 1417 762 dueentis
1440 736 1520 763 libris
1539 745 1609 770 quas
1629 737 1663 763 ab
1688 737 1821 770 episcopo
1837 739 1863 763 et
1886 736 1962 762 clero
1985 736 2173 770 l‘apiensibus
2198 736 2298 769 exigit,

1288 793 1402 811 summa
1416 788 1532 811 eentum
1553 784 1691 811 librarum
1705 786 1856 810 contentus
1872 783 1987 810 existat.
2006 784 2086 817 (itm.
2105 784 2149 813 ΞΟ,
2170 783 2218 809 sol.
2238 784 2297 816 1131

1288 839 1318 860 11⁰
1334 834 1409 868 368.)

1328 953 1344 973 ((
1362 943 1510 981 Mayislro
1527 941 1632 976 szle,
1652 942 1770 970 notario
1787 945 1901 977 nostro,
1916 940 2081 980 apostolice
2094 940 2171 970 sedis
2186 940 2297 979 leqalu.

1288 996 1338 1026 Ex
1362 997 1456 1034 parte
1469 994 1673 1025 venerabilis
1693 994 1808 1024 fratris
1822 994 1929 1024 nostri
1947 1017 1952 1022 .
1971 1019 1975 1024 .
1991 994 2140 1032 episcopi
2158 994 2298 1032 Papien-

1289 1049 1349 1083 sis,
1367 1050 1399 1079 et
1413 1048 1614 1078 dilectorum
1628 1047 1774 1078 filiorum
1785 1047 1865 1077 cleri
1879 1047 2096 1086 Papiensium
2109 1047 2257 1077 civitatis
2267 1048 2299 1077 et

1288 1101 1434 1131 diocesis
1452 1101 1514 1131 fuit
1532 1101 1745 1140 propositum
1763 1109 1874 1130 coram
1893 1100 1990 1130 nobis
2006 1100 2094 1138 quod
2120 1100 2298 1138 Papiensis

1288 1154 1431 1185 ecclesia
1448 1163 1507 1193 per
1522 1154 1691 1193 quondam
1714 1154 1781 1190 Fr.,
1804 1153 1883 1183 olim
1910 1153 2137 1183 Romanorum
2159 1153 2299 1192 impera—

1288 1208 1406 1242 torem,
1424 1210 1456 1237 et
1476 1208 1548 1247 ejils
1565 1207 1728 1237 ostie-iales
1751 1207 1867 1237 multis
1893 1206 1955 1236 fuit
1974 1206 2098 1236 afflicta
2117 1206 2296 1240 molestiis,

1288 1261 1341 1290 cui
1366 1261 1526 1299 majorem
1543 1261 1671 1299 partem
1689 1262 1912 1298 proventuum
1930 1268 2068 1289 suorum
2087 1259 2174 1288 idem
2187 1259 2298 1288 clerus

1289 1314 1469 1352 aliquando
1488 1315 1520 1344 et
1541 1314 1709 1344 interdum
1734 1322 1793 1343 sex
1819 1313 1913 1343 milia
1935 1313 2100 1342 librarum
2119 1313 2298 1351 Papiensis

1289 1368 1433 1402 monete,
1449 1367 1594 1406 singulis
1624 1367 1733 1402 anuiS,
1755 1375 1830 1396 cum
1865 1366 1972 1396 multa
1994 1366 2105 1395 cordis
2129 1366 2297 1396 anxietate

1288 1419 1464 1458 persolvit.
1482 1419 1702 1450 Postmodum
1721 1428 1799 1449 vero
1818 1419 1977 1456 Uberius,
2001 1418 2149 1448 marchio
2168 1418 2297 1448 Pelavi-

1289 1472 1396 1508 cinus,
1417 1473 1495 1502 dum
1521 1473 1629 1502 eidem
1654 1473 1783 1502 civitati
1807 1472 1943 1511 prefuit,
1970 1473 2114 1510 quatuor
2147 1471 2298 1501 1111111111-

1288 1524 1425 1554 brarum
1444 1525 1552 1564 ipsius
1570 1527 1702 1555 monete
1726 1525 1767 1555 ab
1790 1526 1906 1555 eodem
1932 1525 2021 1555 clero
2050 1525 2224 1555 annuatim
2243 1534 2296 1555 ex-

1289 1578 1397 1608 torsit.
1436 1578 1638 1617 Hujusmodi
1680 1581 1792 1608 autem
1834 1578 2067 1608 extorsionum
2110 1578 2295 1612 occasione,

1289 1631 1441 1661 nonnulli
1466 1641 1507 1661 ex
1528 1632 1644 1662 eodem
1663 1632 1750 1661 clero
1774 1631 1913 1662 mobilia
1934 1631 2021 1661 bona
2046 1633 2077 1662 et
2096 1630 2295 1665 immobilia,

1287 1684 1419 1722 tegulas
1435 1684 1536 1714 etiam
1552 1684 1771 1714 ecclesiarum
1789 1684 1941 1723 ipsarum
1970 1684 2113 1714 vendere
2144 1685 2221 1714 sunt
2249 1692 2298 1714 co-

1287 1737 1362 1767 acti.
1377 1738 1473 1771 Sane,
1488 1737 1629 1767 faciente
1648 1737 1705 1767 illo
1722 1737 1777 1776 qui
1797 1739 1871 1776 post
1886 1738 2121 1778 tempestatem
2135 1736 2296 1775 tranquil-

1286 1791 1356 1820 lum
1372 1792 1403 1820 et
1426 1792 1500 1828 post
1527 1790 1680 1820 nubilum
1699 1791 1753 1820 dat
1780 1799 1950 1826 serenum,
1967 1790 2083 1820 eadem
2101 1790 2236 1820 civitate
2256 1790 2295 1819 ad

1286 1843 1498 1873 devotionem
1521 1844 1612 1873 sedis
1632 1843 1815 1881 apostolice
1845 1843 2016 1879 redeunte,
2040 1843 2183 1881 predicti
2209 1843 2293 1881 epis-

1286 1905 1390 1934 eopus
1407 1897 1437 1925 et
1457 1896 1567 1925 clerus
1583 1905 1675 1934 spem
1696 1896 1887 1926 habuerunt
1898 1895 1961 1925 sub
1979 1896 2186 1934 protectione
2203 1895 2294 1925 sedis

1287 1949 1395 1987 ipsius
1415 1949 1575 1978 viverem
1607 1950 1730 1987 quiete.
1758 1949 1821 1978 Sed
1844 1949 1909 1987 ipsi
1934 1958 1951 1978 a
1974 1949 2096 1987 legatis
2119 1950 2149 1979 et
2167 1949 2294 1979 nuntiis

1285 2001 1372 2030 dicte
1403 2001 1494 2030 sedis
1525 2001 1558 2030 in
1594 2001 1888 2039 lu·ccu1·:iti0111]›11s
1910 2001 1959 2031 eis
1991 2001 2191 2031 exhibendis
2211 2001 2293 2030 mul-

1285 2053 1446 2091 tipliciter
1474 2055 1709 2091 aggravantur.
1743 2054 1828 2083 Nam
1859 2056 1905 2087 tu,
1933 2055 2028 2092 prout
2059 2055 2228 2089 asserunt,
2262 2054 2293 2083 iu

1285 2106 1393 2144 primo
1417 2115 1502 2136 anno
1535 2108 1589 2136 tue
1620 2106 1810 2144 legationis,
1826 2108 1991 2136 trecentas
2016 2106 2122 2136 libras
2144 2107 2293 2144 predicte

1285 2161 1428 2194 monete,
1445 2160 1579 2189 nomine
1597 2160 1856 2197 procurationis,
1877 2161 1907 2189 et
1930 2159 1962 2189 in
1989 2159 2135 2189 secundo
2152 2161 2294 2189 tantum-

1284 2213 1359 2242 dem
1378 2212 1535 2251 epismpo
1564 2215 1595 2242 et
1620 2213 1709 2242 clero
1741 2213 1937 2251 imposuisti
1964 2213 2103 2245 eisdem,
2119 2221 2203 2251 quas
2229 2213 2291 2251 ipsi

1284 2265 1345 2295 tibi
1368 2264 1554 2295 liberaliter
1581 2265 1828 2304 persolverunt.
1850 2266 1914 2296 Sed
1938 2267 1972 2295 tu
1993 2265 2234 2295 nichilominus
2252 2266 2292 2295 ad

1284 2327 1424 2357 presens
1438 2318 1599 2348 ducentas
1616 2318 1720 2348 libras
1740 2319 1888 2357 predicte
1912 2319 2044 2349 monete
2071 2318 2111 2348 ab
2137 2319 2294 2358 episeopo

1284 2373 1315 2401 et
1332 2371 1420 2401 clero
1436 2371 1545 2410 exigis
1562 2372 1777 2410 supradictis.
1793 2372 1902 2407 Quare
1913 2371 2010 2402 nobis
2026 2371 2201 2402 humiliter
2215 2380 2293 2410 sup-

1284 2424 1452 2462 plicarunt
1468 2425 1502 2454 ut
1529 2425 1705 2462 providere
1730 2425 1814 2463 ipsis
1844 2434 1945 2463 super
1969 2425 2028 2455 hoe
2046 2427 2185 2464 paterna
2204 2425 2294 2455 solli-

1283 2478 1431 2508 citudine
1450 2486 1659 2508 curaremus.
1670 2478 1739 2508 Nos
1753 2479 1877 2517 itaque,
1890 2479 1974 2517 ipsis
1988 2487 2089 2517 super
2099 2478 2290 2517 hujusmodi

1284 2530 1537 2563 afflictionibus.
1557 2540 1640 2569 quas
1660 2540 1676 2560 a
1695 2532 1747 2561 Fr.
1769 2532 1800 2560 et
1821 2531 2012 2561 marchione
2031 2531 2192 2570 predictis
2218 2540 2291 2562 sus-

1284 2584 1426 2619 tinuere,
1451 2586 1588 2622 paterno
1612 2585 1854 2623 compatientes
1875 2585 2005 2620 aflectu,
2022 2585 2179 2614 volumus
2205 2585 2292 2624 quod

1282 2637 1322 2668 de
1350 2637 1541 2676 hujusmodi
1566 2638 1718 2667 din-entis
1758 2637 1866 2671 libris,
1894 2646 1978 2676 quas
2013 2637 2053 2667 ab
2083 2638 2131 2668 eis
2170 2638 2291 2677 exigis,

1282 2699 1415 2720 summa
1426 2692 1558 2720 centum
1574 2690 1736 2720 librarum
1751 2692 1929 2720 contentus
1942 2691 2082 2721 existas.
2101 2691 2172 2721 Nes
2188 2691 2290 2724 enim,

1282 2745 1459 2782 postquam
1479 2752 1535 2774 eas
1552 2743 1612 2774 tibi
1633 2744 1806 2777 solverint,
1828 2744 1920 2782 ipsos
1941 2752 1958 2773 a
1976 2743 2111 2774 residuo
2131 2744 2292 2774 duximus

1282 2795 1516 2826 absolvendos.
1532 2796 1694 2831 Quocirca
1721 2796 1921 2825 mundamus
1945 2798 2124 2834 quatenus.
2148 2797 2291 2835 receptis

1282 2848 1322 2879 ab
1340 2849 1389 2879 eis·
1406 2849 1597 2887 hujusmodi
1615 2851 1747 2879 centum
1767 2848 1875 2883 1111115,
1912 2849 2004 2887 ipsos
2030 2858 2131 2887 super
2156 2849 2289 2879 residuo

1283 2910 1346 2932 non
1379 2902 1552 2935 molestes,
1591 2902 1952 2932 excommunicationis
1982 2911 2126 2941 quoque.
2153 2911 2288 2941 suspen-
