2519 3262
224 241 282 270 216

221 327 405 359 canonicum,
421 328 455 354 ad
473 335 657 354 communem
679 326 820 353 ccclesiae
846 334 978 353 inensam
1000 328 1028 352 et
1051 326 1233 360 quotidianas

222 376 438 403 distributiones
458 375 624 402 admittant.
641 376 720 409 (nm.
738 376 782 406 29,
798 375 847 402 fol.
868 376 881 402 ’1
891 375 918 402 12
941 380 982 408 v⁰‚
1004 381 1033 401 11ο
1060 375 1134 408 551.)

263 497 277 515 «
297 486 559 525 archipresbitero
577 491 603 515 cc
617 486 751 525 capitulo
767 486 888 515 ecclesie
904 496 927 516 s.
946 485 1095 516 Johannis
1108 485 1141 514 in
1160 485 1232 514 Per·

221 539 323 573 siculo,
337 539 536 569 Bononiensis
550 539 686 569 diocesis.
698 539 850 569 Dilectus
862 539 952 569 1111113
965 538 1171 569 Guillelmus
1183 557 1231 566 —.
1260 554 1261 562 1

221 593 344 622 Datum
363 592 450 631 apud
468 592 756 629 Urbemveterem,
776 601 795 621 v
816 592 977 622 kalendas
994 591 1125 630 aprilis,
1146 599 1232 621 anno
1260 582 1261 590 ¹

220 646 331 676 tertio.
352 654 368 674 »

314 819 408 849 1502
785 816 909 847 (li-vieto,
933 817 964 843 15
983 825 1060 843 mars
1080 817 1158 844 1204.

219 951 317 977 lanum
332 950 459 985 episcopi
472 949 624 983 Niciensis‚
637 949 666 975 in
679 949 800 975 ecclesia
815 949 1000 976 Sistariecnsi
1017 949 1045 975 in
1061 949 1231 977 canonicum

218 999 306 1034 recipi
329 999 445 1026 saciant.
465 999 541 1034 (111111.
562 1000 605 1028 29,
626 998 674 1026 sol.
692 998 741 1025 142
757 1004 796 1029 νο,
814 1004 842 1024 11⁰
860 998 911 1025 552
933 999 966 1028 ¹.)

258 1119 273 1139 1(
301 1133 306 1139 .
335 1134 340 1138 .
376 1110 501 1138 sacriste
535 1108 708 1138 Grassensi.
742 1108 956 1138 Constitutus
993 1109 1026 1138 in
1060 1109 1232 1147 presentia

218 1165 332 1193 nostra
359 1163 503 1192 dilectus
524 1163 615 1192 filius
636 1162 845 1192 Bertrandus
870 1162 1045 1197 Attenulti,
1063 1162 1231 1200 presbiter

219 1216 413 1254 capellanus
437 1215 643 1245 venerabilis
661 1214 775 1244 fratris
797 1215 903 1244 nostri
921 1215 956 1244 P.
978 1240 983 1249 ,
1008 1216 1157 1253 episcopi
1174 1215 1232 1245 Ni-

219 1270 355 1303 ciensis‚
377 1269 473 1299 nobis
495 1269 685 1308 significare
709 1268 837 1298 curavit
866 1269 965 1307 quod,
996 1269 1073 1299 licet
1099 1269 1180 1299 olim
1200 1292 1229 1298 ..

217 1324 406 1361 precentor,
423 1324 452 1351 et
470 1324 613 1360 quatuor
631 1321 689 1350 alii
705 1321 854 1351 canonici
873 1322 1110 1352 Sistariceiisis
1128 1322 1231 1352 eccle-

219 1376 268 1405 sie
279 1375 318 1405 ad
331 1375 545 1413 prebendam,
559 1375 591 1404 in
602 1374 744 1404 ecclesia
754 1374 826 1412 ipsa
834 1377 1006 1404 vacantem
1018 1383 1077 1413 per
1088 1377 1230 1405 mortem

219 1428 388 1467 qnondam
407 1428 572 1458 ι101111111113
598 1427 769 1465 1111036111,
792 1427 944 1465 ejusdem
971 1428 1112 1458 00016316
1131 1437 1229 1457 cano-
1258 1448 1259 1453 ,

219 1481 298 1516 nici,
330 1480 456 1510 dictum
486 1479 714 1518 presbiterum
743 1479 777 1509 ln
806 1481 1005 1510 canonicum
1031 1481 1228 1520 elegissent,

218 1533 389 1572 preposito
407 1535 519 1564 tamen
539 1535 569 1562 et
593 1533 703 1562 tribus
727 1533 805 1562 aliis
828 1534 967 1564 ecclesie
987 1535 1117 1572 prefate
1133 1544 1227 1565 cano-

219 1587 304 1616 nicis
333 1587 362 1617 ei
395 1595 429 1616 se
456 1595 558 1624 super
585 1586 645 1616 hoc
674 1587 924 1625 opponentibus
954 1596 1012 1625 pro
1042 1597 1101 1617 sue
1133 1588 1230 1618 libito

219 1640 414 1674 voluntatis,
431 1640 520 1669 idem
538 1639 704 1678 presbiter
722 1648 780 1670 nec
795 1640 921 1670 ibidem
945 1644 1100 1680 receptus
1118 1642 1181 1672 fuit
1197 1643 1231 1672 in

218 1694 415 1723 ‘amnicum
441 1702 500 1723 ¹¹⁰⁶
528 1693 699 1731 prebenda
734 1693 807 1731 ipsa
839 1693 868 1723 ei
900 1694 1012 1724 emm
1045 1695 1228 1733 aSSignam’
1289 1715 1460 1745 canonicis
1491 1714 1643 1753 ejusdem
1671 1713 1814 1744 ecclesie
1840 1715 1895 1752 11111
1921 1713 2112 1752 prebendas
2141 1713 2303 1744 dimidias

219 1746 333 1784 sicque
367 1746 553 1784 capitulum
586 1746 738 1784 ejusdem
768 1746 909 1777 ecclesie
942 1747 1147 1785 prebendam
1176 1757 1231 1778 va-

218 1802 347 1830 cantem
364 1799 477 1829 taliter
491 1808 550 1837 per
569 1799 653 1828 duos
672 1808 776 1829 annos
795 1802 825 1830 et
844 1800 992 1838 amplius
1014 1800 1230 1831 detinuerunt
1257 1807 1258 1815 ¹

219 1854 248 1882 et
288 1853 395 1882 adbuc
427 1852 618 1882 temeritate
655 1853 792 1891 propria
837 1853 987 1883 detinere
1017 1857 1227 1892 presumunt.

218 1910 328 1940 Quare
348 1906 542 1935 nominatus
560 1905 727 1943 presbiter
749 1906 925 1936 humiliter
946 1907 1079 1945 petebat
1097 1908 1229 1938 anobis
1256 1924 1257 1928 =

220 1961 266 1994 111,
297 1968 372 1989 011111
407 1959 478 1997 ipse
512 1959 642 1988 nullum
671 1958 871 1989 beneficium
903 1960 1153 1990 ecclesiaticum
1186 1962 1229 1991 sit

219 2012 371 2050 adeptus,
394 2012 563 2050 provideri
584 2011 649 2041 sibi
675 2012 713 2041 de
732 2012 903 2050 prebenda
930 2013 1123 2051 hujusmodi
1146 2014 1230 2044 face·
1256 2017 1257 2027 ¹

220 2074 344 2095 remus.
357 2065 440 2095 Cum
457 2067 567 2095 autem
582 2065 670 2095 idem
684 2065 862 2103 presbiter,
879 2075 978 2104 quem
993 2075 1052 2105 per
1068 2067 1230 2097 dilectum

219 2118 326 2148 tilium
343 2119 543 2157 magistrum
560 2119 709 2154 Petrum,
727 2118 1000 2149 archidiaconum
1015 2120 1229 2150 Bruliensem
1256 2130 1257 2133 ¹

218 2173 252 2202 in
268 2172 411 2202 ecclesia
428 2172 636 2210 Agennensi,
664 2171 851 2201 examinari
871 2172 1015 2202 fecimus
1036 2173 1227 2212 diligenter,

219 2227 376 2256 inventus
409 2225 514 2255 fuisse
544 2225 675 2255 dicatur
708 2225 741 2254 in
775 2225 967 2255 litteratura
1001 2228 1230 2265 competenter

219 2279 371 2317 ydoneus
400 2279 441 2307 ad
456 2278 649 2316 hujusmodi
669 2277 868 2308 beneficium
892 2279 1123 2317 obtinendum,
1155 2288 1228 2316 nos,

219 2331 354 2361 obtentu
371 2331 556 2370 supradicti
570 2331 719 2370 episcopi
734 2331 918 2367 Niciensis‚
930 2332 986 2371 qui
1002 2332 1229 2371 presbiterum

220 2385 331 2422 ipsum
361 2385 400 2415 de
434 2385 609 2414 honestate
639 2393 771 2414 morum
806 2387 837 2415 et
872 2385 940 2415 vita
970 2387 1227 2421 commendans,

219 2439 438 2476 apostolicam
451 2448 510 2477 pro
528 2439 601 2477 ipso
619 2438 761 2476 gratiam
774 2439 1000 2477 personaliter
1020 2440 1227 2478 imploravit,

219 2491 413 2521 discretioni
435 2493 490 2521 1110
516 2491 715 2521 mandamus
734 2492 906 2530 quatinus,
926 2492 955 2522 si
974 2493 1062 2531 quod
1080 2493 1120 2523 de
1136 2502 1229 2523 vaca—

218 2545 308 2574 tione
327 2546 358 2574 ct
382 2545 573 2574 detentione
602 2545 710 2583 ipsius
735 2545 902 2583 prebende
927 2546 1127 2584 proponitur
1145 2547 1230 2577 veri-

218 2599 285 2628 tate
304 2597 454 2633 t'ulcitur,
474 2599 584 2628 amoto
603 2598 643 2627 ab
662 2598 780 2629 eadem
801 2598 952 2637 quolibet
974 2599 1094 2630 illicito
1116 2600 1230 2630 deten-

221 2652 302 2688 tore,
335 2659 408 2681 eam
437 2651 526 2681 dicto
554 2651 743 2690 presbitero
779 2661 838 2691 per
866 2654 899 2682 te
931 2653 982 2683 vel
1023 2661 1082 2691 per
1109 2653 1226 2690 alium,

219 2704 418 2734 auctoritate
437 2706 552 2734 nostra
570 2705 723 2735 conferas
750 2707 782 2736 et
807 2706 972 2745 assignes,
1001 2706 1128 2736 faciens
1150 2715 1227 2737 611111
1256 2743 1257 2748 ¹

220 2756 481 2795 adprehendam
506 2758 613 2796 ipsam
638 2759 671 2788 in
696 2758 785 2789 dicta
804 2759 946 2789 ecclesia
972 2759 1006 2789 in
1029 2760 1227 2790 canonicum
1255 2796 1256 2799 Ἴ

221 2810 325 2848 recipi
342 2811 374 2841 et
389 2810 423 2840 in
442 2811 591 2841 fratrem.
610 2812 684 2842 Non
702 2811 856 2842 obstante
875 2829 922 2841 -.
940 2812 991 2842 lta
1008 2814 1120 2843 tamen
1140 2813 1229 2852 quod

251 2931 272 2954 l.
292 2929 334 2953 En
352 2936 448 2961 margo
467 2937 471 2954 :
487 2938 498 2952 »
516 2930 638 2956 Concessa
655 2932 733 2956 estdc
746 2932 852 2957 consilio
872 2933 971 2957 domini
988 2933 1137 2959 Hostiensis.
1159 2944 1168 2956 n

977 240 1220 271 REGISTRES
1247 239 1464 270 D’URBAIN
1491 239 1548 269 iv.

1262 343 1263 348 ,
1291 325 1381 355 idem
1410 324 1577 363 presbiter
1605 325 1638 354 in
1658 325 1801 355 ecclesia
1823 325 1898 364 ipsa
1922 325 2108 356 residentia
2126 327 2183 365 [111⁴
2206 327 2306 358 faciat

1261 394 1262 420 g
1290 378 1517 417 personalem,
1536 378 1686 417 alioquin
1716 378 1866 416 predicta
1891 379 2072 417 dispositio
2097 379 2227 410 nullius
2250 389 2305 419 pe-

1261 436 1262 443 *
1291 431 1383 461 nitus
1403 431 1447 460 sit
1472 431 1645 461 momenti.
1668 431 1790 461 Datum
1812 432 1899 470 apud
1923 431 2201 463 Urbemveterem
2225 433 2303 463 idus

1291 484 1416 519 martii,
1432 492 1519 514 anno
1536 484 1646 514 tertio.
1669 496 1682 510 »

1887 673 2011 704 Orvieto,
2029 676 2045 700 2
2062 674 2134 700 avril
2152 675 2229 700 1204.

1381 675 1397 704 1
1404 674 1477 705 503

1325 758 1362 783 De
1382 758 1544 792 praebenda
1567 757 1677 791 integra
1701 757 1729 783 in
1752 757 1874 784 ecclesia
1896 757 2062 784 Beli-acensi
2083 758 2226 792 magistro
2251 758 2303 785 lie-

1259 817 1260 829 :
1289 805 1343 832 liae
1368 806 1468 837 l’elcti,
1492 806 1639 840 capellano
1662 805 1832 840 apostolico,
1860 806 1972 833 cantori
1994 806 2132 833 ecclesiae
2153 806 2303 834 s.‘Hilarii

1259 854 1260 863 ¹
1289 855 1467 882 l'ictavensis
1485 856 1676 882 concedenda.
1694 855 1772 883 (ltec.
1788 855 1832 885 29,
1850 854 1899 882 fol.
1920 855 1991 882 :2142
2010 859 2049 887 νο,
2066 861 2095 882 n0
2113 856 2189 890 553.)

254 901 396 928 Suet-istae
410 900 560 927 Grassensi
577 901 696 927 mandat
712 903 742 926 ut
763 900 952 927 Bertrandum
974 900 1124 930 Attenulli,
1139 901 1231 935 capel·
1259 914 1260 919 =

1331 978 1347 997 «
1364 968 1500 998 ,Iohanni
1515 967 1729 1003 pantaleonis,
1744 967 1905 1007 capellano
1920 972 2035 1003 nostro,
2052 966 2259 1002 Atrebalensi,
2277 972 2304 996 el

1289 1021 1436 1059 magistro
1454 1020 1546 1050 Petro
1570 1021 1688 1060 Viqerii
1706 1020 1846 1050 Par-isius
1863 1021 2074 1055 commoranti,
2094 1020 2304 1050 Xanclonensi

1289 1074 1454 1104 canonicis
1476 1074 1575 1104 Clara
1597 1074 1711 1104 dilecti
1734 1074 1796 1103 filii
1815 1074 1969 1112 magistri
1996 1073 2094 1104 Helie
2115 1073 2234 1109 Pelcti,
2252 1082 2304 1104 ca-

1289 1127 1415 1166 pellani
1437 1127 1557 1163 nostri,
1575 1127 1721 1157 cantoris
1742 1127 1882 1157 ecclesie
1900 1136 1926 1156 s.
1944 1127 2051 1157 Ylarii
2077 1127 2300 1163 pictavensis,

1289 1181 1467 1219 probitatis
1480 1180 1601 1210 merita
1617 1180 1757 1219 ejusque
1774 1179 1956 1210 laudabilis
1971 1181 2059 1218 apud
2074 1180 2188 1210 sedem
2207 1188 2304 1219 apos-

1288 1234 1425 1264 tolicam
1449 1233 1661 1263 conversatio
1697 1236 1728 1262 et
1753 1233 1886 1271 placida
1919 1233 2146 1268 familiaritaS,
2176 1233 2302 1272 quibus

1289 1288 1377 1317 idem
1403 1287 1565 1325 magister
1584 1286 1703 1316 Helias
1720 1294 1755 1316 se
1772 1286 1883 1316 reddit
1906 1286 1939 1316 in
1958 1286 2082 1316 nostris
2106 1285 2214 1316 0011113
2231 1295 2304 1325 gra-

1288 1341 1426 1377 tiosum,
1444 1341 1610 1370 instanter
1626 1342 1812 1378 exposcunt
1826 1341 1861 1369 ut
1873 1348 2052 1378 personam
2070 1348 2180 1373 suam,
2196 1340 2304 1370 scien-

1287 1395 1335 1425 tia
1345 1395 1462 1433 utique
1477 1403 1514 1424 ac
1528 1393 1681 1424 moribus
1693 1393 1872 1432 preditam,
1884 1395 1915 1424 et
1928 1393 2099 1432 precipuis
2108 1393 2302 1424 attollamus

1288 1447 1463 1478 favoribus
1481 1450 1512 1478 et
1522 1447 1640 1486 gratiis
1656 1446 1848 1486 potioribus
1861 1447 2079 1477 honoremus.
2097 1447 2182 1477 Cum
2199 1446 2302 1486 igitur

1288 1502 1323 1531 in
1352 1501 1549 1532 Belvacensi
1580 1500 1721 1531 ecclesia
1740 1500 1857 1539 plures
1881 1500 1948 1530 sint
1973 1500 2137 1535 canonici,
2157 1509 2302 1539 quorum

1257 1575 1258 1579 ,
1289 1555 1395 1594 aliqui
1413 1554 1585 1591 dimidias,
1612 1556 1647 1584 ut
1664 1554 1799 1585 dicitur.
1818 1553 1916 1592 juxta
1934 1553 2044 1592 ipsius
2060 1553 2201 1583 ecclesie
2220 1553 2303 1583 anti-

1288 1617 1389 1647 quam
1407 1608 1698 1643 consuetudinem,
1710 1607 1833 1646 reliqui
1852 1615 1930 1637 vero
1948 1607 2099 1646 integras
2111 1606 2302 1645 prebendas

1288 1662 1412 1692 habere
1440 1661 1598 1691 dicuntur
1620 1661 1777 1699 idemque
1798 1660 1995 1699 capellanus
2022 1660 2146 1690 existat
2173 1660 2214 1690 de
2230 1659 2302 1690 illis

1289 1768 1441 1798 obtinent
1460 1768 1491 1797 in
1508 1768 1636 1802 eadem,
1648 1767 1756 1797 eidem
1773 1767 1958 1806 capellano,
1971 1775 2070 1805 quem
2081 1765 2179 1797 nobis
2194 1767 2303 1805 ipsius

1287 1822 1436 1860 gratiosa
1453 1822 1572 1851 merita
1588 1823 1721 1860 gratum
1737 1821 1892 1856 reddunt,
1911 1820 2065 1850 volentes
2082 1820 2116 1850 in
2132 1819 2191 1850 hac
2207 1822 2304 1858 parte

1287 1875 1430 1914 gratiam
1452 1875 1560 1905 facere
1587 1873 1782 1912 specialem,
1806 1873 2005 1903 discretioni
2031 1875 2142 1903 vestre
2166 1873 2302 1903 manda-

1288 1938 1364 1958 mus
1389 1931 1555 1967 quatenus
1579 1937 1638 1957 vos
1657 1927 1708 1957 vel
1728 1927 1813 1957 alter
1831 1929 1995 1963 vestrum,
2017 1935 2076 1965 per
2093 1935 2154 1956 vos
2172 1926 2226 1956 vel
2244 1934 2303 1965 per

1288 1982 1393 2011 alium
1410 1983 1466 2011 aut
1482 1981 1578 2018 alios,
1592 1981 1657 2019 ipsi
1675 1981 1714 2010 de
1732 1980 1902 2019 prebenda
1919 1980 2060 2019 integra,
2079 1980 2108 2009 si
2123 1988 2189 2018 qua
2206 1981 2303 2010 vacat

1287 2035 1328 2064 ad
1357 2043 1497 2073 presens
1513 2034 1547 2063 in
1571 2033 1721 2072 predicta
1739 2033 1935 2063 Helvacensi
1954 2032 2097 2063 ecclesia
2118 2032 2171 2062 vel
2187 2040 2301 2071 quam-

1288 2088 1352 2118 cito
1383 2087 1423 2117 ad
1449 2087 1481 2116 id
1510 2086 1670 2117 obtulerit
1696 2094 1731 2116 se
1761 2086 1920 2122 facultas,
1952 2085 2132 2124 providere
2162 2085 2300 2121 curetis,

1288 2141 1401 2178 ipsum
1419 2140 1471 2170 vel
1485 2140 1601 2171 alium.
1615 2140 1687 2178 ejus
1706 2139 1852 2174 nomine,
1870 2139 1903 2168 in
1915 2139 2169 2177 possessionem
2185 2147 2303 2177 corpo-

1287 2194 1393 2223 ralem
1410 2193 1561 2232 ejusdem
1591 2192 1759 2231 prebende
1780 2192 1979 2222 auctoritate
2009 2193 2125 2222 nostra
2144 2191 2301 2222 inducen-

1286 2248 1338 2277 tes
1365 2242 1397 2277 et
1425 2246 1644 2276 defendentes
1675 2246 1859 2275 inductum.
1888 2244 2163 2276 Contradictores
2190 2247 2301 2275 autem

1287 2301 1348 2331 etc.
1372 2308 1478 2338 usque
1507 2299 1762 2338 compescendo.
1789 2299 1864 2329 Non
1886 2297 2040 2329 obstante
2063 2315 2113 2328 —.
2132 2298 2301 2329 ‘Volumus

1256 2363 1257 2371 ¹
1287 2355 1399 2383 autem
1416 2353 1505 2392 quod
1522 2352 1674 2391 prefatus
1699 2352 1861 2391 magister
1877 2351 2006 2391 Helyas
2023 2352 2210 2391 predictam
2226 2359 2302 2391 pre-

1286 2406 1444 2437 bendam.
1463 2415 1565 2445 quam
1591 2405 1623 2435 iu
1649 2405 1767 2435 eadem
1791 2405 1934 2436 ecclesia
1962 2404 2092 2436 obtinet
2119 2413 2300 2444 quamque,

1256 2466 1257 2471 ’
1286 2461 1467 2498 postquam
1482 2459 1609 2489 ibidem
1630 2458 1836 2498 prebendam
1854 2459 2020 2498 integram
2043 2458 2147 2489 suerit
2164 2458 2302 2497 pacifice

1287 2515 1476 2549 assecutus,
1504 2521 1622 2543 vacare
1648 2512 1874 2548 decernimus,
1895 2512 2033 2542 omnino
2055 2512 2217 2542 dimittat.
2236 2512 2301 2542 Da-

1256 2588 1257 2592 ,
1286 2568 1358 2596 tum
1390 2566 1478 2605 apud
1512 2565 1801 2597 [Ji-beniveterein.
1833 2574 1882 2595 1111
1915 2574 2021 2595 nonas
2051 2565 2183 2604 aprilis,
2214 2573 2301 2596 anno

1286 2620 1398 2649 tertio.
1419 2631 1434 2647 »

1862 2797 1987 2829 0111610,
2003 2797 2036 2825 28
2051 2805 2129 2824 mars
2148 2797 2224 2824 1264.

1378 2799 1474 2830 150⁴

1321 2881 1460 2917 Episcopo
1479 2882 1667 2909 Ambianensi
1690 2883 1807 2909 mandat
1823 2885 1865 2913 ut,
1879 2881 2066 2916 inquisitione
2080 2882 2115 2908 de
2133 2881 2255 2908 scientia
2272 2885 2298 2908 et

1254 2943 1255 2954 1
1285 2931 1413 2959 moribus
1441 2931 1618 2966 praehabita,
1644 2928 1782 2958 waltero,
1810 2931 1888 2958 dicto
1914 2932 2040 2965 Maliqre,
2066 2930 2178 2958 nullum
2209 2929 2300 2957 adhuc
