<?xml version="1.0" encoding="UTF-8"?>
<!DOCTYPE html PUBLIC "-//W3C//DTD XHTML 1.0 Transitional//EN"
    "http://www.w3.org/TR/xhtml1/DTD/xhtml1-transitional.dtd">
<html xmlns="http://www.w3.org/1999/xhtml" xml:lang="en" lang="en">
 <head>
  <title>
</title>
<meta http-equiv="Content-Type" content="text/html;charset=utf-8" />
  <meta name='ocr-system' content='tesseract 3.04.00' />
  <meta name='ocr-capabilities' content='ocr_page ocr_carea ocr_par ocr_line ocrx_word'/>
</head>
<body>
  <div class='ocr_page' id='page_1' title='image "./lesregistresdurb34cath/lesregistresdurb34cath_0349.png"; bbox 0 0 2519 3262; ppageno 0'>
   <div class='ocr_carea' id='block_1_1' title="bbox 1021 193 1451 232">
    <p class='ocr_par' dir='ltr' id='par_1_1' title="bbox 1021 193 1451 232">
     <span class='ocr_line' id='line_1_1' title="bbox 1021 193 1451 232; baseline -0.005 -1"><span class='ocrx_word' id='word_1_1' title='bbox 1021 193 1258 232; x_wconf 67' lang='lat' dir='ltr'>&#39;rnorsmME</span> <span class='ocrx_word' id='word_1_2' title='bbox 1288 193 1451 230; x_wconf 76' lang='lat' dir='ltr'>ANNEE.</span> 
     </span>
    </p>
   </div>
   <div class='ocr_carea' id='block_1_2' title="bbox 193 282 1231 436">
    <p class='ocr_par' dir='ltr' id='par_1_2' title="bbox 193 282 1231 436">
     <span class='ocr_line' id='line_1_2' title="bbox 194 282 1231 326; baseline -0.005 -9"><span class='ocrx_word' id='word_1_3' title='bbox 194 289 310 318; x_wconf 89' lang='lat' dir='ltr'>nostra</span> <span class='ocrx_word' id='word_1_4' title='bbox 336 289 368 318; x_wconf 90' lang='lat' dir='ltr'>et</span> <span class='ocrx_word' id='word_1_5' title='bbox 385 288 450 318; x_wconf 90' lang='lat' dir='ltr'>duo</span> <span class='ocrx_word' id='word_1_6' title='bbox 475 287 627 326; x_wconf 87' lang='lat' dir='ltr'>ejusdem</span> <span class='ocrx_word' id='word_1_7' title='bbox 646 286 896 326; x_wconf 71' lang='lat' dir='ltr'>predecessoris</span> <span class='ocrx_word' id='word_1_8' title='bbox 913 285 1122 320; x_wconf 80' lang='lat' dir='ltr'>auctoritate,</span> <span class='ocrx_word' id='word_1_9' title='bbox 1141 282 1204 314; x_wconf 90' lang='lat' dir='ltr'>sub</span> <span class='ocrx_word' id='word_1_10' title='bbox 1229 302 1231 323; x_wconf 83' lang='grc'>,</span> 
     </span>
     <span class='ocr_line' id='line_1_3' title="bbox 194 338 1230 391; baseline -0.005 -20"><span class='ocrx_word' id='word_1_11' title='bbox 194 341 443 379; x_wconf 78' lang='lat' dir='ltr'>exspectatione</span> <span class='ocrx_word' id='word_1_12' title='bbox 460 341 708 380; x_wconf 77' lang='lat' dir='ltr'>prebendarum</span> <span class='ocrx_word' id='word_1_13' title='bbox 725 342 972 374; x_wconf 81' lang='lat' dir='ltr'>vacaturarum,</span> <span class='ocrx_word' id='word_1_14' title='bbox 985 339 1017 368; x_wconf 92' lang='lat' dir='ltr'>in</span> <span class='ocrx_word' id='word_1_15' title='bbox 1036 338 1157 367; x_wconf 80' lang='lat' dir='ltr'>fratres</span> <span class='ocrx_word' id='word_1_16' title='bbox 1172 338 1202 366; x_wconf 85' lang='lat' dir='ltr'>et</span> <span class='ocrx_word' id='word_1_17' title='bbox 1229 368 1230 391; x_wconf 28' lang='lat'>¹</span> 
     </span>
     <span class='ocr_line' id='line_1_4' title="bbox 193 390 1230 436; baseline -0.006 -12"><span class='ocrx_word' id='word_1_18' title='bbox 193 395 372 424; x_wconf 88' lang='lat' dir='ltr'>canonicos</span> <span class='ocrx_word' id='word_1_19' title='bbox 385 396 463 424; x_wconf 87' lang='lat' dir='ltr'>sunt</span> <span class='ocrx_word' id='word_1_20' title='bbox 475 394 612 432; x_wconf 86' lang='lat' dir='ltr'>recepti,</span> <span class='ocrx_word' id='word_1_21' title='bbox 629 394 669 423; x_wconf 89' lang='lat' dir='ltr'>ad</span> <span class='ocrx_word' id='word_1_22' title='bbox 682 395 791 423; x_wconf 88' lang='lat' dir='ltr'>certos</span> <span class='ocrx_word' id='word_1_23' title='bbox 806 390 1202 423; x_wconf 78' lang='lat' dir='ltr'>executoresdireximus</span> <span class='ocrx_word' id='word_1_24' title='bbox 1229 394 1230 436; x_wconf 34' lang='lat' dir='ltr'>i</span> 
     </span>
    </p>
   </div>
   <div class='ocr_carea' id='block_1_3' title="bbox 193 443 1203 537">
    <p class='ocr_par' dir='ltr' id='par_1_3' title="bbox 193 443 1203 537">
     <span class='ocr_line' id='line_1_5' title="bbox 193 443 1201 486; baseline -0.005 -9"><span class='ocrx_word' id='word_1_25' title='bbox 193 447 319 486; x_wconf 83' lang='lat' dir='ltr'>scripta</span> <span class='ocrx_word' id='word_1_26' title='bbox 338 450 464 477; x_wconf 81' lang='lat' dir='ltr'>nostra.</span> <span class='ocrx_word' id='word_1_27' title='bbox 482 448 564 477; x_wconf 88' lang='lat' dir='ltr'>Cum</span> <span class='ocrx_word' id='word_1_28' title='bbox 583 448 694 476; x_wconf 87' lang='lat' dir='ltr'>autem</span> <span class='ocrx_word' id='word_1_29' title='bbox 710 446 829 476; x_wconf 80' lang='lat' dir='ltr'>electio</span> <span class='ocrx_word' id='word_1_30' title='bbox 848 444 963 475; x_wconf 86' lang='lat' dir='ltr'>decani</span> <span class='ocrx_word' id='word_1_31' title='bbox 984 443 1133 483; x_wconf 85' lang='lat' dir='ltr'>ejusdem</span> <span class='ocrx_word' id='word_1_32' title='bbox 1152 451 1201 472; x_wconf 86' lang='lat' dir='ltr'>ec-</span> 
     </span>
     <span class='ocr_line' id='line_1_6' title="bbox 193 496 1203 537; baseline -0.006 -7"><span class='ocrx_word' id='word_1_33' title='bbox 193 500 295 530; x_wconf 88' lang='lat' dir='ltr'>clesie</span> <span class='ocrx_word' id='word_1_34' title='bbox 325 501 365 530; x_wconf 88' lang='lat' dir='ltr'>ad</span> <span class='ocrx_word' id='word_1_35' title='bbox 384 509 454 537; x_wconf 83' lang='lat' dir='ltr'>vos,</span> <span class='ocrx_word' id='word_1_36' title='bbox 480 502 516 530; x_wconf 89' lang='lat' dir='ltr'>ut</span> <span class='ocrx_word' id='word_1_37' title='bbox 543 500 709 535; x_wconf 85' lang='lat' dir='ltr'>asseritis,</span> <span class='ocrx_word' id='word_1_38' title='bbox 738 499 903 537; x_wconf 79' lang='lat' dir='ltr'>pertineat</span> <span class='ocrx_word' id='word_1_39' title='bbox 930 500 961 527; x_wconf 89' lang='lat' dir='ltr'>et</span> <span class='ocrx_word' id='word_1_40' title='bbox 991 497 1122 526; x_wconf 86' lang='lat' dir='ltr'>nullum</span> <span class='ocrx_word' id='word_1_41' title='bbox 1147 496 1203 533; x_wconf 78' lang='lat' dir='ltr'>Jus</span> 
     </span>
    </p>
   </div>
   <div class='ocr_carea' id='block_1_4' title="bbox 191 547 1230 856">
    <p class='ocr_par' dir='ltr' id='par_1_4' title="bbox 191 547 1230 856">
     <span class='ocr_line' id='line_1_7' title="bbox 192 547 1230 589; baseline -0.006 -7"><span class='ocrx_word' id='word_1_42' title='bbox 192 552 344 584; x_wconf 87' lang='lat' dir='ltr'>habeatis</span> <span class='ocrx_word' id='word_1_43' title='bbox 366 554 398 583; x_wconf 92' lang='lat' dir='ltr'>in</span> <span class='ocrx_word' id='word_1_44' title='bbox 423 553 602 583; x_wconf 80' lang='lat' dir='ltr'>collatione</span> <span class='ocrx_word' id='word_1_45' title='bbox 631 552 773 582; x_wconf 89' lang='lat' dir='ltr'>aliorum</span> <span class='ocrx_word' id='word_1_46' title='bbox 802 551 1043 589; x_wconf 74' lang='lat' dir='ltr'>personatuum</span> <span class='ocrx_word' id='word_1_47' title='bbox 1074 548 1126 578; x_wconf 84' lang='lat' dir='ltr'>vel</span> <span class='ocrx_word' id='word_1_48' title='bbox 1155 547 1202 577; x_wconf 88' lang='lat' dir='ltr'>di·</span> <span class='ocrx_word' id='word_1_49' title='bbox 1229 560 1230 586; x_wconf 62' lang='lat'><em>3</em></span> 
     </span>
     <span class='ocr_line' id='line_1_8' title="bbox 192 601 1203 645; baseline -0.007 -9"><span class='ocrx_word' id='word_1_50' title='bbox 192 606 358 645; x_wconf 83' lang='lat' dir='ltr'>gnitatum</span> <span class='ocrx_word' id='word_1_51' title='bbox 377 606 517 636; x_wconf 75' lang='lat' dir='ltr'>ecclesie</span> <span class='ocrx_word' id='word_1_52' title='bbox 534 605 737 644; x_wconf 77' lang='lat' dir='ltr'>supradicte,</span> <span class='ocrx_word' id='word_1_53' title='bbox 755 613 790 633; x_wconf 85' lang='lat' dir='ltr'>ac</span> <span class='ocrx_word' id='word_1_54' title='bbox 807 603 955 642; x_wconf 80' lang='lat' dir='ltr'>predicte</span> <span class='ocrx_word' id='word_1_55' title='bbox 973 601 1113 632; x_wconf 79' lang='lat' dir='ltr'>ecclesie</span> <span class='ocrx_word' id='word_1_56' title='bbox 1129 609 1203 630; x_wconf 90' lang='grc'><strong>1105-</strong></span> 
     </span>
     <span class='ocr_line' id='line_1_9' title="bbox 193 654 1201 698; baseline -0.006 -9"><span class='ocrx_word' id='word_1_57' title='bbox 193 661 285 690; x_wconf 85' lang='lat' dir='ltr'>catur</span> <span class='ocrx_word' id='word_1_58' title='bbox 310 659 496 698; x_wconf 89' lang='lat' dir='ltr'>plurimum</span> <span class='ocrx_word' id='word_1_59' title='bbox 513 659 672 697; x_wconf 84' lang='lat' dir='ltr'>expedire</span> <span class='ocrx_word' id='word_1_60' title='bbox 700 659 736 688; x_wconf 88' lang='lat' dir='ltr'>ut</span> <span class='ocrx_word' id='word_1_61' title='bbox 762 665 906 695; x_wconf 84' lang='lat' dir='ltr'>persona</span> <span class='ocrx_word' id='word_1_62' title='bbox 923 656 1064 694; x_wconf 78' lang='lat' dir='ltr'>ydonea‚</span> <span class='ocrx_word' id='word_1_63' title='bbox 1083 663 1146 693; x_wconf 87' lang='lat' dir='ltr'>que</span> <span class='ocrx_word' id='word_1_64' title='bbox 1167 654 1201 683; x_wconf 91' lang='lat' dir='ltr'>in</span> 
     </span>
     <span class='ocr_line' id='line_1_10' title="bbox 193 703 1200 750; baseline -0.006 -8"><span class='ocrx_word' id='word_1_65' title='bbox 193 713 400 742; x_wconf 82' lang='lat' dir='ltr'>sacerdotem</span> <span class='ocrx_word' id='word_1_66' title='bbox 432 703 466 742; x_wconf 84' lang='lat' dir='ltr'>se</span> <span class='ocrx_word' id='word_1_67' title='bbox 493 711 685 750; x_wconf 76' lang='lat' dir='ltr'>promoveri</span> <span class='ocrx_word' id='word_1_68' title='bbox 713 712 743 741; x_wconf 92' lang='lat' dir='ltr'>et</span> <span class='ocrx_word' id='word_1_69' title='bbox 761 709 980 740; x_wconf 85' lang='lat' dir='ltr'>residentiam</span> <span class='ocrx_word' id='word_1_70' title='bbox 1008 709 1200 738; x_wconf 87' lang='lat' dir='ltr'>continuam</span> 
     </span>
     <span class='ocr_line' id='line_1_11' title="bbox 191 762 1230 802; baseline -0.005 -7"><span class='ocrx_word' id='word_1_71' title='bbox 191 765 291 795; x_wconf 85' lang='lat' dir='ltr'>faciat</span> <span class='ocrx_word' id='word_1_72' title='bbox 319 766 353 795; x_wconf 93' lang='lat' dir='ltr'>in</span> <span class='ocrx_word' id='word_1_73' title='bbox 370 765 487 795; x_wconf 87' lang='lat' dir='ltr'>eadem</span> <span class='ocrx_word' id='word_1_74' title='bbox 515 774 551 794; x_wconf 90' lang='lat' dir='ltr'>ac</span> <span class='ocrx_word' id='word_1_75' title='bbox 579 773 691 794; x_wconf 86' lang='lat' dir='ltr'>curam</span> <span class='ocrx_word' id='word_1_76' title='bbox 711 765 803 802; x_wconf 82' lang='lat' dir='ltr'>gerat</span> <span class='ocrx_word' id='word_1_77' title='bbox 821 762 973 801; x_wconf 86' lang='lat' dir='ltr'>capituli,</span> <span class='ocrx_word' id='word_1_78' title='bbox 995 765 1030 792; x_wconf 92' lang='lat' dir='ltr'>ut</span> <span class='ocrx_word' id='word_1_79' title='bbox 1056 763 1200 796; x_wconf 84' lang='lat' dir='ltr'>tenetur,</span> <span class='ocrx_word' id='word_1_80' title='bbox 1228 767 1230 785; x_wconf 68' lang='lat'>³</span> 
     </span>
     <span class='ocr_line' id='line_1_12' title="bbox 192 815 1230 856; baseline -0.004 -9"><span class='ocrx_word' id='word_1_81' title='bbox 192 818 226 848; x_wconf 92' lang='lat' dir='ltr'>in</span> <span class='ocrx_word' id='word_1_82' title='bbox 243 818 406 848; x_wconf 83' lang='lat' dir='ltr'>decanum</span> <span class='ocrx_word' id='word_1_83' title='bbox 418 818 612 856; x_wconf 86' lang='lat' dir='ltr'>preticiatur</span> <span class='ocrx_word' id='word_1_84' title='bbox 625 817 748 853; x_wconf 85' lang='lat' dir='ltr'>eidem,</span> <span class='ocrx_word' id='word_1_85' title='bbox 767 815 865 846; x_wconf 87' lang='lat' dir='ltr'>nobis</span> <span class='ocrx_word' id='word_1_86' title='bbox 881 815 1056 845; x_wconf 89' lang='lat' dir='ltr'>humiliter</span> <span class='ocrx_word' id='word_1_87' title='bbox 1073 815 1201 853; x_wconf 80' lang='lat' dir='ltr'>suppli-</span> <span class='ocrx_word' id='word_1_88' title='bbox 1229 839 1230 843; x_wconf 71' lang='grc'>,</span> 
     </span>
    </p>
   </div>
   <div class='ocr_carea' id='block_1_5' title="bbox 185 868 1204 1334">
    <p class='ocr_par' dir='ltr' id='par_1_5' title="bbox 185 868 1204 1334">
     <span class='ocr_line' id='line_1_13' title="bbox 192 868 1204 909; baseline -0.004 -9"><span class='ocrx_word' id='word_1_89' title='bbox 192 871 294 900; x_wconf 84' lang='lat' dir='ltr'>castis</span> <span class='ocrx_word' id='word_1_90' title='bbox 307 872 343 900; x_wconf 89' lang='lat' dir='ltr'>ut</span> <span class='ocrx_word' id='word_1_91' title='bbox 363 879 464 908; x_wconf 89' lang='lat' dir='ltr'>super</span> <span class='ocrx_word' id='word_1_92' title='bbox 478 870 538 900; x_wconf 90' lang='lat' dir='ltr'>hoc</span> <span class='ocrx_word' id='word_1_93' title='bbox 554 870 730 909; x_wconf 87' lang='lat' dir='ltr'>providere</span> <span class='ocrx_word' id='word_1_94' title='bbox 744 870 883 907; x_wconf 84' lang='lat' dir='ltr'>paterna</span> <span class='ocrx_word' id='word_1_95' title='bbox 903 868 1132 898; x_wconf 84' lang='lat' dir='ltr'>sollicitudine</span> <span class='ocrx_word' id='word_1_96' title='bbox 1152 877 1204 896; x_wconf 80' lang='lat' dir='ltr'>cu—</span> 
     </span>
     <span class='ocr_line' id='line_1_14' title="bbox 191 921 1201 962; baseline -0.003 -9"><span class='ocrx_word' id='word_1_97' title='bbox 191 932 355 954; x_wconf 85' lang='lat' dir='ltr'>raremus.</span> <span class='ocrx_word' id='word_1_98' title='bbox 366 924 436 954; x_wconf 90' lang='lat' dir='ltr'>Nos</span> <span class='ocrx_word' id='word_1_99' title='bbox 448 924 572 962; x_wconf 81' lang='lat' dir='ltr'>itaque,</span> <span class='ocrx_word' id='word_1_100' title='bbox 584 923 707 953; x_wconf 77' lang='lat' dir='ltr'>vestris</span> <span class='ocrx_word' id='word_1_101' title='bbox 718 921 1023 961; x_wconf 78' lang='lat' dir='ltr'>supplicationibus</span> <span class='ocrx_word' id='word_1_102' title='bbox 1037 921 1201 956; x_wconf 84' lang='lat' dir='ltr'>inclinati,</span> 
     </span>
     <span class='ocr_line' id='line_1_15' title="bbox 191 975 1202 1015; baseline -0.002 -9"><span class='ocrx_word' id='word_1_103' title='bbox 191 976 390 1006; x_wconf 84' lang='lat' dir='ltr'>auctoritate</span> <span class='ocrx_word' id='word_1_104' title='bbox 414 976 511 1006; x_wconf 74' lang='lat' dir='ltr'>vobis</span> <span class='ocrx_word' id='word_1_105' title='bbox 537 976 747 1015; x_wconf 86' lang='lat' dir='ltr'>presentium</span> <span class='ocrx_word' id='word_1_106' title='bbox 771 975 988 1014; x_wconf 85' lang='lat' dir='ltr'>indulgemus</span> <span class='ocrx_word' id='word_1_107' title='bbox 1012 978 1047 1004; x_wconf 87' lang='lat' dir='ltr'>ut</span> <span class='ocrx_word' id='word_1_108' title='bbox 1071 984 1129 1013; x_wconf 89' lang='lat' dir='ltr'>per</span> <span class='ocrx_word' id='word_1_109' title='bbox 1146 975 1202 1004; x_wconf 89' lang='lat' dir='ltr'>ali·</span> 
     </span>
     <span class='ocr_line' id='line_1_16' title="bbox 191 1028 1202 1068; baseline -0.002 -9"><span class='ocrx_word' id='word_1_110' title='bbox 191 1037 275 1068; x_wconf 86' lang='lat' dir='ltr'>quas</span> <span class='ocrx_word' id='word_1_111' title='bbox 303 1029 435 1059; x_wconf 80' lang='lat' dir='ltr'>litteras</span> <span class='ocrx_word' id='word_1_112' title='bbox 462 1038 480 1059; x_wconf 92' lang='lat' dir='ltr'>a</span> <span class='ocrx_word' id='word_1_113' title='bbox 505 1030 583 1059; x_wconf 86' lang='lat' dir='ltr'>sede</span> <span class='ocrx_word' id='word_1_114' title='bbox 607 1029 793 1068; x_wconf 85' lang='lat' dir='ltr'>apostolica</span> <span class='ocrx_word' id='word_1_115' title='bbox 810 1029 1020 1067; x_wconf 87' lang='lat' dir='ltr'>impetratas,</span> <span class='ocrx_word' id='word_1_116' title='bbox 1045 1028 1107 1058; x_wconf 86' lang='lat' dir='ltr'>sub</span> <span class='ocrx_word' id='word_1_117' title='bbox 1124 1037 1202 1067; x_wconf 83' lang='lat' dir='ltr'>qua-</span> 
     </span>
     <span class='ocr_line' id='line_1_17' title="bbox 190 1082 1203 1121; baseline -0.001 -9"><span class='ocrx_word' id='word_1_118' title='bbox 190 1091 320 1121; x_wconf 83' lang='lat' dir='ltr'>cunque</span> <span class='ocrx_word' id='word_1_119' title='bbox 339 1082 446 1113; x_wconf 84' lang='lat' dir='ltr'>forma</span> <span class='ocrx_word' id='word_1_120' title='bbox 464 1083 517 1112; x_wconf 79' lang='lat' dir='ltr'>vel</span> <span class='ocrx_word' id='word_1_121' title='bbox 535 1082 755 1121; x_wconf 80' lang='lat' dir='ltr'>expressione</span> <span class='ocrx_word' id='word_1_122' title='bbox 773 1082 964 1118; x_wconf 80' lang='lat' dir='ltr'>verborum,</span> <span class='ocrx_word' id='word_1_123' title='bbox 992 1082 1055 1111; x_wconf 89' lang='lat' dir='ltr'>etsi</span> <span class='ocrx_word' id='word_1_124' title='bbox 1074 1090 1132 1120; x_wconf 86' lang='lat' dir='ltr'>per</span> <span class='ocrx_word' id='word_1_125' title='bbox 1147 1090 1203 1111; x_wconf 87' lang='grc'>005</span> 
     </span>
     <span class='ocr_line' id='line_1_18' title="bbox 190 1135 1202 1167; baseline -0.001 -2"><span class='ocrx_word' id='word_1_126' title='bbox 190 1135 234 1165; x_wconf 86' lang='lat' dir='ltr'>sit</span> <span class='ocrx_word' id='word_1_127' title='bbox 254 1136 294 1165; x_wconf 86' lang='lat' dir='ltr'>ad</span> <span class='ocrx_word' id='word_1_128' title='bbox 321 1135 560 1167; x_wconf 88' lang='lat' dir='ltr'>inhibitionem</span> <span class='ocrx_word' id='word_1_129' title='bbox 580 1136 650 1166; x_wconf 81' lang='lat' dir='ltr'>sive</span> <span class='ocrx_word' id='word_1_130' title='bbox 670 1136 936 1166; x_wconf 81' lang='lat' dir='ltr'>reservationem</span> <span class='ocrx_word' id='word_1_131' title='bbox 959 1136 1015 1165; x_wconf 90' lang='lat' dir='ltr'>aut</span> <span class='ocrx_word' id='word_1_132' title='bbox 1032 1135 1202 1165; x_wconf 88' lang='lat' dir='ltr'>decretum</span> 
     </span>
     <span class='ocr_line' id='line_1_19' title="bbox 189 1188 1204 1228; baseline -0.001 -9"><span class='ocrx_word' id='word_1_133' title='bbox 189 1197 400 1227; x_wconf 87' lang='lat' dir='ltr'>processum,</span> <span class='ocrx_word' id='word_1_134' title='bbox 413 1189 466 1219; x_wconf 80' lang='lat' dir='ltr'>vel</span> <span class='ocrx_word' id='word_1_135' title='bbox 485 1189 587 1220; x_wconf 86' lang='lat' dir='ltr'>etiam</span> <span class='ocrx_word' id='word_1_136' title='bbox 604 1189 847 1228; x_wconf 83' lang='lat' dir='ltr'>impetrandas,</span> <span class='ocrx_word' id='word_1_137' title='bbox 862 1198 926 1228; x_wconf 87' lang='lat' dir='ltr'>que</span> <span class='ocrx_word' id='word_1_138' title='bbox 943 1189 983 1219; x_wconf 91' lang='lat' dir='ltr'>de</span> <span class='ocrx_word' id='word_1_139' title='bbox 1001 1188 1129 1219; x_wconf 91' lang='lat' dir='ltr'>indulto</span> <span class='ocrx_word' id='word_1_140' title='bbox 1146 1188 1204 1218; x_wconf 90' lang='lat' dir='ltr'>hu-</span> 
     </span>
     <span class='ocr_line' id='line_1_20' title="bbox 185 1241 1201 1281; baseline -0.001 -9"><span class='ocrx_word' id='word_1_141' title='bbox 185 1241 335 1281; x_wconf 84' lang='lat' dir='ltr'>jusmodi</span> <span class='ocrx_word' id='word_1_142' title='bbox 346 1242 481 1281; x_wconf 86' lang='lat' dir='ltr'>plenam</span> <span class='ocrx_word' id='word_1_143' title='bbox 492 1244 523 1273; x_wconf 92' lang='lat' dir='ltr'>et</span> <span class='ocrx_word' id='word_1_144' title='bbox 539 1251 735 1281; x_wconf 81' lang='lat' dir='ltr'>expressam</span> <span class='ocrx_word' id='word_1_145' title='bbox 750 1251 815 1273; x_wconf 88' lang='lat' dir='ltr'>non</span> <span class='ocrx_word' id='word_1_146' title='bbox 833 1243 969 1273; x_wconf 83' lang='lat' dir='ltr'>fecerint</span> <span class='ocrx_word' id='word_1_147' title='bbox 983 1242 1201 1276; x_wconf 83' lang='lat' dir='ltr'>mentionem,</span> 
     </span>
     <span class='ocr_line' id='line_1_21' title="bbox 188 1295 1202 1334; baseline -0.002 -8"><span class='ocrx_word' id='word_1_148' title='bbox 188 1295 278 1326; x_wconf 88' lang='lat' dir='ltr'>idem</span> <span class='ocrx_word' id='word_1_149' title='bbox 289 1296 483 1333; x_wconf 87' lang='lat' dir='ltr'>decanatus,</span> <span class='ocrx_word' id='word_1_150' title='bbox 495 1305 570 1326; x_wconf 90' lang='lat' dir='ltr'>cum</span> <span class='ocrx_word' id='word_1_151' title='bbox 581 1296 761 1332; x_wconf 84' lang='lat' dir='ltr'>vacaverit,</span> <span class='ocrx_word' id='word_1_152' title='bbox 775 1296 884 1326; x_wconf 82' lang='lat' dir='ltr'>cuivis</span> <span class='ocrx_word' id='word_1_153' title='bbox 898 1304 1040 1334; x_wconf 89' lang='lat' dir='ltr'>persone</span> <span class='ocrx_word' id='word_1_154' title='bbox 1056 1295 1202 1325; x_wconf 61' lang='lat' dir='ltr'>confzrri</span> 
     </span>
    </p>
   </div>
   <div class='ocr_carea' id='block_1_6' title="bbox 191 1348 1231 1441">
    <p class='ocr_par' dir='ltr' id='par_1_6' title="bbox 191 1348 1231 1441">
     <span class='ocr_line' id='line_1_22' title="bbox 191 1348 1231 1387; baseline -0.001 -9"><span class='ocrx_word' id='word_1_155' title='bbox 191 1357 257 1379; x_wconf 87' lang='lat' dir='ltr'>non</span> <span class='ocrx_word' id='word_1_156' title='bbox 286 1349 405 1387; x_wconf 82' lang='lat' dir='ltr'>possit,</span> <span class='ocrx_word' id='word_1_157' title='bbox 434 1351 465 1379; x_wconf 93' lang='lat' dir='ltr'>et</span> <span class='ocrx_word' id='word_1_158' title='bbox 493 1349 590 1379; x_wconf 76' lang='lat' dir='ltr'>vobis</span> <span class='ocrx_word' id='word_1_159' title='bbox 615 1357 716 1387; x_wconf 88' lang='lat' dir='ltr'>super</span> <span class='ocrx_word' id='word_1_160' title='bbox 743 1349 906 1380; x_wconf 89' lang='lat' dir='ltr'>electione</span> <span class='ocrx_word' id='word_1_161' title='bbox 934 1349 1050 1379; x_wconf 80' lang='lat' dir='ltr'>decani</span> <span class='ocrx_word' id='word_1_162' title='bbox 1071 1348 1202 1378; x_wconf 90' lang='lat' dir='ltr'>nullum</span> <span class='ocrx_word' id='word_1_163' title='bbox 1230 1367 1231 1371; x_wconf 67' lang='lat'>,</span> 
     </span>
     <span class='ocr_line' id='line_1_23' title="bbox 191 1402 1231 1441; baseline 0 -10"><span class='ocrx_word' id='word_1_164' title='bbox 191 1402 302 1432; x_wconf 80' lang='lat' dir='ltr'>valeat</span> <span class='ocrx_word' id='word_1_165' title='bbox 331 1402 485 1441; x_wconf 81' lang='lat' dir='ltr'>generari</span> <span class='ocrx_word' id='word_1_166' title='bbox 514 1402 741 1441; x_wconf 80' lang='lat' dir='ltr'>prejudicium</span> <span class='ocrx_word' id='word_1_167' title='bbox 773 1402 826 1432; x_wconf 82' lang='lat' dir='ltr'>vel</span> <span class='ocrx_word' id='word_1_168' title='bbox 858 1402 1071 1433; x_wconf 83' lang='lat' dir='ltr'>obstaculum</span> <span class='ocrx_word' id='word_1_169' title='bbox 1103 1402 1204 1431; x_wconf 90' lang='lat' dir='ltr'>inter·</span> <span class='ocrx_word' id='word_1_170' title='bbox 1230 1403 1231 1414; x_wconf 71' lang='lat'>³</span> 
     </span>
    </p>
   </div>
   <div class='ocr_carea' id='block_1_7' title="bbox 191 1455 1204 1548">
    <p class='ocr_par' dir='ltr' id='par_1_7' title="bbox 191 1455 1204 1548">
     <span class='ocr_line' id='line_1_24' title="bbox 191 1455 1203 1494; baseline 0 -10"><span class='ocrx_word' id='word_1_171' title='bbox 191 1455 284 1494; x_wconf 81' lang='lat' dir='ltr'>poni,</span> <span class='ocrx_word' id='word_1_172' title='bbox 303 1456 484 1494; x_wconf 86' lang='lat' dir='ltr'>quominus</span> <span class='ocrx_word' id='word_1_173' title='bbox 510 1465 570 1485; x_wconf 65' lang='lat' dir='ltr'>’vos</span> <span class='ocrx_word' id='word_1_174' title='bbox 588 1456 628 1485; x_wconf 90' lang='lat' dir='ltr'>ad</span> <span class='ocrx_word' id='word_1_175' title='bbox 647 1456 845 1485; x_wconf 84' lang='lat' dir='ltr'>decanatum</span> <span class='ocrx_word' id='word_1_176' title='bbox 864 1456 988 1494; x_wconf 87' lang='lat' dir='ltr'>ipsum,</span> <span class='ocrx_word' id='word_1_177' title='bbox 1007 1464 1080 1485; x_wconf 81' lang='lat' dir='ltr'>cum</span> <span class='ocrx_word' id='word_1_178' title='bbox 1106 1455 1203 1484; x_wconf 91' lang='lat' dir='ltr'>illum</span> 
     </span>
     <span class='ocr_line' id='line_1_25' title="bbox 193 1508 1204 1548; baseline -0.001 -10"><span class='ocrx_word' id='word_1_179' title='bbox 193 1517 310 1538; x_wconf 77' lang='lat' dir='ltr'>vacare</span> <span class='ocrx_word' id='word_1_180' title='bbox 326 1509 515 1548; x_wconf 76' lang='lat' dir='ltr'>contigerit,</span> <span class='ocrx_word' id='word_1_181' title='bbox 536 1510 635 1547; x_wconf 87' lang='lat' dir='ltr'>prout</span> <span class='ocrx_word' id='word_1_182' title='bbox 654 1509 694 1538; x_wconf 88' lang='lat' dir='ltr'>ad</span> <span class='ocrx_word' id='word_1_183' title='bbox 713 1517 772 1538; x_wconf 81' lang='lat' dir='ltr'>vos</span> <span class='ocrx_word' id='word_1_184' title='bbox 792 1509 949 1547; x_wconf 86' lang='lat' dir='ltr'>pertinet,</span> <span class='ocrx_word' id='word_1_185' title='bbox 973 1508 1114 1546; x_wconf 86' lang='lat' dir='ltr'>possitis</span> <span class='ocrx_word' id='word_1_186' title='bbox 1132 1517 1204 1546; x_wconf 90' lang='lat' dir='ltr'>per-</span> 
     </span>
    </p>
   </div>
   <div class='ocr_carea' id='block_1_8' title="bbox 192 1561 1231 1601">
    <p class='ocr_par' dir='ltr' id='par_1_8' title="bbox 192 1561 1231 1601">
     <span class='ocr_line' id='line_1_26' title="bbox 192 1561 1231 1601; baseline -0.002 -10"><span class='ocrx_word' id='word_1_187' title='bbox 192 1570 309 1592; x_wconf 87' lang='lat' dir='ltr'>sonam</span> <span class='ocrx_word' id='word_1_188' title='bbox 338 1562 503 1601; x_wconf 70' lang='lat' dir='ltr'>ydoneam</span> <span class='ocrx_word' id='word_1_189' title='bbox 535 1562 658 1601; x_wconf 79' lang='lat' dir='ltr'>eligere</span> <span class='ocrx_word' id='word_1_190' title='bbox 677 1562 709 1591; x_wconf 90' lang='lat' dir='ltr'>in</span> <span class='ocrx_word' id='word_1_191' title='bbox 727 1562 902 1591; x_wconf 89' lang='lat' dir='ltr'>decanum.</span> <span class='ocrx_word' id='word_1_192' title='bbox 922 1561 1015 1591; x_wconf 82' lang='lat' dir='ltr'>Nulli</span> <span class='ocrx_word' id='word_1_193' title='bbox 1035 1570 1112 1600; x_wconf 82' lang='lat' dir='ltr'>ergo</span> <span class='ocrx_word' id='word_1_194' title='bbox 1131 1570 1205 1591; x_wconf 89' lang='lat' dir='ltr'>nos·</span> <span class='ocrx_word' id='word_1_195' title='bbox 1230 1580 1231 1588; x_wconf 52' lang='grc'>1</span> 
     </span>
    </p>
   </div>
   <div class='ocr_carea' id='block_1_9' title="bbox 190 1615 1201 1707">
    <p class='ocr_par' dir='ltr' id='par_1_9' title="bbox 190 1615 1201 1707">
     <span class='ocr_line' id='line_1_27' title="bbox 190 1615 1201 1653; baseline -0.001 -8"><span class='ocrx_word' id='word_1_196' title='bbox 190 1616 241 1645; x_wconf 86' lang='grc'>110</span> <span class='ocrx_word' id='word_1_197' title='bbox 266 1616 495 1645; x_wconf 77' lang='lat' dir='ltr'>concessionis</span> <span class='ocrx_word' id='word_1_198' title='bbox 517 1617 577 1645; x_wconf 79' lang='lat' dir='ltr'>etc.</span> <span class='ocrx_word' id='word_1_199' title='bbox 602 1615 726 1645; x_wconf 73' lang='lat' dir='ltr'>Datum</span> <span class='ocrx_word' id='word_1_200' title='bbox 758 1615 845 1653; x_wconf 87' lang='lat' dir='ltr'>apud</span> <span class='ocrx_word' id='word_1_201' title='bbox 864 1615 1153 1649; x_wconf 72' lang='lat' dir='ltr'>Urbemveterem,</span> <span class='ocrx_word' id='word_1_202' title='bbox 1170 1624 1201 1644; x_wconf 79' lang='lat' dir='ltr'>vr</span> 
     </span>
     <span class='ocr_line' id='line_1_28' title="bbox 191 1669 672 1707; baseline -0.002 -9"><span class='ocrx_word' id='word_1_203' title='bbox 191 1677 297 1698; x_wconf 88' lang='lat' dir='ltr'>nonas</span> <span class='ocrx_word' id='word_1_204' title='bbox 311 1669 400 1707; x_wconf 87' lang='lat' dir='ltr'>julii,</span> <span class='ocrx_word' id='word_1_205' title='bbox 421 1678 507 1698; x_wconf 86' lang='lat' dir='ltr'>anno</span> <span class='ocrx_word' id='word_1_206' title='bbox 526 1669 634 1699; x_wconf 84' lang='lat' dir='ltr'>tertio.</span> <span class='ocrx_word' id='word_1_207' title='bbox 658 1679 672 1697; x_wconf 85' lang='lat'>»</span> 
     </span>
    </p>
   </div>
   <div class='ocr_carea' id='block_1_10' title="bbox 285 1809 1131 1844">
    <p class='ocr_par' dir='ltr' id='par_1_10' title="bbox 285 1809 1131 1844">
     <span class='ocr_line' id='line_1_29' title="bbox 285 1809 1131 1844; baseline 0.002 -10"><span class='ocrx_word' id='word_1_208' title='bbox 285 1812 378 1843; x_wconf 65' lang='lat'><strong>1942</strong></span> <span class='ocrx_word' id='word_1_209' title='bbox 747 1809 871 1836; x_wconf 72' lang='grc'><strong>0111010,</strong></span> <span class='ocrx_word' id='word_1_210' title='bbox 892 1811 922 1836; x_wconf 67' lang='grc'>111</span> <span class='ocrx_word' id='word_1_211' title='bbox 939 1809 1035 1844; x_wconf 86' lang='lat' dir='ltr'>juillet</span> <span class='ocrx_word' id='word_1_212' title='bbox 1055 1811 1131 1837; x_wconf 69' lang='lat'>1204.</span> 
     </span>
    </p>
   </div>
   <div class='ocr_carea' id='block_1_11' title="bbox 190 1889 1204 2023">
    <p class='ocr_par' dir='ltr' id='par_1_11' title="bbox 190 1889 1204 2023">
     <span class='ocr_line' id='line_1_30' title="bbox 228 1889 1204 1926; baseline 0 -8"><span class='ocrx_word' id='word_1_213' title='bbox 228 1891 366 1926; x_wconf 74' lang='lat' dir='ltr'>Episcopo</span> <span class='ocrx_word' id='word_1_214' title='bbox 396 1889 557 1921; x_wconf 70' lang='grc'><strong>8110100051,</strong></span> <span class='ocrx_word' id='word_1_215' title='bbox 588 1890 765 1924; x_wconf 79' lang='lat' dir='ltr'>apostolicae</span> <span class='ocrx_word' id='word_1_216' title='bbox 801 1891 877 1917; x_wconf 75' lang='lat' dir='ltr'>sedis</span> <span class='ocrx_word' id='word_1_217' title='bbox 903 1890 1009 1925; x_wconf 62' lang='lat' dir='ltr'>legato,</span> <span class='ocrx_word' id='word_1_218' title='bbox 1034 1892 1150 1917; x_wconf 86' lang='lat' dir='ltr'>mandat</span> <span class='ocrx_word' id='word_1_219' title='bbox 1174 1894 1204 1918; x_wconf 89' lang='lat' dir='ltr'>ut</span> 
     </span>
     <span class='ocr_line' id='line_1_31' title="bbox 190 1939 1203 1974; baseline 0.001 -8"><span class='ocrx_word' id='word_1_220' title='bbox 190 1948 344 1974; x_wconf 83' lang='lat' dir='ltr'>personam</span> <span class='ocrx_word' id='word_1_221' title='bbox 364 1940 495 1966; x_wconf 79' lang='lat' dir='ltr'>idoneum</span> <span class='ocrx_word' id='word_1_222' title='bbox 510 1939 686 1966; x_wconf 84' lang='lat' dir='ltr'>monasterio</span> <span class='ocrx_word' id='word_1_223' title='bbox 702 1940 867 1973; x_wconf 65' lang='lat' dir='ltr'>Generum-i,</span> <span class='ocrx_word' id='word_1_224' title='bbox 885 1940 1047 1966; x_wconf 54' lang='lat' dir='ltr'>&#39;sarriensis</span> <span class='ocrx_word' id='word_1_225' title='bbox 1069 1941 1203 1973; x_wconf 74' lang='lat' dir='ltr'>diocesis,</span> 
     </span>
     <span class='ocr_line' id='line_1_32' title="bbox 191 1988 778 2023; baseline 0 -8"><span class='ocrx_word' id='word_1_226' title='bbox 191 1989 348 2022; x_wconf 85' lang='lat' dir='ltr'>praeficiat.</span> <span class='ocrx_word' id='word_1_227' title='bbox 370 1988 642 2023; x_wconf 66' lang='grc'><strong>(0110.29,1“01.200,</strong></span> <span class='ocrx_word' id='word_1_228' title='bbox 660 1994 690 2014; x_wconf 67' lang='lat'>11⁰</span> <span class='ocrx_word' id='word_1_229' title='bbox 705 1988 778 2021; x_wconf 64' lang='lat'>992.)</span> 
     </span>
    </p>
   </div>
   <div class='ocr_carea' id='block_1_12' title="bbox 191 2095 1206 2348">
    <p class='ocr_par' dir='ltr' id='par_1_12' title="bbox 191 2095 1206 2348">
     <span class='ocr_line' id='line_1_33' title="bbox 232 2095 1205 2136; baseline 0 -11"><span class='ocrx_word' id='word_1_230' title='bbox 232 2106 246 2125; x_wconf 88' lang='grc'>((</span> <span class='ocrx_word' id='word_1_231' title='bbox 270 2122 274 2126; x_wconf 91' lang='grc'>.</span> <span class='ocrx_word' id='word_1_232' title='bbox 294 2121 300 2126; x_wconf 95' lang='grc'>.</span> <span class='ocrx_word' id='word_1_233' title='bbox 316 2097 458 2136; x_wconf 74' lang='lat' dir='ltr'>episcopo</span> <span class='ocrx_word' id='word_1_234' title='bbox 470 2095 646 2127; x_wconf 77' lang='lat' dir='ltr'>Sabinensi,</span> <span class='ocrx_word' id='word_1_235' title='bbox 664 2095 830 2134; x_wconf 64' lang='lat' dir='ltr'>apostolice</span> <span class='ocrx_word' id='word_1_236' title='bbox 848 2095 927 2124; x_wconf 68' lang='lat' dir='ltr'>seclis</span> <span class='ocrx_word' id='word_1_237' title='bbox 945 2096 1054 2133; x_wconf 62' lang='lat' dir='ltr'>[effato.</span> <span class='ocrx_word' id='word_1_238' title='bbox 1074 2096 1205 2134; x_wconf 68' lang='lat' dir='ltr'>[signifi-</span> 
     </span>
     <span class='ocr_line' id='line_1_34' title="bbox 192 2149 1204 2180; baseline 0 0"><span class='ocrx_word' id='word_1_239' title='bbox 192 2149 346 2180; x_wconf 84' lang='lat' dir='ltr'>cantibus</span> <span class='ocrx_word' id='word_1_240' title='bbox 372 2149 468 2179; x_wconf 86' lang='lat' dir='ltr'>nobis</span> <span class='ocrx_word' id='word_1_241' title='bbox 486 2149 613 2179; x_wconf 89' lang='lat' dir='ltr'>dudum</span> <span class='ocrx_word' id='word_1_242' title='bbox 630 2149 764 2179; x_wconf 81' lang='lat' dir='ltr'>dilectis</span> <span class='ocrx_word' id='word_1_243' title='bbox 788 2149 867 2178; x_wconf 87' lang='lat' dir='ltr'>tiliis</span> <span class='ocrx_word' id='word_1_244' title='bbox 887 2149 1033 2179; x_wconf 68' lang='lat' dir='ltr'>Arnaldo</span> <span class='ocrx_word' id='word_1_245' title='bbox 1050 2149 1089 2179; x_wconf 86' lang='lat' dir='ltr'>de</span> <span class='ocrx_word' id='word_1_246' title='bbox 1109 2150 1204 2180; x_wconf 76' lang='lat' dir='ltr'>Bisa—</span> 
     </span>
     <span class='ocr_line' id='line_1_35' title="bbox 191 2202 1204 2242; baseline 0 -9"><span class='ocrx_word' id='word_1_247' title='bbox 191 2212 265 2240; x_wconf 88' lang='lat' dir='ltr'>nos,</span> <span class='ocrx_word' id='word_1_248' title='bbox 283 2205 315 2233; x_wconf 90' lang='lat' dir='ltr'>et</span> <span class='ocrx_word' id='word_1_249' title='bbox 333 2203 478 2242; x_wconf 73' lang='lat' dir='ltr'>Augerio</span> <span class='ocrx_word' id='word_1_250' title='bbox 502 2203 542 2232; x_wconf 91' lang='lat' dir='ltr'>de</span> <span class='ocrx_word' id='word_1_251' title='bbox 569 2203 670 2236; x_wconf 82' lang='lat' dir='ltr'>Mota,</span> <span class='ocrx_word' id='word_1_252' title='bbox 691 2202 864 2232; x_wconf 83' lang='lat' dir='ltr'>monachis</span> <span class='ocrx_word' id='word_1_253' title='bbox 880 2203 1078 2233; x_wconf 81' lang='lat' dir='ltr'>monasterii</span> <span class='ocrx_word' id='word_1_254' title='bbox 1097 2203 1204 2233; x_wconf 86' lang='lat' dir='ltr'>Gene-</span> 
     </span>
     <span class='ocr_line' id='line_1_36' title="bbox 191 2255 1203 2294; baseline 0 -8"><span class='ocrx_word' id='word_1_255' title='bbox 191 2256 313 2292; x_wconf 79' lang='grc'><strong>100515,</strong></span> <span class='ocrx_word' id='word_1_256' title='bbox 326 2256 366 2286; x_wconf 87' lang='lat' dir='ltr'>ad</span> <span class='ocrx_word' id='word_1_257' title='bbox 378 2256 564 2286; x_wconf 71' lang='lat' dir='ltr'>Romanam</span> <span class='ocrx_word' id='word_1_258' title='bbox 575 2255 751 2285; x_wconf 81' lang='lat' dir='ltr'>ecclesiam</span> <span class='ocrx_word' id='word_1_259' title='bbox 765 2256 856 2285; x_wconf 86' lang='lat' dir='ltr'>nullo</span> <span class='ocrx_word' id='word_1_260' title='bbox 868 2256 977 2285; x_wconf 89' lang='lat' dir='ltr'>medio</span> <span class='ocrx_word' id='word_1_261' title='bbox 990 2256 1203 2294; x_wconf 75' lang='grc'><strong>110111000115,</strong></span> 
     </span>
     <span class='ocr_line' id='line_1_37' title="bbox 192 2309 1206 2348; baseline 0 -9"><span class='ocrx_word' id='word_1_262' title='bbox 192 2310 322 2340; x_wconf 85' lang='lat' dir='ltr'>ordinis</span> <span class='ocrx_word' id='word_1_263' title='bbox 348 2309 454 2339; x_wconf 82' lang='lat' dir='ltr'>sancti</span> <span class='ocrx_word' id='word_1_264' title='bbox 484 2309 666 2343; x_wconf 82' lang='lat' dir='ltr'>Benedicti,</span> <span class='ocrx_word' id='word_1_265' title='bbox 694 2309 892 2339; x_wconf 84' lang='lat' dir='ltr'>Tarviensis</span> <span class='ocrx_word' id='word_1_266' title='bbox 925 2309 1083 2345; x_wconf 87' lang='lat' dir='ltr'>diocesis,</span> <span class='ocrx_word' id='word_1_267' title='bbox 1117 2310 1206 2348; x_wconf 85' lang='lat' dir='ltr'>quod</span> 
     </span>
    </p>
   </div>
   <div class='ocr_carea' id='block_1_13' title="bbox 191 2358 1234 2454">
    <p class='ocr_par' dir='ltr' id='par_1_13' title="bbox 191 2358 1234 2454">
     <span class='ocr_line' id='line_1_38' title="bbox 191 2358 1234 2401; baseline 0.001 -10"><span class='ocrx_word' id='word_1_268' title='bbox 191 2362 409 2397; x_wconf 73' lang='lat' dir='ltr'>Guillehnus,</span> <span class='ocrx_word' id='word_1_269' title='bbox 428 2363 595 2401; x_wconf 87' lang='lat' dir='ltr'>quondam</span> <span class='ocrx_word' id='word_1_270' title='bbox 620 2362 724 2392; x_wconf 82' lang='lat' dir='ltr'>abbas</span> <span class='ocrx_word' id='word_1_271' title='bbox 745 2362 896 2401; x_wconf 83' lang='lat' dir='ltr'>ejusdem</span> <span class='ocrx_word' id='word_1_272' title='bbox 922 2363 1133 2396; x_wconf 85' lang='lat' dir='ltr'>monasterii,</span> <span class='ocrx_word' id='word_1_273' title='bbox 1158 2363 1204 2392; x_wconf 79' lang='lat' dir='ltr'>di·</span> <span class='ocrx_word' id='word_1_274' title='bbox 1233 2358 1234 2386; x_wconf 71' lang='grc' dir='ltr'>ἶ</span> 
     </span>
     <span class='ocr_line' id='line_1_39' title="bbox 192 2415 1233 2454; baseline 0.001 -9"><span class='ocrx_word' id='word_1_275' title='bbox 192 2415 302 2445; x_wconf 84' lang='lat' dir='ltr'>versis</span> <span class='ocrx_word' id='word_1_276' title='bbox 325 2415 524 2445; x_wconf 87' lang='lat' dir='ltr'>criminibus</span> <span class='ocrx_word' id='word_1_277' title='bbox 554 2415 718 2452; x_wconf 87' lang='lat' dir='ltr'>irretitus,</span> <span class='ocrx_word' id='word_1_278' title='bbox 747 2415 835 2445; x_wconf 89' lang='lat' dir='ltr'>bona</span> <span class='ocrx_word' id='word_1_279' title='bbox 867 2415 977 2454; x_wconf 90' lang='lat' dir='ltr'>ipsius</span> <span class='ocrx_word' id='word_1_280' title='bbox 1007 2416 1206 2446; x_wconf 86' lang='lat' dir='ltr'>monasterii</span> <span class='ocrx_word' id='word_1_281' title='bbox 1232 2420 1233 2423; x_wconf 79' lang='grc'>’</span> 
     </span>
    </p>
   </div>
   <div class='ocr_carea' id='block_1_14' title="bbox 192 2467 1205 2561">
    <p class='ocr_par' dir='ltr' id='par_1_14' title="bbox 192 2467 1205 2561">
     <span class='ocr_line' id='line_1_40' title="bbox 192 2467 1204 2508; baseline 0.002 -10"><span class='ocrx_word' id='word_1_282' title='bbox 192 2467 401 2506; x_wconf 84' lang='lat' dir='ltr'>dilapidabat</span> <span class='ocrx_word' id='word_1_283' title='bbox 419 2469 603 2499; x_wconf 87' lang='lat' dir='ltr'>enormiter</span> <span class='ocrx_word' id='word_1_284' title='bbox 620 2477 656 2498; x_wconf 89' lang='lat' dir='ltr'>ac</span> <span class='ocrx_word' id='word_1_285' title='bbox 675 2469 776 2499; x_wconf 89' lang='lat' dir='ltr'>etiam</span> <span class='ocrx_word' id='word_1_286' title='bbox 794 2469 1026 2505; x_wconf 80' lang='lat' dir='ltr'>consumebat,</span> <span class='ocrx_word' id='word_1_287' title='bbox 1048 2469 1204 2508; x_wconf 85' lang='lat' dir='ltr'>quodque</span> 
     </span>
     <span class='ocr_line' id='line_1_41' title="bbox 193 2521 1205 2561; baseline 0.002 -10"><span class='ocrx_word' id='word_1_288' title='bbox 193 2521 354 2552; x_wconf 90' lang='lat' dir='ltr'>nonnulle</span> <span class='ocrx_word' id='word_1_289' title='bbox 370 2522 566 2552; x_wconf 87' lang='lat' dir='ltr'>monasterii</span> <span class='ocrx_word' id='word_1_290' title='bbox 584 2522 706 2561; x_wconf 78' lang='lat' dir='ltr'>prefati</span> <span class='ocrx_word' id='word_1_291' title='bbox 726 2530 868 2560; x_wconf 87' lang='lat' dir='ltr'>persone</span> <span class='ocrx_word' id='word_1_292' title='bbox 887 2523 995 2553; x_wconf 86' lang='lat' dir='ltr'>multa</span> <span class='ocrx_word' id='word_1_293' title='bbox 1020 2523 1205 2553; x_wconf 82' lang='lat' dir='ltr'>committe-</span> 
     </span>
    </p>
   </div>
   <div class='ocr_carea' id='block_1_15' title="bbox 193 2627 1206 2711">
    <p class='ocr_par' dir='ltr' id='par_1_15' title="bbox 193 2627 1206 2711">
     <span class='ocr_line' id='line_1_42' title="bbox 194 2627 1206 2667; baseline 0.002 -10"><span class='ocrx_word' id='word_1_294' title='bbox 194 2628 245 2658; x_wconf 90' lang='lat' dir='ltr'>los</span> <span class='ocrx_word' id='word_1_295' title='bbox 269 2629 300 2658; x_wconf 89' lang='lat' dir='ltr'>et</span> <span class='ocrx_word' id='word_1_296' title='bbox 325 2627 519 2657; x_wconf 82' lang='lat' dir='ltr'>hominibus</span> <span class='ocrx_word' id='word_1_297' title='bbox 548 2628 744 2658; x_wconf 84' lang='lat' dir='ltr'>scandalum</span> <span class='ocrx_word' id='word_1_298' title='bbox 764 2628 951 2667; x_wconf 80' lang='lat' dir='ltr'>pariebant,</span> <span class='ocrx_word' id='word_1_299' title='bbox 980 2638 1041 2659; x_wconf 90' lang='lat' dir='ltr'>nos</span> <span class='ocrx_word' id='word_1_300' title='bbox 1068 2638 1206 2659; x_wconf 84' lang='lat' dir='ltr'>venera-</span> 
     </span>
     <span class='ocr_line' id='line_1_43' title="bbox 193 2680 549 2711; baseline 0 -1"><span class='ocrx_word' id='word_1_301' title='bbox 193 2680 255 2710; x_wconf 89' lang='lat' dir='ltr'>bili</span> <span class='ocrx_word' id='word_1_302' title='bbox 284 2681 379 2710; x_wconf 86' lang='lat' dir='ltr'>fratri</span> <span class='ocrx_word' id='word_1_303' title='bbox 407 2684 521 2711; x_wconf 86' lang='lat' dir='ltr'>nostro</span> <span class='ocrx_word' id='word_1_304' title='bbox 545 2707 549 2711; x_wconf 91' lang='lat'>.</span> 
     </span>
    </p>
   </div>
   <div class='ocr_carea' id='block_1_16' title="bbox 1229 787 1235 2253">
    <p class='ocr_par' dir='ltr' id='par_1_16' title="bbox 1229 787 1235 2253">
     <span class='ocr_line' id='line_1_44' title="bbox 1229 787 1235 2253; baseline 0 0"><span class='ocrx_word' id='word_1_305' title='bbox 1229 787 1235 2253; x_wconf 95' lang='lat' dir='ltr'> </span> 
     </span>
    </p>
   </div>
   <div class='ocr_carea' id='block_1_17' title="bbox 193 2682 1235 2933">
    <p class='ocr_par' dir='ltr' id='par_1_17' title="bbox 193 2682 1235 2933">
     <span class='ocr_line' id='line_1_45' title="bbox 574 2682 1233 2721; baseline 0.006 -10"><span class='ocrx_word' id='word_1_306' title='bbox 574 2705 580 2711; x_wconf 90' lang='lat'>.</span> <span class='ocrx_word' id='word_1_307' title='bbox 606 2682 800 2712; x_wconf 87' lang='lat' dir='ltr'>Lectorensi</span> <span class='ocrx_word' id='word_1_308' title='bbox 826 2682 995 2721; x_wconf 82' lang='lat' dir='ltr'>episcopo,</span> <span class='ocrx_word' id='word_1_309' title='bbox 1024 2685 1055 2713; x_wconf 90' lang='lat' dir='ltr'>et</span> <span class='ocrx_word' id='word_1_310' title='bbox 1083 2683 1206 2712; x_wconf 89' lang='lat' dir='ltr'>dilecto</span> <span class='ocrx_word' id='word_1_311' title='bbox 1232 2710 1233 2715; x_wconf 71' lang='grc'>,</span> 
     </span>
     <span class='ocr_line' id='line_1_46' title="bbox 194 2733 1234 2774; baseline 0.003 -11"><span class='ocrx_word' id='word_1_312' title='bbox 194 2734 264 2764; x_wconf 85' lang='grc'><strong>11110</strong></span> <span class='ocrx_word' id='word_1_313' title='bbox 280 2757 306 2764; x_wconf 93' lang='grc'>..</span> <span class='ocrx_word' id='word_1_314' title='bbox 325 2733 436 2763; x_wconf 84' lang='lat' dir='ltr'>abbati</span> <span class='ocrx_word' id='word_1_315' title='bbox 456 2733 694 2770; x_wconf 86' lang='lat' dir='ltr'>Condomensi,</span> <span class='ocrx_word' id='word_1_316' title='bbox 714 2735 928 2774; x_wconf 71' lang='lat' dir='ltr'>Agennensis</span> <span class='ocrx_word' id='word_1_317' title='bbox 955 2735 1112 2771; x_wconf 85' lang='lat' dir='ltr'>diocesis,</span> <span class='ocrx_word' id='word_1_318' title='bbox 1132 2744 1204 2766; x_wconf 87' lang='lat' dir='ltr'>nos-</span> <span class='ocrx_word' id='word_1_319' title='bbox 1232 2751 1234 2767; x_wconf 67' lang='lat'>=.</span> 
     </span>
     <span class='ocr_line' id='line_1_47' title="bbox 194 2786 1234 2831; baseline 0.001 -13"><span class='ocrx_word' id='word_1_320' title='bbox 194 2787 257 2818; x_wconf 89' lang='lat' dir='ltr'>tris</span> <span class='ocrx_word' id='word_1_321' title='bbox 267 2787 401 2817; x_wconf 80' lang='lat' dir='ltr'>dedisse</span> <span class='ocrx_word' id='word_1_322' title='bbox 419 2786 563 2817; x_wconf 85' lang='lat' dir='ltr'>dicimur</span> <span class='ocrx_word' id='word_1_323' title='bbox 579 2787 705 2818; x_wconf 86' lang='lat' dir='ltr'>litteris</span> <span class='ocrx_word' id='word_1_324' title='bbox 719 2788 752 2818; x_wconf 89' lang='lat' dir='ltr'>in</span> <span class='ocrx_word' id='word_1_325' title='bbox 764 2788 933 2819; x_wconf 88' lang='lat' dir='ltr'>mandatis</span> <span class='ocrx_word' id='word_1_326' title='bbox 950 2791 997 2825; x_wconf 88' lang='lat' dir='ltr'>ut,</span> <span class='ocrx_word' id='word_1_327' title='bbox 1016 2789 1056 2819; x_wconf 84' lang='lat' dir='ltr'>ad</span> <span class='ocrx_word' id='word_1_328' title='bbox 1073 2798 1204 2819; x_wconf 74' lang='lat' dir='ltr'>monas</span> <span class='ocrx_word' id='word_1_329' title='bbox 1232 2812 1234 2831; x_wconf 27' lang='grc' dir='ltr'>ἦ</span> 
     </span>
     <span class='ocr_line' id='line_1_48' title="bbox 193 2840 1234 2878; baseline 0.001 -7"><span class='ocrx_word' id='word_1_330' title='bbox 193 2840 317 2871; x_wconf 86' lang='lat' dir='ltr'>terium</span> <span class='ocrx_word' id='word_1_331' title='bbox 350 2840 463 2878; x_wconf 87' lang='lat' dir='ltr'>ipsum</span> <span class='ocrx_word' id='word_1_332' title='bbox 494 2840 720 2878; x_wconf 83' lang='lat' dir='ltr'>personaliter</span> <span class='ocrx_word' id='word_1_333' title='bbox 755 2842 951 2872; x_wconf 85' lang='lat' dir='ltr'>accedentes</span> <span class='ocrx_word' id='word_1_334' title='bbox 982 2843 1013 2871; x_wconf 89' lang='lat' dir='ltr'>et</span> <span class='ocrx_word' id='word_1_335' title='bbox 1045 2842 1207 2873; x_wconf 87' lang='lat' dir='ltr'>habentes</span> <span class='ocrx_word' id='word_1_336' title='bbox 1233 2864 1234 2867; x_wconf 29' lang='grc'>1</span> 
     </span>
     <span class='ocr_line' id='line_1_49' title="bbox 196 2893 1235 2933; baseline 0.003 -11"><span class='ocrx_word' id='word_1_337' title='bbox 196 2902 254 2932; x_wconf 89' lang='lat' dir='ltr'>pre</span> <span class='ocrx_word' id='word_1_338' title='bbox 280 2893 387 2923; x_wconf 87' lang='lat' dir='ltr'>oculis</span> <span class='ocrx_word' id='word_1_339' title='bbox 415 2893 526 2923; x_wconf 90' lang='lat' dir='ltr'>solum</span> <span class='ocrx_word' id='word_1_340' title='bbox 555 2893 673 2928; x_wconf 89' lang='lat' dir='ltr'>Deum,</span> <span class='ocrx_word' id='word_1_341' title='bbox 698 2894 727 2923; x_wconf 93' lang='lat' dir='ltr'>si</span> <span class='ocrx_word' id='word_1_342' title='bbox 755 2903 855 2933; x_wconf 91' lang='lat' dir='ltr'>super</span> <span class='ocrx_word' id='word_1_343' title='bbox 873 2895 1053 2933; x_wconf 84' lang='lat' dir='ltr'>premissis</span> <span class='ocrx_word' id='word_1_344' title='bbox 1084 2896 1207 2926; x_wconf 84' lang='lat' dir='ltr'>famam</span> <span class='ocrx_word' id='word_1_345' title='bbox 1233 2908 1235 2913; x_wconf 85' lang='lat'><em>·</em></span> 
     </span>
    </p>
   </div>
   <div class='ocr_carea' id='block_1_18' title="bbox 1229 787 1236 2899">
    <p class='ocr_par' dir='ltr' id='par_1_18' title="bbox 1229 787 1236 2899">
     <span class='ocr_line' id='line_1_50' title="bbox 1229 787 1236 2899; baseline 0 0"><span class='ocrx_word' id='word_1_346' title='bbox 1229 787 1236 2899; x_wconf 95' lang='lat' dir='ltr'> </span> 
     </span>
    </p>
   </div>
   <div class='ocr_carea' id='block_1_19' title="bbox 2215 202 2273 235">
    <p class='ocr_par' dir='ltr' id='par_1_19' title="bbox 2215 202 2273 235">
     <span class='ocr_line' id='line_1_51' title="bbox 2215 202 2273 235; baseline -0.069 0"><span class='ocrx_word' id='word_1_347' title='bbox 2215 202 2273 235; x_wconf 83' lang='lat'>307</span> 
     </span>
    </p>
   </div>
   <div class='ocr_carea' id='block_1_20' title="bbox 1259 283 2273 1603">
    <p class='ocr_par' dir='ltr' id='par_1_20' title="bbox 1259 283 2273 1603">
     <span class='ocr_line' id='line_1_52' title="bbox 1263 283 2269 327; baseline 0.008 -15"><span class='ocrx_word' id='word_1_348' title='bbox 1263 283 1415 321; x_wconf 88' lang='lat' dir='ltr'>ejusdem</span> <span class='ocrx_word' id='word_1_349' title='bbox 1443 283 1574 313; x_wconf 84' lang='lat' dir='ltr'>abbatis</span> <span class='ocrx_word' id='word_1_350' title='bbox 1601 284 1806 315; x_wconf 82' lang='lat' dir='ltr'>Generensis</span> <span class='ocrx_word' id='word_1_351' title='bbox 1833 285 2024 317; x_wconf 86' lang='lat' dir='ltr'>invenirent</span> <span class='ocrx_word' id='word_1_352' title='bbox 2050 296 2123 319; x_wconf 86' lang='lat' dir='ltr'>esse</span> <span class='ocrx_word' id='word_1_353' title='bbox 2152 290 2269 327; x_wconf 68' lang='lat' dir='ltr'>lesam,</span> 
     </span>
     <span class='ocr_line' id='line_1_53' title="bbox 1261 337 2267 379; baseline 0.007 -13"><span class='ocrx_word' id='word_1_354' title='bbox 1261 337 1376 366; x_wconf 87' lang='lat' dir='ltr'>contra</span> <span class='ocrx_word' id='word_1_355' title='bbox 1393 345 1469 366; x_wconf 91' lang='lat' dir='ltr'>eum</span> <span class='ocrx_word' id='word_1_356' title='bbox 1488 338 1519 366; x_wconf 92' lang='lat' dir='ltr'>et</span> <span class='ocrx_word' id='word_1_357' title='bbox 1537 337 1622 367; x_wconf 74' lang='lat' dir='ltr'>allas</span> <span class='ocrx_word' id='word_1_358' title='bbox 1639 346 1802 376; x_wconf 87' lang='lat' dir='ltr'>personas</span> <span class='ocrx_word' id='word_1_359' title='bbox 1821 339 1989 377; x_wconf 84' lang='lat' dir='ltr'>predictas</span> <span class='ocrx_word' id='word_1_360' title='bbox 2008 350 2110 379; x_wconf 90' lang='lat' dir='ltr'>super</span> <span class='ocrx_word' id='word_1_361' title='bbox 2127 342 2197 372; x_wconf 84' lang='lat' dir='ltr'>illis</span> <span class='ocrx_word' id='word_1_362' title='bbox 2215 353 2267 373; x_wconf 81' lang='lat' dir='ltr'>sn-</span> 
     </span>
     <span class='ocr_line' id='line_1_54' title="bbox 1260 389 2270 431; baseline 0.006 -12"><span class='ocrx_word' id='word_1_363' title='bbox 1260 398 1320 427; x_wconf 85' lang='lat' dir='ltr'>per</span> <span class='ocrx_word' id='word_1_364' title='bbox 1338 389 1462 428; x_wconf 86' lang='lat' dir='ltr'>quibus</span> <span class='ocrx_word' id='word_1_365' title='bbox 1480 398 1538 420; x_wconf 89' lang='lat' dir='ltr'>eos</span> <span class='ocrx_word' id='word_1_366' title='bbox 1561 391 1648 429; x_wconf 86' lang='lat' dir='ltr'>apud</span> <span class='ocrx_word' id='word_1_367' title='bbox 1670 390 1776 422; x_wconf 84' lang='lat' dir='ltr'>bonos</span> <span class='ocrx_word' id='word_1_368' title='bbox 1794 394 1825 422; x_wconf 90' lang='lat' dir='ltr'>et</span> <span class='ocrx_word' id='word_1_369' title='bbox 1852 401 1972 431; x_wconf 80' lang='lat' dir='ltr'>graves</span> <span class='ocrx_word' id='word_1_370' title='bbox 1994 394 2062 424; x_wconf 82' lang='lat' dir='ltr'>fore</span> <span class='ocrx_word' id='word_1_371' title='bbox 2080 395 2270 425; x_wconf 77' lang='lat' dir='ltr'>ditl&#39;amatos</span> 
     </span>
     <span class='ocr_line' id='line_1_55' title="bbox 1261 444 2268 487; baseline 0.007 -15"><span class='ocrx_word' id='word_1_372' title='bbox 1261 444 1512 481; x_wconf 81' lang='lat' dir='ltr'>cognoscerent,</span> <span class='ocrx_word' id='word_1_373' title='bbox 1540 444 1749 482; x_wconf 77' lang='lat' dir='ltr'>inquirerent</span> <span class='ocrx_word' id='word_1_374' title='bbox 1767 445 1911 476; x_wconf 83' lang='lat' dir='ltr'>sollicite</span> <span class='ocrx_word' id='word_1_375' title='bbox 1938 447 2126 485; x_wconf 77' lang='lat' dir='ltr'>veritatem,</span> <span class='ocrx_word' id='word_1_376' title='bbox 2145 450 2176 478; x_wconf 81' lang='lat' dir='ltr'>ct</span> <span class='ocrx_word' id='word_1_377' title='bbox 2205 458 2268 487; x_wconf 85' lang='lat' dir='ltr'>que</span> 
     </span>
     <span class='ocr_line' id='line_1_56' title="bbox 1261 496 2270 536; baseline 0.007 -11"><span class='ocrx_word' id='word_1_378' title='bbox 1261 496 1464 531; x_wconf 87' lang='lat' dir='ltr'>invenirent,</span> <span class='ocrx_word' id='word_1_379' title='bbox 1484 497 1618 526; x_wconf 79' lang='lat' dir='ltr'>redacta</span> <span class='ocrx_word' id='word_1_380' title='bbox 1638 498 1670 526; x_wconf 91' lang='lat' dir='ltr'>in</span> <span class='ocrx_word' id='word_1_381' title='bbox 1698 498 1902 536; x_wconf 85' lang='lat' dir='ltr'>scripturam</span> <span class='ocrx_word' id='word_1_382' title='bbox 1925 501 2141 535; x_wconf 72' lang='lat' dir='ltr'>autenticam,</span> <span class='ocrx_word' id='word_1_383' title='bbox 2173 502 2270 532; x_wconf 85' lang='lat' dir='ltr'>nobis</span> 
     </span>
     <span class='ocr_line' id='line_1_57' title="bbox 1260 550 2268 590; baseline 0.006 -11"><span class='ocrx_word' id='word_1_384' title='bbox 1260 557 1319 587; x_wconf 83' lang='lat' dir='ltr'>per</span> <span class='ocrx_word' id='word_1_385' title='bbox 1348 558 1427 579; x_wconf 87' lang='lat' dir='ltr'>suas</span> <span class='ocrx_word' id='word_1_386' title='bbox 1452 550 1582 580; x_wconf 75' lang='lat' dir='ltr'>litteras</span> <span class='ocrx_word' id='word_1_387' title='bbox 1611 551 1822 581; x_wconf 86' lang='lat' dir='ltr'>continentes</span> <span class='ocrx_word' id='word_1_388' title='bbox 1852 552 2045 590; x_wconf 86' lang='lat' dir='ltr'>hujusmodi</span> <span class='ocrx_word' id='word_1_389' title='bbox 2078 554 2268 585; x_wconf 85' lang='lat' dir='ltr'>litterarum</span> 
     </span>
     <span class='ocr_line' id='line_1_58' title="bbox 1260 603 2269 644; baseline 0.006 -13"><span class='ocrx_word' id='word_1_390' title='bbox 1260 603 1453 632; x_wconf 85' lang='lat' dir='ltr'>nostrarum</span> <span class='ocrx_word' id='word_1_391' title='bbox 1484 605 1632 639; x_wconf 77' lang='lat' dir='ltr'>tenores,</span> <span class='ocrx_word' id='word_1_392' title='bbox 1658 604 1801 634; x_wconf 88' lang='lat' dir='ltr'>tideliter</span> <span class='ocrx_word' id='word_1_393' title='bbox 1834 605 2041 641; x_wconf 80' lang='lat' dir='ltr'>intimarent,</span> <span class='ocrx_word' id='word_1_394' title='bbox 2062 608 2190 644; x_wconf 81' lang='lat' dir='ltr'>prelixo</span> <span class='ocrx_word' id='word_1_395' title='bbox 2216 608 2269 637; x_wconf 87' lang='lat' dir='ltr'>ab·</span> 
     </span>
     <span class='ocr_line' id='line_1_59' title="bbox 1260 655 2269 695; baseline 0.007 -11"><span class='ocrx_word' id='word_1_396' title='bbox 1260 655 1328 685; x_wconf 83' lang='lat' dir='ltr'>bati</span> <span class='ocrx_word' id='word_1_397' title='bbox 1360 655 1546 686; x_wconf 78' lang='lat' dir='ltr'>Generensi</span> <span class='ocrx_word' id='word_1_398' title='bbox 1578 658 1609 686; x_wconf 91' lang='grc'>01</span> <span class='ocrx_word' id='word_1_399' title='bbox 1640 657 1795 695; x_wconf 89' lang='lat' dir='ltr'>personis</span> <span class='ocrx_word' id='word_1_400' title='bbox 1815 658 1955 695; x_wconf 86' lang='lat' dir='ltr'>eisdem,</span> <span class='ocrx_word' id='word_1_401' title='bbox 1977 659 2005 688; x_wconf 91' lang='lat' dir='ltr'>si</span> <span class='ocrx_word' id='word_1_402' title='bbox 2038 660 2269 691; x_wconf 75' lang='lat' dir='ltr'>invenirentur</span> 
     </span>
     <span class='ocr_line' id='line_1_60' title="bbox 1260 708 2268 751; baseline 0.006 -14"><span class='ocrx_word' id='word_1_403' title='bbox 1260 708 1458 746; x_wconf 81' lang='lat' dir='ltr'>culpabiles,</span> <span class='ocrx_word' id='word_1_404' title='bbox 1475 710 1620 739; x_wconf 88' lang='lat' dir='ltr'>termino</span> <span class='ocrx_word' id='word_1_405' title='bbox 1636 711 1863 749; x_wconf 87' lang='lat' dir='ltr'>peremptorio</span> <span class='ocrx_word' id='word_1_406' title='bbox 1881 713 2083 750; x_wconf 82' lang='lat' dir='ltr'>competenti</span> <span class='ocrx_word' id='word_1_407' title='bbox 2101 722 2166 751; x_wconf 90' lang='lat' dir='ltr'>quo</span> <span class='ocrx_word' id='word_1_408' title='bbox 2182 714 2268 743; x_wconf 81' lang='lat' dir='ltr'>idem</span> 
     </span>
     <span class='ocr_line' id='line_1_61' title="bbox 1259 760 2266 804; baseline 0.006 -14"><span class='ocrx_word' id='word_1_409' title='bbox 1259 760 1364 791; x_wconf 79' lang='lat' dir='ltr'>abbas</span> <span class='ocrx_word' id='word_1_410' title='bbox 1380 762 1615 800; x_wconf 80' lang='lat' dir='ltr'>personaliter,</span> <span class='ocrx_word' id='word_1_411' title='bbox 1636 763 1723 793; x_wconf 88' lang='lat' dir='ltr'>dicte</span> <span class='ocrx_word' id='word_1_412' title='bbox 1741 772 1820 794; x_wconf 80' lang='lat' dir='ltr'>vero</span> <span class='ocrx_word' id='word_1_413' title='bbox 1838 772 1981 802; x_wconf 90' lang='lat' dir='ltr'>persone</span> <span class='ocrx_word' id='word_1_414' title='bbox 1997 773 2055 803; x_wconf 87' lang='lat' dir='ltr'>per</span> <span class='ocrx_word' id='word_1_415' title='bbox 2075 768 2266 804; x_wconf 90' lang='lat' dir='ltr'>procurato-</span> 
     </span>
     <span class='ocr_line' id='line_1_62' title="bbox 1259 815 2271 858; baseline 0.005 -14"><span class='ocrx_word' id='word_1_416' title='bbox 1259 823 1314 844; x_wconf 90' lang='lat' dir='ltr'>res</span> <span class='ocrx_word' id='word_1_417' title='bbox 1336 815 1485 853; x_wconf 73' lang='lat' dir='ltr'>ydoneos</span> <span class='ocrx_word' id='word_1_418' title='bbox 1503 817 1617 846; x_wconf 88' lang='lat' dir='ltr'>nostro</span> <span class='ocrx_word' id='word_1_419' title='bbox 1636 825 1671 846; x_wconf 91' lang='lat' dir='ltr'>se</span> <span class='ocrx_word' id='word_1_420' title='bbox 1691 817 1885 855; x_wconf 83' lang='lat' dir='ltr'>conspectui</span> <span class='ocrx_word' id='word_1_421' title='bbox 1904 820 2150 855; x_wconf 72' lang='lat' dir='ltr'>presentarent,</span> <span class='ocrx_word' id='word_1_422' title='bbox 2169 828 2271 858; x_wconf 91' lang='lat' dir='ltr'>super</span> 
     </span>
     <span class='ocr_line' id='line_1_63' title="bbox 1260 868 2269 909; baseline 0.005 -12"><span class='ocrx_word' id='word_1_423' title='bbox 1260 868 1440 906; x_wconf 85' lang='lat' dir='ltr'>premissis</span> <span class='ocrx_word' id='word_1_424' title='bbox 1457 870 1572 898; x_wconf 81' lang='lat' dir='ltr'>nostro</span> <span class='ocrx_word' id='word_1_425' title='bbox 1584 868 1795 908; x_wconf 83' lang='lat' dir='ltr'>beneplacito</span> <span class='ocrx_word' id='word_1_426' title='bbox 1810 870 1969 909; x_wconf 79' lang='lat' dir='ltr'>parituri3</span> <span class='ocrx_word' id='word_1_427' title='bbox 1989 874 2020 901; x_wconf 91' lang='lat' dir='ltr'>et</span> <span class='ocrx_word' id='word_1_428' title='bbox 2038 872 2066 901; x_wconf 89' lang='lat' dir='ltr'>si</span> <span class='ocrx_word' id='word_1_429' title='bbox 2083 872 2166 902; x_wconf 81' lang='lat' dir='ltr'>sorte</span> <span class='ocrx_word' id='word_1_430' title='bbox 2182 873 2269 902; x_wconf 88' lang='lat' dir='ltr'>idem</span> 
     </span>
     <span class='ocr_line' id='line_1_64' title="bbox 1261 920 2270 962; baseline 0.005 -12"><span class='ocrx_word' id='word_1_431' title='bbox 1261 920 1365 951; x_wconf 87' lang='lat' dir='ltr'>abbas</span> <span class='ocrx_word' id='word_1_432' title='bbox 1390 922 1595 952; x_wconf 75' lang='lat' dir='ltr'>Generensis</span> <span class='ocrx_word' id='word_1_433' title='bbox 1626 922 1834 953; x_wconf 72' lang='lat' dir='ltr'>inveniretur</span> <span class='ocrx_word' id='word_1_434' title='bbox 1859 923 1897 953; x_wconf 90' lang='lat' dir='ltr'>de</span> <span class='ocrx_word' id='word_1_435' title='bbox 1926 924 2168 962; x_wconf 84' lang='lat' dir='ltr'>dilapidatione</span> <span class='ocrx_word' id='word_1_436' title='bbox 2198 934 2270 955; x_wconf 87' lang='lat' dir='ltr'>sus-</span> 
     </span>
     <span class='ocr_line' id='line_1_65' title="bbox 1261 975 2270 1016; baseline 0.005 -13"><span class='ocrx_word' id='word_1_437' title='bbox 1261 976 1388 1012; x_wconf 81' lang='lat' dir='ltr'>pectus,</span> <span class='ocrx_word' id='word_1_438' title='bbox 1408 975 1438 1004; x_wconf 89' lang='lat' dir='ltr'>ei</span> <span class='ocrx_word' id='word_1_439' title='bbox 1465 984 1561 1005; x_wconf 90' lang='lat' dir='ltr'>omne</span> <span class='ocrx_word' id='word_1_440' title='bbox 1578 984 1684 1014; x_wconf 78' lang='lat' dir='ltr'>genus</span> <span class='ocrx_word' id='word_1_441' title='bbox 1708 976 1924 1006; x_wconf 72' lang='lat' dir='ltr'>alienationis</span> <span class='ocrx_word' id='word_1_442' title='bbox 1941 978 2076 1016; x_wconf 86' lang='lat' dir='ltr'>penitus</span> <span class='ocrx_word' id='word_1_443' title='bbox 2094 978 2270 1008; x_wconf 87' lang='lat' dir='ltr'>interdice-</span> 
     </span>
     <span class='ocr_line' id='line_1_66' title="bbox 1261 1027 2271 1069; baseline 0.005 -13"><span class='ocrx_word' id='word_1_444' title='bbox 1261 1029 1335 1057; x_wconf 87' lang='lat' dir='ltr'>rent</span> <span class='ocrx_word' id='word_1_445' title='bbox 1358 1029 1390 1057; x_wconf 90' lang='lat' dir='ltr'>et</span> <span class='ocrx_word' id='word_1_446' title='bbox 1417 1027 1548 1058; x_wconf 86' lang='lat' dir='ltr'>duobus</span> <span class='ocrx_word' id='word_1_447' title='bbox 1572 1029 1624 1059; x_wconf 77' lang='lat' dir='ltr'>vel</span> <span class='ocrx_word' id='word_1_448' title='bbox 1642 1029 1750 1059; x_wconf 84' lang='lat' dir='ltr'>tribus</span> <span class='ocrx_word' id='word_1_449' title='bbox 1779 1030 1952 1060; x_wconf 87' lang='lat' dir='ltr'>monachis</span> <span class='ocrx_word' id='word_1_450' title='bbox 1971 1031 2121 1069; x_wconf 85' lang='lat' dir='ltr'>ejusdem</span> <span class='ocrx_word' id='word_1_451' title='bbox 2141 1040 2271 1061; x_wconf 87' lang='lat' dir='ltr'>monas-</span> 
     </span>
     <span class='ocr_line' id='line_1_67' title="bbox 1260 1081 2271 1122; baseline 0.003 -12"><span class='ocrx_word' id='word_1_452' title='bbox 1260 1081 1350 1115; x_wconf 85' lang='lat' dir='ltr'>terii,</span> <span class='ocrx_word' id='word_1_453' title='bbox 1378 1081 1572 1120; x_wconf 86' lang='lat' dir='ltr'>hujusmodi</span> <span class='ocrx_word' id='word_1_454' title='bbox 1592 1083 1762 1121; x_wconf 78' lang='lat' dir='ltr'>negotium</span> <span class='ocrx_word' id='word_1_455' title='bbox 1781 1083 2078 1122; x_wconf 79' lang='lat' dir='ltr'>prosequentibus,</span> <span class='ocrx_word' id='word_1_456' title='bbox 2109 1084 2148 1115; x_wconf 91' lang='lat' dir='ltr'>de</span> <span class='ocrx_word' id='word_1_457' title='bbox 2173 1084 2271 1114; x_wconf 92' lang='lat' dir='ltr'>bonis</span> 
     </span>
     <span class='ocr_line' id='line_1_68' title="bbox 1261 1134 2272 1175; baseline 0.005 -11"><span class='ocrx_word' id='word_1_458' title='bbox 1261 1134 1334 1172; x_wconf 84' lang='lat' dir='ltr'>ejus</span> <span class='ocrx_word' id='word_1_459' title='bbox 1352 1135 1392 1164; x_wconf 86' lang='lat' dir='ltr'>ad</span> <span class='ocrx_word' id='word_1_460' title='bbox 1407 1136 1678 1173; x_wconf 90' lang='lat' dir='ltr'>prosecutionem</span> <span class='ocrx_word' id='word_1_461' title='bbox 1703 1136 1896 1175; x_wconf 71' lang='lat' dir='ltr'>huiusmodi</span> <span class='ocrx_word' id='word_1_462' title='bbox 1917 1137 2064 1168; x_wconf 86' lang='lat' dir='ltr'>facerent</span> <span class='ocrx_word' id='word_1_463' title='bbox 2081 1140 2272 1169; x_wconf 82' lang='lat' dir='ltr'>necessaria</span> 
     </span>
     <span class='ocr_line' id='line_1_69' title="bbox 1262 1188 2268 1229; baseline 0.005 -12"><span class='ocrx_word' id='word_1_464' title='bbox 1262 1188 1460 1218; x_wconf 88' lang='lat' dir='ltr'>ministrari.</span> <span class='ocrx_word' id='word_1_465' title='bbox 1490 1189 1764 1220; x_wconf 82' lang='lat' dir='ltr'>Contradictores</span> <span class='ocrx_word' id='word_1_466' title='bbox 1789 1192 1850 1220; x_wconf 89' lang='lat' dir='ltr'>etc.</span> <span class='ocrx_word' id='word_1_467' title='bbox 1883 1199 1990 1229; x_wconf 85' lang='lat' dir='ltr'>usque</span> <span class='ocrx_word' id='word_1_468' title='bbox 2015 1192 2268 1229; x_wconf 87' lang='lat' dir='ltr'>compescendo.</span> 
     </span>
     <span class='ocr_line' id='line_1_70' title="bbox 1261 1241 2273 1281; baseline 0.004 -10"><span class='ocrx_word' id='word_1_469' title='bbox 1261 1242 1366 1272; x_wconf 86' lang='lat' dir='ltr'>Porro</span> <span class='ocrx_word' id='word_1_470' title='bbox 1385 1241 1466 1272; x_wconf 83' lang='lat' dir='ltr'>dicti</span> <span class='ocrx_word' id='word_1_471' title='bbox 1491 1242 1672 1281; x_wconf 87' lang='lat' dir='ltr'>episcopus</span> <span class='ocrx_word' id='word_1_472' title='bbox 1702 1245 1734 1273; x_wconf 88' lang='lat' dir='ltr'>et</span> <span class='ocrx_word' id='word_1_473' title='bbox 1757 1243 1862 1273; x_wconf 86' lang='lat' dir='ltr'>abbas</span> <span class='ocrx_word' id='word_1_474' title='bbox 1879 1244 2138 1280; x_wconf 85' lang='lat' dir='ltr'>Condomensis,</span> <span class='ocrx_word' id='word_1_475' title='bbox 2163 1245 2202 1274; x_wconf 85' lang='lat' dir='ltr'>ad</span> <span class='ocrx_word' id='word_1_476' title='bbox 2225 1254 2273 1276; x_wconf 90' lang='lat' dir='ltr'>se-</span> 
     </span>
     <span class='ocr_line' id='line_1_71' title="bbox 1261 1295 2271 1337; baseline 0.004 -13"><span class='ocrx_word' id='word_1_477' title='bbox 1261 1295 1430 1333; x_wconf 86' lang='lat' dir='ltr'>pedictum</span> <span class='ocrx_word' id='word_1_478' title='bbox 1458 1296 1703 1326; x_wconf 82' lang='lat' dir='ltr'>monasterium</span> <span class='ocrx_word' id='word_1_479' title='bbox 1729 1297 1938 1332; x_wconf 77' lang='lat' dir='ltr'>accedentes,</span> <span class='ocrx_word' id='word_1_480' title='bbox 1966 1300 1996 1328; x_wconf 94' lang='lat' dir='ltr'>et</span> <span class='ocrx_word' id='word_1_481' title='bbox 2018 1297 2207 1328; x_wconf 82' lang='lat' dir='ltr'>litterarum</span> <span class='ocrx_word' id='word_1_482' title='bbox 2224 1299 2271 1337; x_wconf 89' lang='lat' dir='ltr'>ip-</span> 
     </span>
     <span class='ocr_line' id='line_1_72' title="bbox 1261 1349 2272 1389; baseline 0.005 -12"><span class='ocrx_word' id='word_1_483' title='bbox 1261 1357 1375 1378; x_wconf 86' lang='lat' dir='ltr'>sarum</span> <span class='ocrx_word' id='word_1_484' title='bbox 1406 1349 1471 1378; x_wconf 91' lang='lat' dir='ltr'>sibi</span> <span class='ocrx_word' id='word_1_485' title='bbox 1497 1349 1702 1379; x_wconf 86' lang='lat' dir='ltr'>directarum</span> <span class='ocrx_word' id='word_1_486' title='bbox 1721 1350 1830 1380; x_wconf 76' lang='lat' dir='ltr'>forma</span> <span class='ocrx_word' id='word_1_487' title='bbox 1846 1352 1991 1387; x_wconf 78' lang='lat' dir='ltr'>servata,</span> <span class='ocrx_word' id='word_1_488' title='bbox 2022 1350 2272 1389; x_wconf 78' lang='lat' dir='ltr'>inquisiverunt</span> 
     </span>
     <span class='ocr_line' id='line_1_73' title="bbox 1262 1402 2271 1442; baseline 0.003 -11"><span class='ocrx_word' id='word_1_489' title='bbox 1262 1410 1363 1440; x_wconf 86' lang='lat' dir='ltr'>super</span> <span class='ocrx_word' id='word_1_490' title='bbox 1389 1402 1551 1440; x_wconf 88' lang='lat' dir='ltr'>predictis</span> <span class='ocrx_word' id='word_1_491' title='bbox 1571 1403 1768 1442; x_wconf 80' lang='lat' dir='ltr'>diligentius</span> <span class='ocrx_word' id='word_1_492' title='bbox 1787 1403 1963 1434; x_wconf 84' lang='lat' dir='ltr'>veritatem</span> <span class='ocrx_word' id='word_1_493' title='bbox 1986 1413 2021 1434; x_wconf 89' lang='lat' dir='ltr'>ac</span> <span class='ocrx_word' id='word_1_494' title='bbox 2048 1404 2157 1434; x_wconf 89' lang='lat' dir='ltr'>eidem</span> <span class='ocrx_word' id='word_1_495' title='bbox 2178 1406 2271 1435; x_wconf 68' lang='lat' dir='ltr'>(juil-</span> 
     </span>
     <span class='ocr_line' id='line_1_74' title="bbox 1261 1455 2270 1496; baseline 0.003 -12"><span class='ocrx_word' id='word_1_496' title='bbox 1261 1455 1375 1491; x_wconf 89' lang='lat' dir='ltr'>lelmo,</span> <span class='ocrx_word' id='word_1_497' title='bbox 1402 1464 1501 1494; x_wconf 87' lang='lat' dir='ltr'>quem</span> <span class='ocrx_word' id='word_1_498' title='bbox 1519 1456 1719 1486; x_wconf 75' lang='lat' dir='ltr'>invenerunt</span> <span class='ocrx_word' id='word_1_499' title='bbox 1738 1457 1777 1486; x_wconf 91' lang='lat' dir='ltr'>de</span> <span class='ocrx_word' id='word_1_500' title='bbox 1798 1457 2040 1495; x_wconf 82' lang='lat' dir='ltr'>dilapidatione</span> <span class='ocrx_word' id='word_1_501' title='bbox 2064 1460 2270 1496; x_wconf 87' lang='lat' dir='ltr'>suspectum,</span> 
     </span>
     <span class='ocr_line' id='line_1_75' title="bbox 1262 1508 2272 1550; baseline 0.003 -12"><span class='ocrx_word' id='word_1_502' title='bbox 1262 1508 1353 1539; x_wconf 90' lang='lat' dir='ltr'>omni</span> <span class='ocrx_word' id='word_1_503' title='bbox 1377 1509 1593 1539; x_wconf 79' lang='lat' dir='ltr'>alienationis</span> <span class='ocrx_word' id='word_1_504' title='bbox 1611 1518 1732 1548; x_wconf 84' lang='lat' dir='ltr'>genere</span> <span class='ocrx_word' id='word_1_505' title='bbox 1762 1510 1952 1546; x_wconf 81' lang='lat' dir='ltr'>interdicto,</span> <span class='ocrx_word' id='word_1_506' title='bbox 1982 1520 2046 1550; x_wconf 90' lang='lat' dir='ltr'>que</span> <span class='ocrx_word' id='word_1_507' title='bbox 2071 1511 2272 1541; x_wconf 85' lang='lat' dir='ltr'>invenerunt</span> 
     </span>
     <span class='ocr_line' id='line_1_76' title="bbox 1261 1562 2273 1603; baseline 0.003 -12"><span class='ocrx_word' id='word_1_508' title='bbox 1261 1562 1295 1591; x_wconf 94' lang='lat' dir='ltr'>in</span> <span class='ocrx_word' id='word_1_509' title='bbox 1313 1562 1515 1600; x_wconf 89' lang='lat' dir='ltr'>scripturam</span> <span class='ocrx_word' id='word_1_510' title='bbox 1535 1563 1669 1592; x_wconf 82' lang='lat' dir='ltr'>redacta</span> <span class='ocrx_word' id='word_1_511' title='bbox 1686 1563 1892 1601; x_wconf 86' lang='lat' dir='ltr'>hujusmodi,</span> <span class='ocrx_word' id='word_1_512' title='bbox 1911 1564 1950 1593; x_wconf 84' lang='lat' dir='ltr'>ad</span> <span class='ocrx_word' id='word_1_513' title='bbox 1970 1567 2119 1594; x_wconf 88' lang='lat' dir='ltr'>nostram</span> <span class='ocrx_word' id='word_1_514' title='bbox 2138 1573 2273 1603; x_wconf 79' lang='lat' dir='ltr'>presen-</span> 
     </span>
    </p>
   </div>
   <div class='ocr_carea' id='block_1_21' title="bbox 1230 1616 2270 1656">
    <p class='ocr_par' dir='ltr' id='par_1_21' title="bbox 1230 1616 2270 1656">
     <span class='ocr_line' id='line_1_77' title="bbox 1230 1616 2270 1656; baseline 0.002 -11"><span class='ocrx_word' id='word_1_515' title='bbox 1230 1644 1232 1653; x_wconf 56' lang='lat'>,</span> <span class='ocrx_word' id='word_1_516' title='bbox 1261 1616 1342 1646; x_wconf 87' lang='lat' dir='ltr'>tiam</span> <span class='ocrx_word' id='word_1_517' title='bbox 1359 1616 1635 1652; x_wconf 81' lang='lat' dir='ltr'>transmiserunt,</span> <span class='ocrx_word' id='word_1_518' title='bbox 1653 1616 1781 1654; x_wconf 78' lang='lat' dir='ltr'>pretixo</span> <span class='ocrx_word' id='word_1_519' title='bbox 1801 1617 1830 1646; x_wconf 91' lang='lat' dir='ltr'>ei</span> <span class='ocrx_word' id='word_1_520' title='bbox 1852 1619 1941 1647; x_wconf 86' lang='lat' dir='ltr'>certo</span> <span class='ocrx_word' id='word_1_521' title='bbox 1957 1618 2101 1647; x_wconf 90' lang='lat' dir='ltr'>termino</span> <span class='ocrx_word' id='word_1_522' title='bbox 2121 1627 2270 1656; x_wconf 81' lang='lat' dir='ltr'>peremp-</span> 
     </span>
    </p>
   </div>
   <div class='ocr_carea' id='block_1_22' title="bbox 1261 1669 2271 1710">
    <p class='ocr_par' dir='ltr' id='par_1_22' title="bbox 1261 1669 2271 1710">
     <span class='ocr_line' id='line_1_78' title="bbox 1261 1669 2271 1710; baseline 0.002 -11"><span class='ocrx_word' id='word_1_523' title='bbox 1261 1669 1361 1704; x_wconf 77' lang='lat' dir='ltr'>torio,</span> <span class='ocrx_word' id='word_1_524' title='bbox 1392 1678 1457 1707; x_wconf 89' lang='lat' dir='ltr'>quo</span> <span class='ocrx_word' id='word_1_525' title='bbox 1494 1672 1631 1707; x_wconf 86' lang='lat' dir='ltr'>propter</span> <span class='ocrx_word' id='word_1_526' title='bbox 1663 1671 1723 1699; x_wconf 84' lang='lat' dir='ltr'>noc</span> <span class='ocrx_word' id='word_1_527' title='bbox 1754 1678 1789 1700; x_wconf 88' lang='lat' dir='ltr'>se</span> <span class='ocrx_word' id='word_1_528' title='bbox 1822 1671 2045 1708; x_wconf 88' lang='lat' dir='ltr'>personaliter</span> <span class='ocrx_word' id='word_1_529' title='bbox 2076 1672 2271 1710; x_wconf 75' lang='lat' dir='ltr'>conspectui</span> 
     </span>
    </p>
   </div>
   <div class='ocr_carea' id='block_1_23' title="bbox 1231 1722 2270 1762">
    <p class='ocr_par' dir='ltr' id='par_1_23' title="bbox 1231 1722 2270 1762">
     <span class='ocr_line' id='line_1_79' title="bbox 1231 1722 2270 1762; baseline 0.004 -11"><span class='ocrx_word' id='word_1_530' title='bbox 1231 1727 1232 1734; x_wconf 65' lang='lat'>¹</span> <span class='ocrx_word' id='word_1_531' title='bbox 1262 1722 1448 1760; x_wconf 85' lang='lat' dir='ltr'>apostolico</span> <span class='ocrx_word' id='word_1_532' title='bbox 1468 1724 1689 1760; x_wconf 87' lang='lat' dir='ltr'>presentaret.</span> <span class='ocrx_word' id='word_1_533' title='bbox 1717 1723 1855 1759; x_wconf 79' lang='lat' dir='ltr'>Verum,</span> <span class='ocrx_word' id='word_1_534' title='bbox 1878 1723 1955 1754; x_wconf 89' lang='lat' dir='ltr'>licet</span> <span class='ocrx_word' id='word_1_535' title='bbox 1975 1725 2189 1762; x_wconf 86' lang='lat' dir='ltr'>supradictus</span> <span class='ocrx_word' id='word_1_536' title='bbox 2206 1725 2270 1755; x_wconf 72' lang='lat' dir='ltr'>Au-</span> 
     </span>
    </p>
   </div>
   <div class='ocr_carea' id='block_1_24' title="bbox 1259 1775 2276 2242">
    <p class='ocr_par' dir='ltr' id='par_1_24' title="bbox 1259 1775 2276 2242">
     <span class='ocr_line' id='line_1_80' title="bbox 1262 1775 2272 1815; baseline 0.001 -10"><span class='ocrx_word' id='word_1_537' title='bbox 1262 1775 1376 1815; x_wconf 82' lang='lat' dir='ltr'>gerius</span> <span class='ocrx_word' id='word_1_538' title='bbox 1406 1784 1465 1814; x_wconf 85' lang='lat' dir='ltr'>pro</span> <span class='ocrx_word' id='word_1_539' title='bbox 1490 1777 1585 1814; x_wconf 84' lang='lat' dir='ltr'>parte</span> <span class='ocrx_word' id='word_1_540' title='bbox 1615 1784 1675 1806; x_wconf 85' lang='lat' dir='ltr'>sua</span> <span class='ocrx_word' id='word_1_541' title='bbox 1709 1785 1821 1806; x_wconf 89' lang='lat' dir='ltr'>coram</span> <span class='ocrx_word' id='word_1_542' title='bbox 1853 1777 1973 1807; x_wconf 85' lang='lat' dir='ltr'>dilecto</span> <span class='ocrx_word' id='word_1_543' title='bbox 2005 1778 2074 1807; x_wconf 87' lang='lat' dir='ltr'>filio</span> <span class='ocrx_word' id='word_1_544' title='bbox 2096 1780 2211 1807; x_wconf 87' lang='lat' dir='ltr'>nostro</span> <span class='ocrx_word' id='word_1_545' title='bbox 2229 1779 2272 1814; x_wconf 87' lang='lat' dir='ltr'>.J.,</span> 
     </span>
     <span class='ocr_line' id='line_1_81' title="bbox 1263 1829 2275 1866; baseline 0.001 -7"><span class='ocrx_word' id='word_1_546' title='bbox 1263 1830 1376 1859; x_wconf 86' lang='lat' dir='ltr'>sancte</span> <span class='ocrx_word' id='word_1_547' title='bbox 1403 1829 1508 1858; x_wconf 84' lang='lat' dir='ltr'>Marie</span> <span class='ocrx_word' id='word_1_548' title='bbox 1537 1829 1569 1858; x_wconf 89' lang='grc'>111</span> <span class='ocrx_word' id='word_1_549' title='bbox 1593 1829 1773 1859; x_wconf 88' lang='lat' dir='ltr'>Cosmedin</span> <span class='ocrx_word' id='word_1_550' title='bbox 1793 1830 1933 1860; x_wconf 88' lang='lat' dir='ltr'>diacono</span> <span class='ocrx_word' id='word_1_551' title='bbox 1954 1831 2128 1866; x_wconf 86' lang='lat' dir='ltr'>cardinali,</span> <span class='ocrx_word' id='word_1_552' title='bbox 2146 1831 2197 1860; x_wconf 86' lang='lat' dir='ltr'>cui</span> <span class='ocrx_word' id='word_1_553' title='bbox 2218 1831 2275 1860; x_wconf 86' lang='grc'><strong>1111-</strong></span> 
     </span>
     <span class='ocr_line' id='line_1_82' title="bbox 1259 1882 2274 1923; baseline 0.003 -12"><span class='ocrx_word' id='word_1_554' title='bbox 1259 1882 1409 1921; x_wconf 84' lang='lat' dir='ltr'>jusmodi</span> <span class='ocrx_word' id='word_1_555' title='bbox 1435 1883 1606 1921; x_wconf 71' lang='lat' dir='ltr'>negotium</span> <span class='ocrx_word' id='word_1_556' title='bbox 1626 1883 1786 1912; x_wconf 81' lang='lat' dir='ltr'>duximus</span> <span class='ocrx_word' id='word_1_557' title='bbox 1810 1883 2100 1920; x_wconf 83' lang='lat' dir='ltr'>committendum,</span> <span class='ocrx_word' id='word_1_558' title='bbox 2117 1893 2274 1923; x_wconf 85' lang='lat' dir='ltr'>persona-</span> 
     </span>
     <span class='ocr_line' id='line_1_83' title="bbox 1263 1936 2274 1976; baseline 0.003 -11"><span class='ocrx_word' id='word_1_559' title='bbox 1263 1936 1341 1965; x_wconf 85' lang='lat' dir='ltr'>liter</span> <span class='ocrx_word' id='word_1_560' title='bbox 1358 1936 1596 1974; x_wconf 82' lang='lat' dir='ltr'>comparuerit,</span> <span class='ocrx_word' id='word_1_561' title='bbox 1616 1936 1726 1966; x_wconf 91' lang='lat' dir='ltr'>dictus</span> <span class='ocrx_word' id='word_1_562' title='bbox 1744 1937 1856 1966; x_wconf 80' lang='lat' dir='ltr'>tamen</span> <span class='ocrx_word' id='word_1_563' title='bbox 1872 1936 2078 1967; x_wconf 76' lang='lat' dir='ltr'>Guillelmus</span> <span class='ocrx_word' id='word_1_564' title='bbox 2096 1947 2155 1976; x_wconf 88' lang='lat' dir='ltr'>per</span> <span class='ocrx_word' id='word_1_565' title='bbox 2173 1947 2207 1968; x_wconf 89' lang='lat' dir='ltr'>se</span> <span class='ocrx_word' id='word_1_566' title='bbox 2224 1938 2274 1968; x_wconf 75' lang='lat' dir='ltr'>vel</span> 
     </span>
     <span class='ocr_line' id='line_1_84' title="bbox 1264 1989 2276 2030; baseline 0.003 -12"><span class='ocrx_word' id='word_1_567' title='bbox 1264 1989 1411 2028; x_wconf 88' lang='lat' dir='ltr'>aliquem</span> <span class='ocrx_word' id='word_1_568' title='bbox 1432 1989 1664 2028; x_wconf 86' lang='lat' dir='ltr'>responsalem</span> <span class='ocrx_word' id='word_1_569' title='bbox 1680 1998 1745 2019; x_wconf 92' lang='lat' dir='ltr'>non</span> <span class='ocrx_word' id='word_1_570' title='bbox 1763 1990 1951 2028; x_wconf 87' lang='lat' dir='ltr'>comparuit</span> <span class='ocrx_word' id='word_1_571' title='bbox 1969 1999 2079 2020; x_wconf 82' lang='lat' dir='ltr'>coram</span> <span class='ocrx_word' id='word_1_572' title='bbox 2100 2000 2149 2026; x_wconf 86' lang='lat' dir='ltr'>eo,</span> <span class='ocrx_word' id='word_1_573' title='bbox 2162 2000 2276 2030; x_wconf 86' lang='lat' dir='ltr'>quam-</span> 
     </span>
     <span class='ocr_line' id='line_1_85' title="bbox 1265 2042 2275 2083; baseline 0.003 -12"><span class='ocrx_word' id='word_1_574' title='bbox 1265 2051 1366 2081; x_wconf 86' lang='lat' dir='ltr'>quam</span> <span class='ocrx_word' id='word_1_575' title='bbox 1394 2042 1515 2072; x_wconf 86' lang='lat' dir='ltr'>fuisset</span> <span class='ocrx_word' id='word_1_576' title='bbox 1542 2044 1740 2081; x_wconf 78' lang='lat' dir='ltr'>expectatus</span> <span class='ocrx_word' id='word_1_577' title='bbox 1764 2043 1893 2073; x_wconf 88' lang='lat' dir='ltr'>diutius</span> <span class='ocrx_word' id='word_1_578' title='bbox 1918 2046 1947 2073; x_wconf 88' lang='lat' dir='ltr'>et</span> <span class='ocrx_word' id='word_1_579' title='bbox 1978 2044 2010 2073; x_wconf 93' lang='lat' dir='ltr'>in</span> <span class='ocrx_word' id='word_1_580' title='bbox 2029 2045 2200 2074; x_wconf 84' lang='lat' dir='ltr'>audientia</span> <span class='ocrx_word' id='word_1_581' title='bbox 2216 2054 2275 2083; x_wconf 84' lang='lat' dir='ltr'>pu—</span> 
     </span>
     <span class='ocr_line' id='line_1_86' title="bbox 1263 2095 2274 2135; baseline 0.002 -10"><span class='ocrx_word' id='word_1_582' title='bbox 1263 2095 1352 2125; x_wconf 84' lang='lat' dir='ltr'>blica</span> <span class='ocrx_word' id='word_1_583' title='bbox 1379 2096 1499 2126; x_wconf 83' lang='lat' dir='ltr'>citatus</span> <span class='ocrx_word' id='word_1_584' title='bbox 1537 2096 1666 2134; x_wconf 86' lang='lat' dir='ltr'>pluries</span> <span class='ocrx_word' id='word_1_585' title='bbox 1699 2098 1729 2126; x_wconf 86' lang='lat' dir='ltr'>et</span> <span class='ocrx_word' id='word_1_586' title='bbox 1754 2097 1992 2135; x_wconf 68' lang='lat' dir='ltr'>peremptorie,</span> <span class='ocrx_word' id='word_1_587' title='bbox 2026 2100 2057 2127; x_wconf 89' lang='grc'>111</span> <span class='ocrx_word' id='word_1_588' title='bbox 2084 2100 2134 2127; x_wconf 85' lang='lat' dir='ltr'>est</span> <span class='ocrx_word' id='word_1_589' title='bbox 2158 2098 2274 2128; x_wconf 87' lang='lat' dir='ltr'>moris.</span> 
     </span>
     <span class='ocr_line' id='line_1_87' title="bbox 1264 2149 2273 2190; baseline 0.002 -11"><span class='ocrx_word' id='word_1_590' title='bbox 1264 2149 1357 2179; x_wconf 87' lang='lat' dir='ltr'>Idem</span> <span class='ocrx_word' id='word_1_591' title='bbox 1376 2158 1454 2179; x_wconf 74' lang='lat' dir='ltr'>vero</span> <span class='ocrx_word' id='word_1_592' title='bbox 1479 2149 1673 2183; x_wconf 80' lang='lat' dir='ltr'>cardinalis,</span> <span class='ocrx_word' id='word_1_593' title='bbox 1691 2149 1731 2179; x_wconf 86' lang='lat' dir='ltr'>ad</span> <span class='ocrx_word' id='word_1_594' title='bbox 1761 2150 1958 2180; x_wconf 85' lang='lat' dir='ltr'>instantiam</span> <span class='ocrx_word' id='word_1_595' title='bbox 1985 2151 2095 2189; x_wconf 83' lang='lat' dir='ltr'>ipsius</span> <span class='ocrx_word' id='word_1_596' title='bbox 2122 2152 2273 2190; x_wconf 69' lang='lat' dir='ltr'>Augerii,</span> 
     </span>
     <span class='ocr_line' id='line_1_88' title="bbox 1265 2202 2276 2242; baseline 0.002 -10"><span class='ocrx_word' id='word_1_597' title='bbox 1265 2212 1330 2233; x_wconf 92' lang='lat' dir='ltr'>non</span> <span class='ocrx_word' id='word_1_598' title='bbox 1359 2202 1512 2233; x_wconf 83' lang='lat' dir='ltr'>obstante</span> <span class='ocrx_word' id='word_1_599' title='bbox 1538 2203 1596 2232; x_wconf 87' lang='lat' dir='ltr'>tali</span> <span class='ocrx_word' id='word_1_600' title='bbox 1624 2204 1834 2233; x_wconf 72' lang='lat' dir='ltr'>contumacia</span> <span class='ocrx_word' id='word_1_601' title='bbox 1862 2204 1971 2242; x_wconf 88' lang='lat' dir='ltr'>ipsius</span> <span class='ocrx_word' id='word_1_602' title='bbox 1992 2204 2180 2240; x_wconf 69' lang='grc'><strong>(1011101011,</strong></span> <span class='ocrx_word' id='word_1_603' title='bbox 2201 2214 2276 2234; x_wconf 81' lang='lat' dir='ltr'>exa—</span> 
     </span>
    </p>
   </div>
   <div class='ocr_carea' id='block_1_25' title="bbox 1233 2256 2274 2298">
    <p class='ocr_par' dir='ltr' id='par_1_25' title="bbox 1233 2256 2274 2298">
     <span class='ocr_line' id='line_1_89' title="bbox 1233 2256 2274 2298; baseline 0.002 -12"><span class='ocrx_word' id='word_1_604' title='bbox 1233 2259 1234 2298; x_wconf 55' lang='lat'>}</span> <span class='ocrx_word' id='word_1_605' title='bbox 1265 2256 1409 2286; x_wconf 85' lang='lat' dir='ltr'>minavit</span> <span class='ocrx_word' id='word_1_606' title='bbox 1430 2257 1620 2295; x_wconf 78' lang='lat' dir='ltr'>predictum</span> <span class='ocrx_word' id='word_1_607' title='bbox 1652 2257 1823 2295; x_wconf 79' lang='lat' dir='ltr'>negotium</span> <span class='ocrx_word' id='word_1_608' title='bbox 1839 2257 2018 2295; x_wconf 81' lang='lat' dir='ltr'>diligenter</span> <span class='ocrx_word' id='word_1_609' title='bbox 2034 2259 2078 2291; x_wconf 88' lang='lat' dir='ltr'>et,</span> <span class='ocrx_word' id='word_1_610' title='bbox 2096 2260 2274 2297; x_wconf 88' lang='lat' dir='ltr'>postquam</span> 
     </span>
    </p>
   </div>
   <div class='ocr_carea' id='block_1_26' title="bbox 1264 2309 2274 2455">
    <p class='ocr_par' dir='ltr' id='par_1_26' title="bbox 1264 2309 2274 2455">
     <span class='ocr_line' id='line_1_90' title="bbox 1266 2309 2274 2348; baseline 0.001 -8"><span class='ocrx_word' id='word_1_611' title='bbox 1266 2310 1397 2340; x_wconf 90' lang='lat' dir='ltr'>tantum</span> <span class='ocrx_word' id='word_1_612' title='bbox 1416 2310 1449 2339; x_wconf 93' lang='lat' dir='ltr'>in</span> <span class='ocrx_word' id='word_1_613' title='bbox 1466 2309 1539 2348; x_wconf 90' lang='lat' dir='ltr'>ipso</span> <span class='ocrx_word' id='word_1_614' title='bbox 1558 2311 1768 2347; x_wconf 85' lang='lat' dir='ltr'>processerat</span> <span class='ocrx_word' id='word_1_615' title='bbox 1787 2311 1875 2348; x_wconf 84' lang='lat' dir='ltr'>quod</span> <span class='ocrx_word' id='word_1_616' title='bbox 1895 2319 1960 2340; x_wconf 92' lang='lat' dir='ltr'>non</span> <span class='ocrx_word' id='word_1_617' title='bbox 1978 2310 2125 2341; x_wconf 86' lang='lat' dir='ltr'>restabat</span> <span class='ocrx_word' id='word_1_618' title='bbox 2145 2311 2209 2340; x_wconf 87' lang='grc'><strong>11151</strong></span> <span class='ocrx_word' id='word_1_619' title='bbox 2224 2320 2274 2341; x_wconf 88' lang='lat' dir='ltr'>re-</span> 
     </span>
     <span class='ocr_line' id='line_1_91' title="bbox 1264 2362 2272 2402; baseline 0.001 -9"><span class='ocrx_word' id='word_1_620' title='bbox 1264 2363 1346 2393; x_wconf 89' lang='lat' dir='ltr'>latio</span> <span class='ocrx_word' id='word_1_621' title='bbox 1364 2363 1526 2399; x_wconf 78' lang='lat' dir='ltr'>facienda,</span> <span class='ocrx_word' id='word_1_622' title='bbox 1546 2363 1690 2393; x_wconf 88' lang='lat' dir='ltr'>dilectus</span> <span class='ocrx_word' id='word_1_623' title='bbox 1711 2362 1803 2393; x_wconf 85' lang='lat' dir='ltr'>filius</span> <span class='ocrx_word' id='word_1_624' title='bbox 1826 2364 1986 2402; x_wconf 80' lang='lat' dir='ltr'>magister</span> <span class='ocrx_word' id='word_1_625' title='bbox 2009 2363 2131 2394; x_wconf 87' lang='lat' dir='ltr'>Petrus</span> <span class='ocrx_word' id='word_1_626' title='bbox 2150 2365 2272 2401; x_wconf 87' lang='lat' dir='ltr'>Mison‚</span> 
     </span>
     <span class='ocr_line' id='line_1_92' title="bbox 1265 2416 2274 2455; baseline 0.002 -9"><span class='ocrx_word' id='word_1_627' title='bbox 1265 2416 1447 2446; x_wconf 88' lang='lat' dir='ltr'>canonicus</span> <span class='ocrx_word' id='word_1_628' title='bbox 1463 2416 1689 2451; x_wconf 77' lang='lat' dir='ltr'>LectorensiS,</span> <span class='ocrx_word' id='word_1_629' title='bbox 1711 2418 1908 2454; x_wconf 87' lang='lat' dir='ltr'>procurator</span> <span class='ocrx_word' id='word_1_630' title='bbox 1928 2416 2069 2455; x_wconf 86' lang='lat' dir='ltr'>predicti</span> <span class='ocrx_word' id='word_1_631' title='bbox 2086 2417 2274 2454; x_wconf 84' lang='lat' dir='ltr'>Guillelmi,</span> 
     </span>
    </p>
   </div>
   <div class='ocr_carea' id='block_1_27' title="bbox 193 2469 2275 2614">
    <p class='ocr_par' dir='ltr' id='par_1_27' title="bbox 193 2469 2275 2614">
     <span class='ocr_line' id='line_1_93' title="bbox 1233 2469 2275 2508; baseline 0.003 -9"><span class='ocrx_word' id='word_1_632' title='bbox 1233 2492 1234 2502; x_wconf 64' lang='grc'>,</span> <span class='ocrx_word' id='word_1_633' title='bbox 1263 2469 1391 2500; x_wconf 85' lang='lat' dir='ltr'>habens</span> <span class='ocrx_word' id='word_1_634' title='bbox 1407 2469 1448 2499; x_wconf 86' lang='lat' dir='ltr'>ab</span> <span class='ocrx_word' id='word_1_635' title='bbox 1467 2478 1504 2499; x_wconf 92' lang='lat' dir='ltr'>eo</span> <span class='ocrx_word' id='word_1_636' title='bbox 1520 2470 1560 2499; x_wconf 86' lang='lat' dir='ltr'>ad</span> <span class='ocrx_word' id='word_1_637' title='bbox 1578 2469 1761 2499; x_wconf 87' lang='lat' dir='ltr'>cedendum</span> <span class='ocrx_word' id='word_1_638' title='bbox 1777 2469 1923 2507; x_wconf 86' lang='lat' dir='ltr'>speciale</span> <span class='ocrx_word' id='word_1_639' title='bbox 1943 2470 2151 2508; x_wconf 77' lang='lat' dir='ltr'>mandatum,</span> <span class='ocrx_word' id='word_1_640' title='bbox 2164 2480 2275 2502; x_wconf 89' lang='lat' dir='ltr'>coram</span> 
     </span>
     <span class='ocr_line' id='line_1_94' title="bbox 1233 2522 2275 2565; baseline 0.004 -13"><span class='ocrx_word' id='word_1_641' title='bbox 1233 2549 1234 2565; x_wconf 20' lang='grc' dir='ltr'>ζ</span> <span class='ocrx_word' id='word_1_642' title='bbox 1264 2523 1364 2553; x_wconf 87' lang='lat' dir='ltr'>nobis</span> <span class='ocrx_word' id='word_1_643' title='bbox 1391 2523 1579 2561; x_wconf 87' lang='lat' dir='ltr'>comparuit</span> <span class='ocrx_word' id='word_1_644' title='bbox 1605 2524 1647 2558; x_wconf 88' lang='lat' dir='ltr'>et,</span> <span class='ocrx_word' id='word_1_645' title='bbox 1675 2523 1784 2561; x_wconf 87' lang='lat' dir='ltr'>ipsius</span> <span class='ocrx_word' id='word_1_646' title='bbox 1811 2522 1986 2553; x_wconf 89' lang='lat' dir='ltr'>Guillelmi</span> <span class='ocrx_word' id='word_1_647' title='bbox 2007 2525 2154 2561; x_wconf 90' lang='lat' dir='ltr'>nomine,</span> <span class='ocrx_word' id='word_1_648' title='bbox 2184 2534 2275 2556; x_wconf 83' lang='lat' dir='ltr'>occa-</span> 
     </span>
     <span class='ocr_line' id='line_1_95' title="bbox 193 2574 1234 2614; baseline 0.002 -10"><span class='ocrx_word' id='word_1_649' title='bbox 193 2574 273 2605; x_wconf 89' lang='lat' dir='ltr'>bant</span> <span class='ocrx_word' id='word_1_650' title='bbox 291 2574 442 2605; x_wconf 85' lang='lat' dir='ltr'>enormia</span> <span class='ocrx_word' id='word_1_651' title='bbox 467 2583 530 2613; x_wconf 88' lang='lat' dir='ltr'>que</span> <span class='ocrx_word' id='word_1_652' title='bbox 550 2575 763 2606; x_wconf 81' lang='lat' dir='ltr'>offendebant</span> <span class='ocrx_word' id='word_1_653' title='bbox 779 2575 892 2606; x_wconf 88' lang='lat' dir='ltr'>divine</span> <span class='ocrx_word' id='word_1_654' title='bbox 919 2577 1109 2614; x_wconf 80' lang='lat' dir='ltr'>majestatis</span> <span class='ocrx_word' id='word_1_655' title='bbox 1129 2585 1204 2606; x_wconf 88' lang='lat' dir='ltr'>ocu·</span> <span class='ocrx_word' id='word_1_656' title='bbox 1233 2576 1234 2579; x_wconf 77' lang='grc'>’</span> 
     </span>
    </p>
   </div>
   <div class='ocr_carea' id='block_1_28' title="bbox 1264 2576 2276 2937">
    <p class='ocr_par' dir='ltr' id='par_1_28' title="bbox 1264 2576 2276 2937">
     <span class='ocr_line' id='line_1_96' title="bbox 1265 2576 2275 2615; baseline 0.003 -10"><span class='ocrx_word' id='word_1_657' title='bbox 1265 2576 1359 2606; x_wconf 90' lang='lat' dir='ltr'>sione</span> <span class='ocrx_word' id='word_1_658' title='bbox 1385 2576 1514 2606; x_wconf 87' lang='lat' dir='ltr'>malitie</span> <span class='ocrx_word' id='word_1_659' title='bbox 1538 2576 1648 2615; x_wconf 89' lang='lat' dir='ltr'>plebis</span> <span class='ocrx_word' id='word_1_660' title='bbox 1674 2585 1710 2606; x_wconf 85' lang='lat' dir='ltr'>ac</span> <span class='ocrx_word' id='word_1_661' title='bbox 1740 2577 1924 2607; x_wconf 87' lang='lat' dir='ltr'>senectutis</span> <span class='ocrx_word' id='word_1_662' title='bbox 1952 2579 1984 2607; x_wconf 88' lang='lat' dir='ltr'>et</span> <span class='ocrx_word' id='word_1_663' title='bbox 2010 2577 2197 2608; x_wconf 85' lang='lat' dir='ltr'>debilitatis</span> <span class='ocrx_word' id='word_1_664' title='bbox 2222 2578 2275 2608; x_wconf 82' lang='lat' dir='ltr'>sui</span> 
     </span>
     <span class='ocr_line' id='line_1_97' title="bbox 1264 2630 2275 2668; baseline 0.003 -9"><span class='ocrx_word' id='word_1_665' title='bbox 1264 2630 1394 2668; x_wconf 90' lang='lat' dir='ltr'>proprii</span> <span class='ocrx_word' id='word_1_666' title='bbox 1419 2630 1571 2668; x_wconf 91' lang='lat' dir='ltr'>corporis</span> <span class='ocrx_word' id='word_1_667' title='bbox 1598 2638 1726 2660; x_wconf 90' lang='lat' dir='ltr'>necnon</span> <span class='ocrx_word' id='word_1_668' title='bbox 1749 2630 2004 2668; x_wconf 85' lang='lat' dir='ltr'>quamplurium</span> <span class='ocrx_word' id='word_1_669' title='bbox 2036 2631 2180 2661; x_wconf 88' lang='lat' dir='ltr'>aliarum</span> <span class='ocrx_word' id='word_1_670' title='bbox 2201 2641 2275 2662; x_wconf 86' lang='lat' dir='ltr'>cau·</span> 
     </span>
     <span class='ocr_line' id='line_1_98' title="bbox 1264 2683 2276 2719; baseline 0.003 -7"><span class='ocrx_word' id='word_1_671' title='bbox 1264 2691 1379 2713; x_wconf 85' lang='lat' dir='ltr'>sarum</span> <span class='ocrx_word' id='word_1_672' title='bbox 1399 2683 1439 2712; x_wconf 88' lang='lat' dir='ltr'>ad</span> <span class='ocrx_word' id='word_1_673' title='bbox 1456 2683 1641 2713; x_wconf 89' lang='lat' dir='ltr'>cedendum</span> <span class='ocrx_word' id='word_1_674' title='bbox 1659 2683 1914 2719; x_wconf 83' lang='lat' dir='ltr'>sufficientium,</span> <span class='ocrx_word' id='word_1_675' title='bbox 1929 2684 1962 2714; x_wconf 93' lang='lat' dir='ltr'>in</span> <span class='ocrx_word' id='word_1_676' title='bbox 1976 2684 2132 2715; x_wconf 88' lang='lat' dir='ltr'>manibus</span> <span class='ocrx_word' id='word_1_677' title='bbox 2150 2686 2276 2715; x_wconf 87' lang='lat' dir='ltr'>nostris</span> 
     </span>
     <span class='ocr_line' id='line_1_99' title="bbox 1265 2736 2276 2775; baseline 0.004 -10"><span class='ocrx_word' id='word_1_678' title='bbox 1265 2736 1366 2766; x_wconf 90' lang='lat' dir='ltr'>cessit</span> <span class='ocrx_word' id='word_1_679' title='bbox 1390 2736 1496 2766; x_wconf 92' lang='lat' dir='ltr'>libere</span> <span class='ocrx_word' id='word_1_680' title='bbox 1516 2736 1678 2775; x_wconf 86' lang='lat' dir='ltr'>sepedicti</span> <span class='ocrx_word' id='word_1_681' title='bbox 1704 2737 1900 2767; x_wconf 88' lang='lat' dir='ltr'>monasterii</span> <span class='ocrx_word' id='word_1_682' title='bbox 1926 2737 2072 2774; x_wconf 85' lang='lat' dir='ltr'>abbatie,</span> <span class='ocrx_word' id='word_1_683' title='bbox 2103 2738 2276 2769; x_wconf 87' lang='lat' dir='ltr'>humiliter</span> 
     </span>
     <span class='ocr_line' id='line_1_100' title="bbox 1264 2789 2276 2830; baseline 0.004 -12"><span class='ocrx_word' id='word_1_684' title='bbox 1264 2789 1443 2828; x_wconf 87' lang='lat' dir='ltr'>postulans</span> <span class='ocrx_word' id='word_1_685' title='bbox 1459 2790 1566 2819; x_wconf 86' lang='lat' dir='ltr'>eidem</span> <span class='ocrx_word' id='word_1_686' title='bbox 1586 2790 1770 2820; x_wconf 87' lang='lat' dir='ltr'>Guillelmo</span> <span class='ocrx_word' id='word_1_687' title='bbox 1789 2790 1829 2821; x_wconf 92' lang='lat' dir='ltr'>de</span> <span class='ocrx_word' id='word_1_688' title='bbox 1854 2790 1953 2821; x_wconf 90' lang='lat' dir='ltr'>bonis</span> <span class='ocrx_word' id='word_1_689' title='bbox 1970 2792 2123 2830; x_wconf 85' lang='lat' dir='ltr'>ejusdem</span> <span class='ocrx_word' id='word_1_690' title='bbox 2142 2801 2276 2822; x_wconf 86' lang='lat' dir='ltr'>monas-</span> 
     </span>
     <span class='ocr_line' id='line_1_101' title="bbox 1264 2843 2276 2884; baseline 0.003 -11"><span class='ocrx_word' id='word_1_691' title='bbox 1264 2843 1353 2878; x_wconf 88' lang='lat' dir='ltr'>terii,</span> <span class='ocrx_word' id='word_1_692' title='bbox 1380 2851 1440 2882; x_wconf 89' lang='lat' dir='ltr'>pro</span> <span class='ocrx_word' id='word_1_693' title='bbox 1460 2843 1706 2874; x_wconf 86' lang='lat' dir='ltr'>sustentatione</span> <span class='ocrx_word' id='word_1_694' title='bbox 1739 2853 1813 2879; x_wconf 89' lang='lat' dir='ltr'>sua,</span> <span class='ocrx_word' id='word_1_695' title='bbox 1840 2853 1899 2883; x_wconf 90' lang='lat' dir='ltr'>per</span> <span class='ocrx_word' id='word_1_696' title='bbox 1927 2845 2040 2875; x_wconf 88' lang='lat' dir='ltr'>sedem</span> <span class='ocrx_word' id='word_1_697' title='bbox 2058 2846 2276 2884; x_wconf 86' lang='lat' dir='ltr'>apostolicam</span> 
     </span>
     <span class='ocr_line' id='line_1_102' title="bbox 1264 2896 2276 2937; baseline 0.002 -11"><span class='ocrx_word' id='word_1_698' title='bbox 1264 2896 1530 2926; x_wconf 88' lang='lat' dir='ltr'>misericorditer</span> <span class='ocrx_word' id='word_1_699' title='bbox 1546 2896 1729 2935; x_wconf 84' lang='lat' dir='ltr'>provideri.</span> <span class='ocrx_word' id='word_1_700' title='bbox 1748 2897 1818 2927; x_wconf 88' lang='lat' dir='ltr'>Nos</span> <span class='ocrx_word' id='word_1_701' title='bbox 1837 2897 1961 2936; x_wconf 89' lang='lat' dir='ltr'>itaque,</span> <span class='ocrx_word' id='word_1_702' title='bbox 1982 2907 2073 2929; x_wconf 88' lang='lat' dir='ltr'>more</span> <span class='ocrx_word' id='word_1_703' title='bbox 2091 2899 2137 2937; x_wconf 92' lang='lat' dir='ltr'>pii</span> <span class='ocrx_word' id='word_1_704' title='bbox 2158 2899 2276 2937; x_wconf 89' lang='lat' dir='ltr'>patris,</span> 
     </span>
    </p>
   </div>
  </div>
 </body>
</html>
