<?xml version="1.0" encoding="UTF-8"?>
<!DOCTYPE html PUBLIC "-//W3C//DTD XHTML 1.0 Transitional//EN"
    "http://www.w3.org/TR/xhtml1/DTD/xhtml1-transitional.dtd">
<html xmlns="http://www.w3.org/1999/xhtml" xml:lang="en" lang="en">
 <head>
  <title>
</title>
<meta http-equiv="Content-Type" content="text/html;charset=utf-8" />
  <meta name='ocr-system' content='tesseract 3.04.00' />
  <meta name='ocr-capabilities' content='ocr_page ocr_carea ocr_par ocr_line ocrx_word'/>
</head>
<body>
  <div class='ocr_page' id='page_1' title='image "./lesregistresdurb34cath/lesregistresdurb34cath_0244.png"; bbox 0 0 2519 3262; ppageno 0'>
   <div class='ocr_carea' id='block_1_1' title="bbox 215 202 274 232">
    <p class='ocr_par' dir='ltr' id='par_1_1' title="bbox 215 202 274 232">
     <span class='ocr_line' id='line_1_1' title="bbox 215 202 274 232; baseline 0.034 -2"><span class='ocrx_word' id='word_1_1' title='bbox 215 202 274 232; x_wconf 73' lang='lat'>206</span> 
     </span>
    </p>
   </div>
   <div class='ocr_carea' id='block_1_2' title="bbox 210 287 1228 1917">
    <p class='ocr_par' dir='ltr' id='par_1_2' title="bbox 210 287 1228 1917">
     <span class='ocr_line' id='line_1_2' title="bbox 216 287 1228 326; baseline -0.002 -8"><span class='ocrx_word' id='word_1_2' title='bbox 216 287 261 317; x_wconf 81' lang='lat' dir='ltr'>sit</span> <span class='ocrx_word' id='word_1_3' title='bbox 272 290 302 318; x_wconf 92' lang='lat' dir='ltr'>et</span> <span class='ocrx_word' id='word_1_4' title='bbox 315 287 479 326; x_wconf 87' lang='lat' dir='ltr'>quietavit</span> <span class='ocrx_word' id='word_1_5' title='bbox 491 287 632 323; x_wconf 88' lang='lat' dir='ltr'>eisdem,</span> <span class='ocrx_word' id='word_1_6' title='bbox 646 287 807 318; x_wconf 86' lang='lat' dir='ltr'>consectis</span> <span class='ocrx_word' id='word_1_7' title='bbox 825 287 946 317; x_wconf 81' lang='lat' dir='ltr'>exinde</span> <span class='ocrx_word' id='word_1_8' title='bbox 960 287 1084 317; x_wconf 88' lang='lat' dir='ltr'>litteris</span> <span class='ocrx_word' id='word_1_9' title='bbox 1103 287 1228 326; x_wconf 84' lang='lat' dir='ltr'>sigillis</span> 
     </span>
     <span class='ocr_line' id='line_1_3' title="bbox 216 339 1227 380; baseline 0 -11"><span class='ocrx_word' id='word_1_10' title='bbox 216 340 325 378; x_wconf 89' lang='lat' dir='ltr'>ipsius</span> <span class='ocrx_word' id='word_1_11' title='bbox 341 341 491 380; x_wconf 82' lang='lat' dir='ltr'>episcopi</span> <span class='ocrx_word' id='word_1_12' title='bbox 507 342 539 371; x_wconf 93' lang='lat' dir='ltr'>et</span> <span class='ocrx_word' id='word_1_13' title='bbox 556 341 755 371; x_wconf 88' lang='lat' dir='ltr'>dilectorum</span> <span class='ocrx_word' id='word_1_14' title='bbox 770 341 918 371; x_wconf 79' lang='lat' dir='ltr'>tiliorum</span> <span class='ocrx_word' id='word_1_15' title='bbox 935 340 1075 379; x_wconf 89' lang='lat' dir='ltr'>capituli</span> <span class='ocrx_word' id='word_1_16' title='bbox 1087 339 1227 370; x_wconf 82' lang='lat' dir='ltr'>ecclesie</span> 
     </span>
     <span class='ocr_line' id='line_1_4' title="bbox 216 391 1226 432; baseline -0.001 -9"><span class='ocrx_word' id='word_1_17' title='bbox 216 393 344 432; x_wconf 86' lang='lat' dir='ltr'>prefate</span> <span class='ocrx_word' id='word_1_18' title='bbox 360 394 513 430; x_wconf 88' lang='lat' dir='ltr'>munitis,</span> <span class='ocrx_word' id='word_1_19' title='bbox 533 394 614 424; x_wconf 88' lang='lat' dir='ltr'>etde</span> <span class='ocrx_word' id='word_1_20' title='bbox 634 402 699 423; x_wconf 88' lang='lat' dir='ltr'>non</span> <span class='ocrx_word' id='word_1_21' title='bbox 717 394 882 424; x_wconf 88' lang='lat' dir='ltr'>veniendo</span> <span class='ocrx_word' id='word_1_22' title='bbox 899 395 1015 424; x_wconf 89' lang='lat' dir='ltr'>contra</span> <span class='ocrx_word' id='word_1_23' title='bbox 1030 393 1173 432; x_wconf 80' lang='lat' dir='ltr'>prestito</span> <span class='ocrx_word' id='word_1_24' title='bbox 1186 391 1226 422; x_wconf 90' lang='lat' dir='ltr'>ab</span> 
     </span>
     <span class='ocr_line' id='line_1_5' title="bbox 216 446 1225 485; baseline -0.001 -9"><span class='ocrx_word' id='word_1_25' title='bbox 216 447 333 477; x_wconf 89' lang='lat' dir='ltr'>eodem</span> <span class='ocrx_word' id='word_1_26' title='bbox 351 447 508 485; x_wconf 86' lang='lat' dir='ltr'>episcopo</span> <span class='ocrx_word' id='word_1_27' title='bbox 527 446 758 485; x_wconf 80' lang='lat' dir='ltr'>corporaliter,</span> <span class='ocrx_word' id='word_1_28' title='bbox 775 447 979 485; x_wconf 84' lang='lat' dir='ltr'>juramento.</span> <span class='ocrx_word' id='word_1_29' title='bbox 1004 447 1088 477; x_wconf 89' lang='lat' dir='ltr'>Cum</span> <span class='ocrx_word' id='word_1_30' title='bbox 1114 447 1225 476; x_wconf 87' lang='lat' dir='ltr'>autem</span> 
     </span>
     <span class='ocr_line' id='line_1_6' title="bbox 215 499 1227 538; baseline 0.001 -10"><span class='ocrx_word' id='word_1_31' title='bbox 215 499 383 538; x_wconf 84' lang='lat' dir='ltr'>premissa</span> <span class='ocrx_word' id='word_1_32' title='bbox 401 500 556 529; x_wconf 85' lang='lat' dir='ltr'>dicantur</span> <span class='ocrx_word' id='word_1_33' title='bbox 580 499 613 529; x_wconf 92' lang='lat' dir='ltr'>in</span> <span class='ocrx_word' id='word_1_34' title='bbox 635 499 789 537; x_wconf 85' lang='lat' dir='ltr'>partibus</span> <span class='ocrx_word' id='word_1_35' title='bbox 810 499 880 530; x_wconf 85' lang='lat' dir='ltr'>illis</span> <span class='ocrx_word' id='word_1_36' title='bbox 904 500 983 529; x_wconf 89' lang='lat' dir='ltr'>adeo</span> <span class='ocrx_word' id='word_1_37' title='bbox 1003 509 1076 529; x_wconf 86' lang='lat' dir='ltr'>esse</span> <span class='ocrx_word' id='word_1_38' title='bbox 1094 499 1227 529; x_wconf 87' lang='lat' dir='ltr'>notoria</span> 
     </span>
     <span class='ocr_line' id='line_1_7' title="bbox 216 551 1225 590; baseline 0 -9"><span class='ocrx_word' id='word_1_39' title='bbox 216 552 302 590; x_wconf 86' lang='lat' dir='ltr'>quod</span> <span class='ocrx_word' id='word_1_40' title='bbox 319 552 411 581; x_wconf 86' lang='lat' dir='ltr'>nulla</span> <span class='ocrx_word' id='word_1_41' title='bbox 428 552 561 590; x_wconf 80' lang='lat' dir='ltr'>possint</span> <span class='ocrx_word' id='word_1_42' title='bbox 583 551 865 590; x_wconf 81' lang='lat' dir='ltr'>tergiversatione</span> <span class='ocrx_word' id='word_1_43' title='bbox 886 553 1000 589; x_wconf 84' lang='lat' dir='ltr'>celari,</span> <span class='ocrx_word' id='word_1_44' title='bbox 1022 552 1225 583; x_wconf 79' lang='lat' dir='ltr'>fraternitati</span> 
     </span>
     <span class='ocr_line' id='line_1_8' title="bbox 215 604 1224 644; baseline 0.001 -10"><span class='ocrx_word' id='word_1_45' title='bbox 215 606 270 634; x_wconf 87' lang='lat' dir='ltr'>tue</span> <span class='ocrx_word' id='word_1_46' title='bbox 289 605 489 634; x_wconf 78' lang='lat' dir='ltr'>mandamus</span> <span class='ocrx_word' id='word_1_47' title='bbox 505 604 677 643; x_wconf 78' lang='lat' dir='ltr'>quatinus,</span> <span class='ocrx_word' id='word_1_48' title='bbox 706 605 735 634; x_wconf 86' lang='lat' dir='ltr'>si</span> <span class='ocrx_word' id='word_1_49' title='bbox 754 607 804 635; x_wconf 88' lang='lat' dir='ltr'>est</span> <span class='ocrx_word' id='word_1_50' title='bbox 824 605 881 642; x_wconf 89' lang='lat' dir='ltr'>ita,</span> <span class='ocrx_word' id='word_1_51' title='bbox 905 605 1013 636; x_wconf 88' lang='lat' dir='ltr'>dictos</span> <span class='ocrx_word' id='word_1_52' title='bbox 1031 605 1224 644; x_wconf 80' lang='lat' dir='ltr'>sacrilegos,</span> 
     </span>
     <span class='ocr_line' id='line_1_9' title="bbox 214 657 1223 696; baseline 0.001 -9"><span class='ocrx_word' id='word_1_53' title='bbox 214 658 344 696; x_wconf 76' lang='lat' dir='ltr'>prefato</span> <span class='ocrx_word' id='word_1_54' title='bbox 360 658 565 695; x_wconf 80' lang='lat' dir='ltr'>juramento,</span> <span class='ocrx_word' id='word_1_55' title='bbox 589 657 629 687; x_wconf 87' lang='lat' dir='ltr'>ad</span> <span class='ocrx_word' id='word_1_56' title='bbox 648 657 744 696; x_wconf 87' lang='lat' dir='ltr'>cujus</span> <span class='ocrx_word' id='word_1_57' title='bbox 761 657 1032 689; x_wconf 83' lang='lat' dir='ltr'>observationem</span> <span class='ocrx_word' id='word_1_58' title='bbox 1050 659 1223 695; x_wconf 79' lang='lat' dir='ltr'>decernas,</span> 
     </span>
     <span class='ocr_line' id='line_1_10' title="bbox 216 710 1222 750; baseline 0.002 -10"><span class='ocrx_word' id='word_1_59' title='bbox 216 711 412 741; x_wconf 81' lang='lat' dir='ltr'>auctoritate</span> <span class='ocrx_word' id='word_1_60' title='bbox 438 711 564 747; x_wconf 88' lang='lat' dir='ltr'>nostra,</span> <span class='ocrx_word' id='word_1_61' title='bbox 596 710 764 749; x_wconf 87' lang='lat' dir='ltr'>prefatum</span> <span class='ocrx_word' id='word_1_62' title='bbox 792 711 988 750; x_wconf 87' lang='lat' dir='ltr'>episcopum</span> <span class='ocrx_word' id='word_1_63' title='bbox 1013 720 1077 742; x_wconf 91' lang='lat' dir='ltr'>non</span> <span class='ocrx_word' id='word_1_64' title='bbox 1104 712 1222 749; x_wconf 89' lang='lat' dir='ltr'>teneri,</span> 
     </span>
     <span class='ocr_line' id='line_1_11' title="bbox 215 763 1226 804; baseline 0.002 -11"><span class='ocrx_word' id='word_1_65' title='bbox 215 773 251 793; x_wconf 88' lang='lat' dir='ltr'>ac</span> <span class='ocrx_word' id='word_1_66' title='bbox 264 764 398 798; x_wconf 82' lang='lat' dir='ltr'>litteris,</span> <span class='ocrx_word' id='word_1_67' title='bbox 414 763 616 793; x_wconf 81' lang='lat' dir='ltr'>remissione</span> <span class='ocrx_word' id='word_1_68' title='bbox 629 765 660 794; x_wconf 91' lang='lat' dir='ltr'>et</span> <span class='ocrx_word' id='word_1_69' title='bbox 673 764 881 802; x_wconf 86' lang='lat' dir='ltr'>quietatione</span> <span class='ocrx_word' id='word_1_70' title='bbox 893 765 1087 803; x_wconf 85' lang='lat' dir='ltr'>hujusmodi</span> <span class='ocrx_word' id='word_1_71' title='bbox 1101 774 1226 804; x_wconf 86' lang='lat' dir='ltr'>nequa-</span> 
     </span>
     <span class='ocr_line' id='line_1_12' title="bbox 215 816 1224 856; baseline 0.002 -10"><span class='ocrx_word' id='word_1_72' title='bbox 215 826 315 856; x_wconf 84' lang='lat' dir='ltr'>quam</span> <span class='ocrx_word' id='word_1_73' title='bbox 335 816 560 852; x_wconf 81' lang='lat' dir='ltr'>obstantibus,</span> <span class='ocrx_word' id='word_1_74' title='bbox 580 817 722 853; x_wconf 80' lang='lat' dir='ltr'>tamdiu,</span> <span class='ocrx_word' id='word_1_75' title='bbox 741 817 887 856; x_wconf 80' lang='lat' dir='ltr'>singulis</span> <span class='ocrx_word' id='word_1_76' title='bbox 906 817 1026 848; x_wconf 88' lang='lat' dir='ltr'>diebus</span> <span class='ocrx_word' id='word_1_77' title='bbox 1043 818 1224 848; x_wconf 86' lang='lat' dir='ltr'>dominicis</span> 
     </span>
     <span class='ocr_line' id='line_1_13' title="bbox 214 870 1222 908; baseline 0.001 -8"><span class='ocrx_word' id='word_1_78' title='bbox 214 872 245 900; x_wconf 93' lang='lat' dir='ltr'>et</span> <span class='ocrx_word' id='word_1_79' title='bbox 277 870 420 905; x_wconf 74' lang='lat' dir='ltr'>festivis,</span> <span class='ocrx_word' id='word_1_80' title='bbox 445 870 591 908; x_wconf 86' lang='lat' dir='ltr'>pulsatis</span> <span class='ocrx_word' id='word_1_81' title='bbox 621 871 795 908; x_wconf 85' lang='lat' dir='ltr'>campanis</span> <span class='ocrx_word' id='word_1_82' title='bbox 826 873 858 901; x_wconf 93' lang='lat' dir='ltr'>et</span> <span class='ocrx_word' id='word_1_83' title='bbox 889 871 1035 901; x_wconf 88' lang='lat' dir='ltr'>candelis</span> <span class='ocrx_word' id='word_1_84' title='bbox 1059 872 1222 907; x_wconf 83' lang='lat' dir='ltr'>accensis,</span> 
     </span>
     <span class='ocr_line' id='line_1_14' title="bbox 215 923 1225 963; baseline 0.002 -11"><span class='ocrx_word' id='word_1_85' title='bbox 215 923 524 953; x_wconf 82' lang='lat' dir='ltr'>excommunicatos</span> <span class='ocrx_word' id='word_1_86' title='bbox 538 932 596 961; x_wconf 89' lang='lat' dir='ltr'>per</span> <span class='ocrx_word' id='word_1_87' title='bbox 612 924 644 953; x_wconf 90' lang='lat' dir='ltr'>te</span> <span class='ocrx_word' id='word_1_88' title='bbox 659 923 712 953; x_wconf 87' lang='lat' dir='ltr'>vel</span> <span class='ocrx_word' id='word_1_89' title='bbox 724 932 784 962; x_wconf 91' lang='lat' dir='ltr'>per</span> <span class='ocrx_word' id='word_1_90' title='bbox 796 924 900 954; x_wconf 87' lang='lat' dir='ltr'>alium</span> <span class='ocrx_word' id='word_1_91' title='bbox 918 925 976 954; x_wconf 86' lang='lat' dir='ltr'>aut</span> <span class='ocrx_word' id='word_1_92' title='bbox 990 924 1075 954; x_wconf 89' lang='lat' dir='ltr'>alios</span> <span class='ocrx_word' id='word_1_93' title='bbox 1091 924 1225 963; x_wconf 81' lang='lat' dir='ltr'>publice</span> 
     </span>
     <span class='ocr_line' id='line_1_15' title="bbox 214 976 1226 1015; baseline 0.002 -10"><span class='ocrx_word' id='word_1_94' title='bbox 214 976 349 1006; x_wconf 80' lang='lat' dir='ltr'>nunties</span> <span class='ocrx_word' id='word_1_95' title='bbox 366 978 398 1006; x_wconf 89' lang='lat' dir='ltr'>et</span> <span class='ocrx_word' id='word_1_96' title='bbox 414 984 432 1005; x_wconf 91' lang='lat' dir='ltr'>a</span> <span class='ocrx_word' id='word_1_97' title='bbox 457 976 526 1006; x_wconf 90' lang='lat' dir='ltr'>tuis</span> <span class='ocrx_word' id='word_1_98' title='bbox 545 976 767 1015; x_wconf 85' lang='lat' dir='ltr'>suffraganeis</span> <span class='ocrx_word' id='word_1_99' title='bbox 791 978 823 1006; x_wconf 90' lang='lat' dir='ltr'>et</span> <span class='ocrx_word' id='word_1_100' title='bbox 847 977 924 1006; x_wconf 87' lang='lat' dir='ltr'>aliis</span> <span class='ocrx_word' id='word_1_101' title='bbox 941 986 999 1015; x_wconf 92' lang='lat' dir='ltr'>per</span> <span class='ocrx_word' id='word_1_102' title='bbox 1023 978 1136 1007; x_wconf 83' lang='lat' dir='ltr'>omnia</span> <span class='ocrx_word' id='word_1_103' title='bbox 1153 978 1226 1008; x_wconf 88' lang='lat' dir='ltr'>loca</span> 
     </span>
     <span class='ocr_line' id='line_1_16' title="bbox 214 1028 1225 1068; baseline 0.002 -10"><span class='ocrx_word' id='word_1_104' title='bbox 214 1029 247 1058; x_wconf 94' lang='lat' dir='ltr'>in</span> <span class='ocrx_word' id='word_1_105' title='bbox 275 1028 399 1068; x_wconf 84' lang='lat' dir='ltr'>quibus</span> <span class='ocrx_word' id='word_1_106' title='bbox 425 1029 551 1059; x_wconf 81' lang='lat' dir='ltr'>videris</span> <span class='ocrx_word' id='word_1_107' title='bbox 585 1029 757 1068; x_wconf 79' lang='lat' dir='ltr'>expedire,</span> <span class='ocrx_word' id='word_1_108' title='bbox 788 1030 938 1060; x_wconf 85' lang='lat' dir='ltr'>nuntiari</span> <span class='ocrx_word' id='word_1_109' title='bbox 962 1030 1066 1060; x_wconf 85' lang='lat' dir='ltr'>facias</span> <span class='ocrx_word' id='word_1_110' title='bbox 1096 1038 1225 1060; x_wconf 79' lang='lat' dir='ltr'>necnon</span> 
     </span>
     <span class='ocr_line' id='line_1_17' title="bbox 214 1081 1225 1121; baseline 0.002 -10"><span class='ocrx_word' id='word_1_111' title='bbox 214 1082 254 1112; x_wconf 82' lang='lat' dir='ltr'>ab</span> <span class='ocrx_word' id='word_1_112' title='bbox 268 1081 425 1112; x_wconf 83' lang='lat' dir='ltr'>omnibus</span> <span class='ocrx_word' id='word_1_113' title='bbox 441 1082 548 1112; x_wconf 87' lang='lat' dir='ltr'>artius</span> <span class='ocrx_word' id='word_1_114' title='bbox 563 1082 695 1117; x_wconf 88' lang='lat' dir='ltr'>evitari,</span> <span class='ocrx_word' id='word_1_115' title='bbox 713 1083 818 1113; x_wconf 88' lang='lat' dir='ltr'>donec</span> <span class='ocrx_word' id='word_1_116' title='bbox 832 1091 933 1121; x_wconf 88' lang='lat' dir='ltr'>passo</span> <span class='ocrx_word' id='word_1_117' title='bbox 951 1083 1110 1121; x_wconf 87' lang='lat' dir='ltr'>injuriam</span> <span class='ocrx_word' id='word_1_118' title='bbox 1127 1083 1225 1113; x_wconf 90' lang='lat' dir='ltr'>satis-</span> 
     </span>
     <span class='ocr_line' id='line_1_18' title="bbox 214 1135 1225 1174; baseline 0.002 -10"><span class='ocrx_word' id='word_1_119' title='bbox 214 1135 354 1165; x_wconf 79' lang='lat' dir='ltr'>fecerint</span> <span class='ocrx_word' id='word_1_120' title='bbox 370 1137 598 1174; x_wconf 81' lang='lat' dir='ltr'>competenter</span> <span class='ocrx_word' id='word_1_121' title='bbox 616 1137 647 1166; x_wconf 91' lang='lat' dir='ltr'>et</span> <span class='ocrx_word' id='word_1_122' title='bbox 667 1144 741 1165; x_wconf 90' lang='lat' dir='ltr'>cum</span> <span class='ocrx_word' id='word_1_123' title='bbox 759 1137 893 1166; x_wconf 87' lang='lat' dir='ltr'>tuarum</span> <span class='ocrx_word' id='word_1_124' title='bbox 919 1137 1115 1166; x_wconf 87' lang='lat' dir='ltr'>testimonio</span> <span class='ocrx_word' id='word_1_125' title='bbox 1137 1137 1225 1166; x_wconf 88' lang='lat' dir='ltr'>litte-</span> 
     </span>
     <span class='ocr_line' id='line_1_19' title="bbox 214 1189 1223 1228; baseline 0.002 -10"><span class='ocrx_word' id='word_1_126' title='bbox 214 1197 327 1218; x_wconf 84' lang='lat' dir='ltr'>rarum</span> <span class='ocrx_word' id='word_1_127' title='bbox 357 1189 398 1218; x_wconf 85' lang='lat' dir='ltr'>ad</span> <span class='ocrx_word' id='word_1_128' title='bbox 428 1189 542 1218; x_wconf 89' lang='lat' dir='ltr'>sedem</span> <span class='ocrx_word' id='word_1_129' title='bbox 575 1189 728 1219; x_wconf 84' lang='lat' dir='ltr'>venerint</span> <span class='ocrx_word' id='word_1_130' title='bbox 761 1189 981 1228; x_wconf 84' lang='lat' dir='ltr'>apostolicam</span> <span class='ocrx_word' id='word_1_131' title='bbox 1013 1189 1223 1221; x_wconf 84' lang='lat' dir='ltr'>absolvendi.</span> 
     </span>
     <span class='ocr_line' id='line_1_20' title="bbox 213 1242 1224 1282; baseline 0.001 -10"><span class='ocrx_word' id='word_1_132' title='bbox 213 1242 387 1272; x_wconf 84' lang='lat' dir='ltr'>Predictos</span> <span class='ocrx_word' id='word_1_133' title='bbox 406 1250 539 1281; x_wconf 86' lang='lat' dir='ltr'>quoque</span> <span class='ocrx_word' id='word_1_134' title='bbox 556 1242 740 1281; x_wconf 82' lang='lat' dir='ltr'>sacrilegos</span> <span class='ocrx_word' id='word_1_135' title='bbox 760 1243 848 1281; x_wconf 87' lang='lat' dir='ltr'>quod</span> <span class='ocrx_word' id='word_1_136' title='bbox 866 1243 974 1273; x_wconf 82' lang='lat' dir='ltr'>eidem</span> <span class='ocrx_word' id='word_1_137' title='bbox 994 1243 1153 1282; x_wconf 76' lang='lat' dir='ltr'>episcopo</span> <span class='ocrx_word' id='word_1_138' title='bbox 1172 1243 1224 1274; x_wconf 82' lang='lat' dir='ltr'>vel</span> 
     </span>
     <span class='ocr_line' id='line_1_21' title="bbox 213 1295 1226 1335; baseline 0.002 -10"><span class='ocrx_word' id='word_1_139' title='bbox 213 1295 423 1334; x_wconf 80' lang='lat' dir='ltr'>procuratori</span> <span class='ocrx_word' id='word_1_140' title='bbox 440 1304 512 1330; x_wconf 88' lang='lat' dir='ltr'>suo,</span> <span class='ocrx_word' id='word_1_141' title='bbox 532 1295 604 1334; x_wconf 89' lang='lat' dir='ltr'>ejus</span> <span class='ocrx_word' id='word_1_142' title='bbox 617 1296 764 1332; x_wconf 88' lang='lat' dir='ltr'>nomine,</span> <span class='ocrx_word' id='word_1_143' title='bbox 780 1296 948 1334; x_wconf 86' lang='lat' dir='ltr'>premissa</span> <span class='ocrx_word' id='word_1_144' title='bbox 962 1296 1049 1326; x_wconf 80' lang='lat' dir='ltr'>bona</span> <span class='ocrx_word' id='word_1_145' title='bbox 1064 1299 1226 1335; x_wconf 87' lang='lat' dir='ltr'>occupata</span> 
     </span>
     <span class='ocr_line' id='line_1_22' title="bbox 213 1348 1225 1387; baseline 0.002 -9"><span class='ocrx_word' id='word_1_146' title='bbox 213 1348 327 1378; x_wconf 84' lang='lat' dir='ltr'>taliter</span> <span class='ocrx_word' id='word_1_147' title='bbox 350 1351 381 1378; x_wconf 87' lang='lat' dir='ltr'>et</span> <span class='ocrx_word' id='word_1_148' title='bbox 402 1348 513 1378; x_wconf 80' lang='lat' dir='ltr'>ablata</span> <span class='ocrx_word' id='word_1_149' title='bbox 536 1357 611 1378; x_wconf 91' lang='lat' dir='ltr'>cum</span> <span class='ocrx_word' id='word_1_150' title='bbox 629 1349 821 1387; x_wconf 83' lang='lat' dir='ltr'>integritate</span> <span class='ocrx_word' id='word_1_151' title='bbox 843 1350 1037 1386; x_wconf 82' lang='lat' dir='ltr'>restituant,</span> <span class='ocrx_word' id='word_1_152' title='bbox 1059 1352 1090 1380; x_wconf 82' lang='lat' dir='ltr'>et</span> <span class='ocrx_word' id='word_1_153' title='bbox 1110 1351 1150 1380; x_wconf 92' lang='lat' dir='ltr'>de</span> <span class='ocrx_word' id='word_1_154' title='bbox 1167 1350 1225 1380; x_wconf 91' lang='lat' dir='ltr'>hu-</span> 
     </span>
     <span class='ocr_line' id='line_1_23' title="bbox 210 1401 1224 1442; baseline 0.002 -11"><span class='ocrx_word' id='word_1_155' title='bbox 210 1401 360 1439; x_wconf 83' lang='lat' dir='ltr'>jusmodi</span> <span class='ocrx_word' id='word_1_156' title='bbox 384 1401 541 1440; x_wconf 86' lang='lat' dir='ltr'>dampnis</span> <span class='ocrx_word' id='word_1_157' title='bbox 565 1402 700 1440; x_wconf 86' lang='lat' dir='ltr'>plenam</span> <span class='ocrx_word' id='word_1_158' title='bbox 725 1402 993 1433; x_wconf 86' lang='lat' dir='ltr'>satisfactionem</span> <span class='ocrx_word' id='word_1_159' title='bbox 1016 1403 1224 1442; x_wconf 83' lang='lat' dir='ltr'>impendant,</span> 
     </span>
     <span class='ocr_line' id='line_1_24' title="bbox 214 1454 1224 1493; baseline 0.002 -9"><span class='ocrx_word' id='word_1_160' title='bbox 214 1454 399 1485; x_wconf 86' lang='lat' dir='ltr'>monitione</span> <span class='ocrx_word' id='word_1_161' title='bbox 429 1455 607 1493; x_wconf 87' lang='lat' dir='ltr'>premissa,</span> <span class='ocrx_word' id='word_1_162' title='bbox 639 1463 698 1492; x_wconf 91' lang='lat' dir='ltr'>per</span> <span class='ocrx_word' id='word_1_163' title='bbox 725 1456 926 1486; x_wconf 83' lang='lat' dir='ltr'>sententiam</span> <span class='ocrx_word' id='word_1_164' title='bbox 954 1457 1224 1487; x_wconf 82' lang='lat' dir='ltr'>excommunica-</span> 
     </span>
     <span class='ocr_line' id='line_1_25' title="bbox 213 1508 1224 1548; baseline 0.001 -10"><span class='ocrx_word' id='word_1_165' title='bbox 213 1508 316 1538; x_wconf 89' lang='lat' dir='ltr'>tionis</span> <span class='ocrx_word' id='word_1_166' title='bbox 342 1508 376 1538; x_wconf 90' lang='lat' dir='ltr'>in</span> <span class='ocrx_word' id='word_1_167' title='bbox 404 1516 566 1546; x_wconf 76' lang='lat' dir='ltr'>personas</span> <span class='ocrx_word' id='word_1_168' title='bbox 592 1508 759 1538; x_wconf 85' lang='lat' dir='ltr'>dictorum</span> <span class='ocrx_word' id='word_1_169' title='bbox 783 1509 959 1545; x_wconf 83' lang='lat' dir='ltr'>baronum,</span> <span class='ocrx_word' id='word_1_170' title='bbox 987 1509 1073 1539; x_wconf 85' lang='lat' dir='ltr'>sicut</span> <span class='ocrx_word' id='word_1_171' title='bbox 1093 1509 1224 1548; x_wconf 82' lang='lat' dir='ltr'>justum</span> 
     </span>
     <span class='ocr_line' id='line_1_26' title="bbox 214 1560 1224 1600; baseline 0.003 -10"><span class='ocrx_word' id='word_1_172' title='bbox 214 1560 327 1594; x_wconf 82' lang='lat' dir='ltr'>fuerit,</span> <span class='ocrx_word' id='word_1_173' title='bbox 353 1561 580 1599; x_wconf 85' lang='lat' dir='ltr'>appellatione</span> <span class='ocrx_word' id='word_1_174' title='bbox 606 1564 747 1597; x_wconf 87' lang='lat' dir='ltr'>remota,</span> <span class='ocrx_word' id='word_1_175' title='bbox 765 1562 961 1600; x_wconf 79' lang='lat' dir='ltr'>compellas.</span> <span class='ocrx_word' id='word_1_176' title='bbox 982 1563 1077 1598; x_wconf 87' lang='lat' dir='ltr'>Quod</span> <span class='ocrx_word' id='word_1_177' title='bbox 1095 1563 1123 1592; x_wconf 88' lang='lat' dir='ltr'>si</span> <span class='ocrx_word' id='word_1_178' title='bbox 1139 1563 1224 1593; x_wconf 81' lang='lat' dir='ltr'>forte</span> 
     </span>
     <span class='ocr_line' id='line_1_27' title="bbox 214 1614 1224 1654; baseline 0.003 -11"><span class='ocrx_word' id='word_1_179' title='bbox 214 1614 280 1652; x_wconf 88' lang='lat' dir='ltr'>ipsi</span> <span class='ocrx_word' id='word_1_180' title='bbox 312 1614 506 1653; x_wconf 87' lang='lat' dir='ltr'>hujusmodi</span> <span class='ocrx_word' id='word_1_181' title='bbox 535 1615 933 1652; x_wconf 73' lang='lat' dir='ltr'>excommunicationem,</span> <span class='ocrx_word' id='word_1_182' title='bbox 964 1624 1066 1654; x_wconf 89' lang='lat' dir='ltr'>quam</span> <span class='ocrx_word' id='word_1_183' title='bbox 1099 1616 1134 1646; x_wconf 92' lang='lat' dir='ltr'>in</span> <span class='ocrx_word' id='word_1_184' title='bbox 1166 1625 1224 1646; x_wconf 90' lang='lat' dir='ltr'>eos</span> 
     </span>
     <span class='ocr_line' id='line_1_28' title="bbox 214 1667 1223 1705; baseline 0.002 -8"><span class='ocrx_word' id='word_1_185' title='bbox 214 1667 276 1697; x_wconf 87' lang='lat' dir='ltr'>rite</span> <span class='ocrx_word' id='word_1_186' title='bbox 294 1667 425 1703; x_wconf 87' lang='lat' dir='ltr'>tuleris,</span> <span class='ocrx_word' id='word_1_187' title='bbox 442 1675 501 1705; x_wconf 90' lang='lat' dir='ltr'>per</span> <span class='ocrx_word' id='word_1_188' title='bbox 518 1676 621 1698; x_wconf 88' lang='lat' dir='ltr'>unum</span> <span class='ocrx_word' id='word_1_189' title='bbox 636 1676 787 1698; x_wconf 88' lang='lat' dir='ltr'>mensem</span> <span class='ocrx_word' id='word_1_190' title='bbox 805 1668 917 1699; x_wconf 89' lang='lat' dir='ltr'>animo</span> <span class='ocrx_word' id='word_1_191' title='bbox 936 1669 1162 1699; x_wconf 87' lang='lat' dir='ltr'>sustinuerint</span> <span class='ocrx_word' id='word_1_192' title='bbox 1177 1669 1223 1699; x_wconf 91' lang='lat' dir='ltr'>in-</span> 
     </span>
     <span class='ocr_line' id='line_1_29' title="bbox 214 1721 1224 1761; baseline 0.003 -11"><span class='ocrx_word' id='word_1_193' title='bbox 214 1721 344 1756; x_wconf 88' lang='lat' dir='ltr'>durato,</span> <span class='ocrx_word' id='word_1_194' title='bbox 360 1722 468 1751; x_wconf 87' lang='lat' dir='ltr'>terras</span> <span class='ocrx_word' id='word_1_195' title='bbox 484 1729 600 1751; x_wconf 89' lang='lat' dir='ltr'>eorum</span> <span class='ocrx_word' id='word_1_196' title='bbox 614 1721 845 1752; x_wconf 87' lang='lat' dir='ltr'>ecclesiastico</span> <span class='ocrx_word' id='word_1_197' title='bbox 860 1721 1039 1752; x_wconf 88' lang='lat' dir='ltr'>interdicto</span> <span class='ocrx_word' id='word_1_198' title='bbox 1052 1731 1224 1761; x_wconf 88' lang='lat' dir='ltr'>supponas</span> 
     </span>
     <span class='ocr_line' id='line_1_30' title="bbox 214 1774 1225 1815; baseline 0.003 -12"><span class='ocrx_word' id='word_1_199' title='bbox 214 1783 250 1804; x_wconf 81' lang='lat' dir='ltr'>ac</span> <span class='ocrx_word' id='word_1_200' title='bbox 268 1783 403 1804; x_wconf 87' lang='lat' dir='ltr'>manum</span> <span class='ocrx_word' id='word_1_201' title='bbox 415 1775 506 1804; x_wconf 79' lang='lat' dir='ltr'>tuam</span> <span class='ocrx_word' id='word_1_202' title='bbox 519 1775 635 1804; x_wconf 86' lang='lat' dir='ltr'>contra</span> <span class='ocrx_word' id='word_1_203' title='bbox 650 1774 729 1805; x_wconf 91' lang='lat' dir='ltr'>illos</span> <span class='ocrx_word' id='word_1_204' title='bbox 747 1783 920 1814; x_wconf 80' lang='lat' dir='ltr'>aggraveS,</span> <span class='ocrx_word' id='word_1_205' title='bbox 940 1777 1039 1814; x_wconf 87' lang='lat' dir='ltr'>prout</span> <span class='ocrx_word' id='word_1_206' title='bbox 1054 1777 1225 1815; x_wconf 83' lang='lat' dir='ltr'>protervia</span> 
     </span>
     <span class='ocr_line' id='line_1_31' title="bbox 214 1827 1225 1868; baseline 0.003 -12"><span class='ocrx_word' id='word_1_207' title='bbox 214 1827 363 1866; x_wconf 82' lang='lat' dir='ltr'>exegerit</span> <span class='ocrx_word' id='word_1_208' title='bbox 386 1828 580 1858; x_wconf 90' lang='lat' dir='ltr'>eorundem.</span> <span class='ocrx_word' id='word_1_209' title='bbox 606 1828 681 1858; x_wconf 90' lang='lat' dir='ltr'>Non</span> <span class='ocrx_word' id='word_1_210' title='bbox 704 1827 858 1859; x_wconf 87' lang='lat' dir='ltr'>obstante</span> <span class='ocrx_word' id='word_1_211' title='bbox 873 1829 965 1858; x_wconf 88' lang='lat' dir='ltr'>si—.</span> <span class='ocrx_word' id='word_1_212' title='bbox 983 1829 1107 1859; x_wconf 87' lang='lat' dir='ltr'>Datum</span> <span class='ocrx_word' id='word_1_213' title='bbox 1136 1830 1225 1868; x_wconf 88' lang='lat' dir='ltr'>apud</span> 
     </span>
     <span class='ocr_line' id='line_1_32' title="bbox 216 1880 1136 1917; baseline 0.003 -9"><span class='ocrx_word' id='word_1_214' title='bbox 216 1880 502 1917; x_wconf 74' lang='lat' dir='ltr'>Urbemreterem,</span> <span class='ocrx_word' id='word_1_215' title='bbox 522 1891 541 1909; x_wconf 82' lang='lat' dir='ltr'><strong>x</strong></span> <span class='ocrx_word' id='word_1_216' title='bbox 559 1881 722 1911; x_wconf 81' lang='lat' dir='ltr'>kalendas</span> <span class='ocrx_word' id='word_1_217' title='bbox 736 1882 862 1917; x_wconf 81' lang='lat' dir='ltr'>martii,</span> <span class='ocrx_word' id='word_1_218' title='bbox 883 1891 971 1912; x_wconf 84' lang='lat' dir='ltr'>anno</span> <span class='ocrx_word' id='word_1_219' title='bbox 988 1883 1099 1913; x_wconf 87' lang='lat' dir='ltr'>tertio.</span> <span class='ocrx_word' id='word_1_220' title='bbox 1121 1892 1136 1912; x_wconf 82' lang='lat' dir='ltr'>n</span> 
     </span>
    </p>
   </div>
   <div class='ocr_carea' id='block_1_3' title="bbox 306 2066 1150 2098">
    <p class='ocr_par' dir='ltr' id='par_1_3' title="bbox 306 2066 1150 2098">
     <span class='ocr_line' id='line_1_33' title="bbox 306 2066 1150 2098; baseline -0.002 -2"><span class='ocrx_word' id='word_1_221' title='bbox 306 2066 401 2097; x_wconf 66' lang='grc' dir='ltr'>145ὲί</span> <span class='ocrx_word' id='word_1_222' title='bbox 779 2066 903 2098; x_wconf 69' lang='lat' dir='ltr'>Orvieto,</span> <span class='ocrx_word' id='word_1_223' title='bbox 922 2067 957 2093; x_wconf 71' lang='lat'>:20</span> <span class='ocrx_word' id='word_1_224' title='bbox 973 2075 1051 2093; x_wconf 81' lang='lat' dir='ltr'>mars</span> <span class='ocrx_word' id='word_1_225' title='bbox 1076 2067 1150 2094; x_wconf 69' lang='lat'>1202.</span> 
     </span>
    </p>
   </div>
   <div class='ocr_carea' id='block_1_4' title="bbox 213 2148 1225 2280">
    <p class='ocr_par' dir='ltr' id='par_1_4' title="bbox 213 2148 1225 2280">
     <span class='ocr_line' id='line_1_34' title="bbox 251 2148 1225 2182; baseline 0.003 -9"><span class='ocrx_word' id='word_1_226' title='bbox 251 2148 415 2182; x_wconf 70' lang='lat' dir='ltr'>Praeposito</span> <span class='ocrx_word' id='word_1_227' title='bbox 425 2151 453 2174; x_wconf 86' lang='lat' dir='ltr'>ct</span> <span class='ocrx_word' id='word_1_228' title='bbox 465 2149 590 2182; x_wconf 81' lang='lat' dir='ltr'>capitulo</span> <span class='ocrx_word' id='word_1_229' title='bbox 604 2149 743 2175; x_wconf 73' lang='lat' dir='ltr'>ecclcsiae</span> <span class='ocrx_word' id='word_1_230' title='bbox 755 2149 948 2176; x_wconf 81' lang='lat' dir='ltr'>Gebcnnensis</span> <span class='ocrx_word' id='word_1_231' title='bbox 963 2151 1079 2177; x_wconf 77' lang='lat' dir='ltr'>mandat</span> <span class='ocrx_word' id='word_1_232' title='bbox 1093 2154 1123 2178; x_wconf 88' lang='lat' dir='ltr'>ut</span> <span class='ocrx_word' id='word_1_233' title='bbox 1139 2151 1225 2177; x_wconf 88' lang='lat' dir='ltr'>llum-</span> 
     </span>
     <span class='ocr_line' id='line_1_35' title="bbox 214 2197 1223 2234; baseline 0.004 -12"><span class='ocrx_word' id='word_1_234' title='bbox 214 2197 325 2223; x_wconf 79' lang='lat' dir='ltr'>bcrtum</span> <span class='ocrx_word' id='word_1_235' title='bbox 342 2197 375 2223; x_wconf 90' lang='lat' dir='ltr'>dc</span> <span class='ocrx_word' id='word_1_236' title='bbox 396 2197 526 2224; x_wconf 87' lang='lat' dir='ltr'>Thoncns</span> <span class='ocrx_word' id='word_1_237' title='bbox 548 2198 701 2225; x_wconf 78' lang='lat' dir='ltr'>officialem</span> <span class='ocrx_word' id='word_1_238' title='bbox 725 2198 753 2225; x_wconf 89' lang='lat' dir='ltr'>in</span> <span class='ocrx_word' id='word_1_239' title='bbox 776 2198 946 2225; x_wconf 81' lang='lat' dir='ltr'>canonicum</span> <span class='ocrx_word' id='word_1_240' title='bbox 967 2199 1115 2234; x_wconf 79' lang='lat' dir='ltr'>recipiant.</span> <span class='ocrx_word' id='word_1_241' title='bbox 1140 2199 1223 2233; x_wconf 66' lang='lat' dir='ltr'>(Rau.</span> 
     </span>
     <span class='ocr_line' id='line_1_36' title="bbox 213 2245 580 2280; baseline 0.011 -9"><span class='ocrx_word' id='word_1_242' title='bbox 213 2247 256 2276; x_wconf 58' lang='lat'>2¹³,</span> <span class='ocrx_word' id='word_1_243' title='bbox 273 2245 321 2272; x_wconf 82' lang='lat' dir='ltr'>t&#39;ol.</span> <span class='ocrx_word' id='word_1_244' title='bbox 340 2247 388 2273; x_wconf 73' lang='lat'>135</span> <span class='ocrx_word' id='word_1_245' title='bbox 405 2250 444 2280; x_wconf 66' lang='grc' dir='ltr'>νο,</span> <span class='ocrx_word' id='word_1_246' title='bbox 457 2250 490 2272; x_wconf 83' lang='grc' dir='ltr'>11ο</span> <span class='ocrx_word' id='word_1_247' title='bbox 504 2248 580 2280; x_wconf 68' lang='grc'>5115.)</span> 
     </span>
    </p>
   </div>
   <div class='ocr_carea' id='block_1_5' title="bbox 215 2354 1225 2499">
    <p class='ocr_par' dir='ltr' id='par_1_5' title="bbox 215 2354 1225 2499">
     <span class='ocr_line' id='line_1_37' title="bbox 254 2354 1225 2394; baseline 0.007 -12"><span class='ocrx_word' id='word_1_248' title='bbox 254 2354 446 2394; x_wconf 65' lang='lat' dir='ltr'>«Proposito</span> <span class='ocrx_word' id='word_1_249' title='bbox 470 2360 496 2384; x_wconf 78' lang='lat' dir='ltr'>cl</span> <span class='ocrx_word' id='word_1_250' title='bbox 526 2354 658 2394; x_wconf 76' lang='lat' dir='ltr'>capitulo</span> <span class='ocrx_word' id='word_1_251' title='bbox 684 2355 804 2385; x_wconf 79' lang='lat' dir='ltr'>ecclesie</span> <span class='ocrx_word' id='word_1_252' title='bbox 831 2356 1043 2388; x_wconf 78' lang='lat' dir='ltr'>Gebennensis.</span> <span class='ocrx_word' id='word_1_253' title='bbox 1074 2358 1225 2389; x_wconf 83' lang='lat' dir='ltr'>Dilectus</span> 
     </span>
     <span class='ocr_line' id='line_1_38' title="bbox 215 2407 1225 2448; baseline 0.004 -12"><span class='ocrx_word' id='word_1_254' title='bbox 215 2407 305 2437; x_wconf 89' lang='lat' dir='ltr'>tilius</span> <span class='ocrx_word' id='word_1_255' title='bbox 324 2407 531 2438; x_wconf 87' lang='lat' dir='ltr'>IIumbertus</span> <span class='ocrx_word' id='word_1_256' title='bbox 547 2426 596 2437; x_wconf 91' lang='lat'>—.</span> <span class='ocrx_word' id='word_1_257' title='bbox 617 2408 743 2438; x_wconf 89' lang='lat' dir='ltr'>Datum</span> <span class='ocrx_word' id='word_1_258' title='bbox 762 2409 850 2448; x_wconf 88' lang='lat' dir='ltr'>apud</span> <span class='ocrx_word' id='word_1_259' title='bbox 868 2409 1159 2445; x_wconf 82' lang='lat' dir='ltr'>Urbemveterem,</span> <span class='ocrx_word' id='word_1_260' title='bbox 1178 2421 1225 2440; x_wconf 68' lang='grc' dir='ltr'>νη</span> 
     </span>
     <span class='ocr_line' id='line_1_39' title="bbox 215 2460 793 2499; baseline 0.002 -10"><span class='ocrx_word' id='word_1_261' title='bbox 215 2460 376 2491; x_wconf 83' lang='lat' dir='ltr'>kalendas</span> <span class='ocrx_word' id='word_1_262' title='bbox 392 2461 522 2499; x_wconf 89' lang='lat' dir='ltr'>aprilis,</span> <span class='ocrx_word' id='word_1_263' title='bbox 544 2470 630 2492; x_wconf 90' lang='lat' dir='ltr'>anno</span> <span class='ocrx_word' id='word_1_264' title='bbox 646 2462 760 2492; x_wconf 89' lang='lat' dir='ltr'>tertio.</span> <span class='ocrx_word' id='word_1_265' title='bbox 777 2471 793 2491; x_wconf 89' lang='lat'>»</span> 
     </span>
    </p>
   </div>
   <div class='ocr_carea' id='block_1_6' title="bbox 251 2650 1225 2773">
    <p class='ocr_par' dir='ltr' id='par_1_6' title="bbox 251 2650 1225 2773">
     <span class='ocr_line' id='line_1_40' title="bbox 307 2650 1152 2683; baseline -0.002 -2"><span class='ocrx_word' id='word_1_266' title='bbox 307 2650 401 2681; x_wconf 69' lang='lat'>1456</span> <span class='ocrx_word' id='word_1_267' title='bbox 756 2651 880 2683; x_wconf 82' lang='lat' dir='ltr'>Orvicto,</span> <span class='ocrx_word' id='word_1_268' title='bbox 900 2652 931 2678; x_wconf 80' lang='lat'>:21</span> <span class='ocrx_word' id='word_1_269' title='bbox 951 2651 1056 2678; x_wconf 65' lang='grc'>1611161-</span> <span class='ocrx_word' id='word_1_270' title='bbox 1076 2652 1152 2679; x_wconf 70' lang='grc'>1264.</span> 
     </span>
     <span class='ocr_line' id='line_1_41' title="bbox 251 2737 1225 2773; baseline 0.006 -10"><span class='ocrx_word' id='word_1_271' title='bbox 251 2737 456 2765; x_wconf 81' lang='lat' dir='ltr'>Canonicatum</span> <span class='ocrx_word' id='word_1_272' title='bbox 472 2741 499 2765; x_wconf 85' lang='lat' dir='ltr'>et</span> <span class='ocrx_word' id='word_1_273' title='bbox 515 2739 708 2773; x_wconf 83' lang='lat' dir='ltr'>praebendam</span> <span class='ocrx_word' id='word_1_274' title='bbox 720 2739 858 2766; x_wconf 80' lang='lat' dir='ltr'>ecclcsiae</span> <span class='ocrx_word' id='word_1_275' title='bbox 873 2748 896 2766; x_wconf 89' lang='lat' dir='ltr'>s.</span> <span class='ocrx_word' id='word_1_276' title='bbox 913 2740 1068 2768; x_wconf 81' lang='lat' dir='ltr'>Theobaldi</span> <span class='ocrx_word' id='word_1_277' title='bbox 1088 2741 1225 2770; x_wconf 82' lang='lat' dir='ltr'>Metcnsis</span> 
     </span>
    </p>
   </div>
   <div class='ocr_carea' id='block_1_7' title="bbox 216 2786 1225 2874">
    <p class='ocr_par' dir='ltr' id='par_1_7' title="bbox 216 2786 1225 2874">
     <span class='ocr_line' id='line_1_42' title="bbox 216 2786 1225 2827; baseline 0.006 -14"><span class='ocrx_word' id='word_1_278' title='bbox 216 2789 350 2814; x_wconf 75' lang='lat' dir='ltr'>vacantes</span> <span class='ocrx_word' id='word_1_279' title='bbox 366 2794 415 2821; x_wconf 84' lang='lat' dir='ltr'>per</span> <span class='ocrx_word' id='word_1_280' title='bbox 431 2786 655 2821; x_wconf 80' lang='lat' dir='ltr'>resignationem</span> <span class='ocrx_word' id='word_1_281' title='bbox 673 2788 804 2820; x_wconf 76' lang='lat' dir='ltr'>werrici,</span> <span class='ocrx_word' id='word_1_282' title='bbox 828 2789 944 2816; x_wconf 78' lang='lat' dir='ltr'>Nicolao</span> <span class='ocrx_word' id='word_1_283' title='bbox 957 2790 1135 2825; x_wconf 83' lang='lat' dir='ltr'>presbytero,</span> <span class='ocrx_word' id='word_1_284' title='bbox 1152 2791 1225 2827; x_wconf 89' lang='lat' dir='ltr'>ejus-</span> 
     </span>
     <span class='ocr_line' id='line_1_43' title="bbox 216 2834 1153 2874; baseline 0.007 -14"><span class='ocrx_word' id='word_1_285' title='bbox 216 2834 281 2861; x_wconf 88' lang='lat' dir='ltr'>dem</span> <span class='ocrx_word' id='word_1_286' title='bbox 297 2835 417 2862; x_wconf 78' lang='lat' dir='ltr'>Werrici</span> <span class='ocrx_word' id='word_1_287' title='bbox 437 2835 529 2869; x_wconf 80' lang='lat' dir='ltr'>fratri,</span> <span class='ocrx_word' id='word_1_288' title='bbox 545 2836 667 2864; x_wconf 75' lang='lat' dir='ltr'>confert.</span> <span class='ocrx_word' id='word_1_289' title='bbox 685 2837 766 2871; x_wconf 65' lang='lat' dir='ltr'>(llas.</span> <span class='ocrx_word' id='word_1_290' title='bbox 786 2838 830 2868; x_wconf 64' lang='lat'>20,</span> <span class='ocrx_word' id='word_1_291' title='bbox 847 2837 895 2864; x_wconf 88' lang='lat' dir='ltr'>sol.</span> <span class='ocrx_word' id='word_1_292' title='bbox 914 2839 963 2866; x_wconf 78' lang='lat'>135</span> <span class='ocrx_word' id='word_1_293' title='bbox 977 2846 1015 2870; x_wconf 74' lang='lat' dir='ltr'>vo,</span> <span class='ocrx_word' id='word_1_294' title='bbox 1031 2844 1062 2866; x_wconf 88' lang='lat' dir='ltr'>n0</span> <span class='ocrx_word' id='word_1_295' title='bbox 1077 2840 1153 2874; x_wconf 69' lang='lat'>506.)</span> 
     </span>
    </p>
   </div>
   <div class='ocr_carea' id='block_1_8' title="bbox 1252 301 1256 1021">
    <p class='ocr_par' dir='ltr' id='par_1_8' title="bbox 1252 301 1256 1021">
     <span class='ocr_line' id='line_1_44' title="bbox 1252 301 1256 1021; baseline 0 0"><span class='ocrx_word' id='word_1_296' title='bbox 1252 301 1256 1021; x_wconf 95' lang='lat' dir='ltr'> </span> 
     </span>
    </p>
   </div>
   <div class='ocr_carea' id='block_1_9' title="bbox 961 200 1538 238">
    <p class='ocr_par' dir='ltr' id='par_1_9' title="bbox 961 200 1538 238">
     <span class='ocr_line' id='line_1_45' title="bbox 961 200 1538 238; baseline -0.003 -6"><span class='ocrx_word' id='word_1_297' title='bbox 961 200 1206 238; x_wconf 80' lang='lat' dir='ltr'>REGISTRES</span> <span class='ocrx_word' id='word_1_298' title='bbox 1236 201 1450 232; x_wconf 82' lang='lat' dir='ltr'>D’URBAIN</span> <span class='ocrx_word' id='word_1_299' title='bbox 1480 201 1538 231; x_wconf 79' lang='lat' dir='ltr'>IV.</span> 
     </span>
    </p>
   </div>
   <div class='ocr_carea' id='block_1_10' title="bbox 1282 285 2300 1651">
    <p class='ocr_par' dir='ltr' id='par_1_10' title="bbox 1282 285 2300 1651">
     <span class='ocr_line' id='line_1_46' title="bbox 1326 285 2297 326; baseline 0.004 -11"><span class='ocrx_word' id='word_1_300' title='bbox 1326 296 1342 315; x_wconf 84' lang='lat'>«</span> <span class='ocrx_word' id='word_1_301' title='bbox 1363 311 1369 317; x_wconf 90' lang='lat'>.</span> <span class='ocrx_word' id='word_1_302' title='bbox 1383 311 1389 316; x_wconf 97' lang='lat'>.</span> <span class='ocrx_word' id='word_1_303' title='bbox 1408 285 1548 316; x_wconf 77' lang='lat' dir='ltr'>abbatis.</span> <span class='ocrx_word' id='word_1_304' title='bbox 1567 286 1784 326; x_wconf 70' lang='lat' dir='ltr'>Simpliorirmi</span> <span class='ocrx_word' id='word_1_305' title='bbox 1805 286 1958 317; x_wconf 79' lang='lat' dir='ltr'>Melensz&#39;s.</span> <span class='ocrx_word' id='word_1_306' title='bbox 1985 287 2082 323; x_wconf 87' lang='lat' dir='ltr'>Cum,</span> <span class='ocrx_word' id='word_1_307' title='bbox 2106 288 2192 319; x_wconf 83' lang='lat' dir='ltr'>Sicut</span> <span class='ocrx_word' id='word_1_308' title='bbox 2209 297 2297 319; x_wconf 85' lang='lat' dir='ltr'>acce·</span> 
     </span>
     <span class='ocr_line' id='line_1_47' title="bbox 1284 339 2297 378; baseline 0.003 -9"><span class='ocrx_word' id='word_1_309' title='bbox 1284 339 1410 378; x_wconf 71' lang='lat' dir='ltr'>pimus,</span> <span class='ocrx_word' id='word_1_310' title='bbox 1436 339 1580 369; x_wconf 86' lang='lat' dir='ltr'>dilectus</span> <span class='ocrx_word' id='word_1_311' title='bbox 1610 339 1701 369; x_wconf 85' lang='lat' dir='ltr'>filius</span> <span class='ocrx_word' id='word_1_312' title='bbox 1731 339 1922 375; x_wconf 74' lang='lat' dir='ltr'>werricus,</span> <span class='ocrx_word' id='word_1_313' title='bbox 1947 340 2129 371; x_wconf 87' lang='lat' dir='ltr'>canonicus</span> <span class='ocrx_word' id='word_1_314' title='bbox 2156 341 2297 372; x_wconf 84' lang='lat' dir='ltr'>ecclesie</span> 
     </span>
     <span class='ocr_line' id='line_1_48' title="bbox 1284 391 2296 432; baseline 0.003 -11"><span class='ocrx_word' id='word_1_315' title='bbox 1284 400 1311 421; x_wconf 89' lang='lat' dir='ltr'>s.</span> <span class='ocrx_word' id='word_1_316' title='bbox 1337 391 1521 422; x_wconf 88' lang='lat' dir='ltr'>Theobaldi</span> <span class='ocrx_word' id='word_1_317' title='bbox 1550 393 1727 429; x_wconf 58' lang='lat' dir='ltr'>aletensis,</span> <span class='ocrx_word' id='word_1_318' title='bbox 1757 393 1992 422; x_wconf 87' lang='lat' dir='ltr'>canonicatum</span> <span class='ocrx_word' id='word_1_319' title='bbox 2018 395 2050 423; x_wconf 84' lang='lat' dir='ltr'>et</span> <span class='ocrx_word' id='word_1_320' title='bbox 2076 393 2296 432; x_wconf 79' lang='lat' dir='ltr'>prebendam,</span> 
     </span>
     <span class='ocr_line' id='line_1_49' title="bbox 1285 444 2296 485; baseline 0.003 -11"><span class='ocrx_word' id='word_1_321' title='bbox 1285 453 1369 483; x_wconf 87' lang='lat' dir='ltr'>quos</span> <span class='ocrx_word' id='word_1_322' title='bbox 1392 445 1426 474; x_wconf 93' lang='lat' dir='ltr'>in</span> <span class='ocrx_word' id='word_1_323' title='bbox 1446 444 1588 475; x_wconf 87' lang='lat' dir='ltr'>ecclesia</span> <span class='ocrx_word' id='word_1_324' title='bbox 1608 445 1683 484; x_wconf 87' lang='lat' dir='ltr'>ipsa</span> <span class='ocrx_word' id='word_1_325' title='bbox 1705 444 1845 481; x_wconf 87' lang='lat' dir='ltr'>obtinet,</span> <span class='ocrx_word' id='word_1_326' title='bbox 1871 445 1916 475; x_wconf 89' lang='lat' dir='ltr'>sit</span> <span class='ocrx_word' id='word_1_327' title='bbox 1946 446 2118 485; x_wconf 84' lang='lat' dir='ltr'>resignare</span> <span class='ocrx_word' id='word_1_328' title='bbox 2143 448 2296 485; x_wconf 83' lang='lat' dir='ltr'>paratus,</span> 
     </span>
     <span class='ocr_line' id='line_1_50' title="bbox 1285 497 2297 538; baseline 0.003 -11"><span class='ocrx_word' id='word_1_329' title='bbox 1285 506 1358 534; x_wconf 85' lang='lat' dir='ltr'>nos,</span> <span class='ocrx_word' id='word_1_330' title='bbox 1381 498 1421 528; x_wconf 87' lang='lat' dir='ltr'>de</span> <span class='ocrx_word' id='word_1_331' title='bbox 1452 497 1538 536; x_wconf 87' lang='lat' dir='ltr'>ipsis</span> <span class='ocrx_word' id='word_1_332' title='bbox 1563 498 1685 528; x_wconf 88' lang='lat' dir='ltr'>dilecto</span> <span class='ocrx_word' id='word_1_333' title='bbox 1709 498 1780 528; x_wconf 90' lang='lat' dir='ltr'>filio</span> <span class='ocrx_word' id='word_1_334' title='bbox 1809 498 1951 528; x_wconf 86' lang='lat' dir='ltr'>Nicolao</span> <span class='ocrx_word' id='word_1_335' title='bbox 1968 498 2180 538; x_wconf 65' lang='lat' dir='ltr'>presbytero,</span> <span class='ocrx_word' id='word_1_336' title='bbox 2201 499 2297 530; x_wconf 83' lang='lat' dir='ltr'>fratri</span> 
     </span>
     <span class='ocr_line' id='line_1_51' title="bbox 1284 550 2298 589; baseline 0.001 -8"><span class='ocrx_word' id='word_1_337' title='bbox 1284 550 1435 588; x_wconf 87' lang='lat' dir='ltr'>ejusdem</span> <span class='ocrx_word' id='word_1_338' title='bbox 1458 551 1618 586; x_wconf 56' lang='lat' dir='ltr'>NVerrici,</span> <span class='ocrx_word' id='word_1_339' title='bbox 1638 551 1816 589; x_wconf 83' lang='lat' dir='ltr'>providere</span> <span class='ocrx_word' id='word_1_340' title='bbox 1832 551 1997 588; x_wconf 87' lang='lat' dir='ltr'>volentes,</span> <span class='ocrx_word' id='word_1_341' title='bbox 2022 551 2219 582; x_wconf 85' lang='lat' dir='ltr'>discretioni</span> <span class='ocrx_word' id='word_1_342' title='bbox 2241 554 2298 583; x_wconf 84' lang='lat' dir='ltr'>tue</span> 
     </span>
     <span class='ocr_line' id='line_1_52' title="bbox 1284 604 2299 643; baseline 0.003 -10"><span class='ocrx_word' id='word_1_343' title='bbox 1284 605 1486 634; x_wconf 85' lang='lat' dir='ltr'>mandamus</span> <span class='ocrx_word' id='word_1_344' title='bbox 1503 606 1682 643; x_wconf 81' lang='lat' dir='ltr'>quatenus,</span> <span class='ocrx_word' id='word_1_345' title='bbox 1709 605 1737 634; x_wconf 91' lang='lat' dir='ltr'>si</span> <span class='ocrx_word' id='word_1_346' title='bbox 1756 606 1807 635; x_wconf 91' lang='lat' dir='ltr'>est</span> <span class='ocrx_word' id='word_1_347' title='bbox 1832 605 1890 641; x_wconf 86' lang='lat' dir='ltr'>ita,</span> <span class='ocrx_word' id='word_1_348' title='bbox 1916 604 1957 634; x_wconf 88' lang='lat' dir='ltr'>ab</span> <span class='ocrx_word' id='word_1_349' title='bbox 1977 605 2095 636; x_wconf 88' lang='lat' dir='ltr'>eodem</span> <span class='ocrx_word' id='word_1_350' title='bbox 2115 605 2170 635; x_wconf 75' lang='lat' dir='ltr'>W.</span> <span class='ocrx_word' id='word_1_351' title='bbox 2191 605 2299 636; x_wconf 84' lang='lat' dir='ltr'>libera</span> 
     </span>
     <span class='ocr_line' id='line_1_53' title="bbox 1284 657 2295 697; baseline 0.001 -10"><span class='ocrx_word' id='word_1_352' title='bbox 1284 658 1481 687; x_wconf 87' lang='lat' dir='ltr'>eorumdem</span> <span class='ocrx_word' id='word_1_353' title='bbox 1506 658 1724 688; x_wconf 84' lang='lat' dir='ltr'>canonicatus</span> <span class='ocrx_word' id='word_1_354' title='bbox 1750 660 1781 688; x_wconf 91' lang='lat' dir='ltr'>et</span> <span class='ocrx_word' id='word_1_355' title='bbox 1806 657 1974 696; x_wconf 80' lang='lat' dir='ltr'>prebende</span> <span class='ocrx_word' id='word_1_356' title='bbox 1997 658 2226 697; x_wconf 84' lang='lat' dir='ltr'>resignatione</span> <span class='ocrx_word' id='word_1_357' title='bbox 2248 666 2295 688; x_wconf 90' lang='lat' dir='ltr'>re-</span> 
     </span>
     <span class='ocr_line' id='line_1_54' title="bbox 1283 710 2299 750; baseline 0.001 -10"><span class='ocrx_word' id='word_1_358' title='bbox 1283 713 1391 749; x_wconf 84' lang='lat' dir='ltr'>cepta,</span> <span class='ocrx_word' id='word_1_359' title='bbox 1410 711 1503 749; x_wconf 89' lang='lat' dir='ltr'>ipsos</span> <span class='ocrx_word' id='word_1_360' title='bbox 1520 711 1628 741; x_wconf 89' lang='lat' dir='ltr'>eidem</span> <span class='ocrx_word' id='word_1_361' title='bbox 1645 710 1858 749; x_wconf 67' lang='lat' dir='ltr'>presbytero,</span> <span class='ocrx_word' id='word_1_362' title='bbox 1880 711 2064 742; x_wconf 86' lang='lat' dir='ltr'>dummodo</span> <span class='ocrx_word' id='word_1_363' title='bbox 2082 712 2126 742; x_wconf 89' lang='lat' dir='ltr'>sit</span> <span class='ocrx_word' id='word_1_364' title='bbox 2146 712 2299 750; x_wconf 72' lang='lat' dir='ltr'>ydoneus</span> 
     </span>
     <span class='ocr_line' id='line_1_55' title="bbox 1285 764 2298 804; baseline 0.001 -10"><span class='ocrx_word' id='word_1_365' title='bbox 1285 764 1427 794; x_wconf 88' lang='lat' dir='ltr'>scientia</span> <span class='ocrx_word' id='word_1_366' title='bbox 1457 766 1489 794; x_wconf 85' lang='lat' dir='ltr'>et</span> <span class='ocrx_word' id='word_1_367' title='bbox 1521 764 1674 794; x_wconf 84' lang='lat' dir='ltr'>moribus</span> <span class='ocrx_word' id='word_1_368' title='bbox 1703 767 1803 803; x_wconf 86' lang='lat' dir='ltr'>atque</span> <span class='ocrx_word' id='word_1_369' title='bbox 1833 765 1874 794; x_wconf 89' lang='lat' dir='ltr'>de</span> <span class='ocrx_word' id='word_1_370' title='bbox 1905 764 2058 804; x_wconf 84' lang='lat' dir='ltr'>legitimo</span> <span class='ocrx_word' id='word_1_371' title='bbox 2080 765 2298 795; x_wconf 86' lang='lat' dir='ltr'>matrimonio</span> 
     </span>
     <span class='ocr_line' id='line_1_56' title="bbox 1284 817 2298 854; baseline 0.002 -8"><span class='ocrx_word' id='word_1_372' title='bbox 1284 819 1384 847; x_wconf 90' lang='lat' dir='ltr'>natus</span> <span class='ocrx_word' id='word_1_373' title='bbox 1408 819 1440 847; x_wconf 88' lang='lat' dir='ltr'>et</span> <span class='ocrx_word' id='word_1_374' title='bbox 1467 818 1558 847; x_wconf 87' lang='lat' dir='ltr'>aliud</span> <span class='ocrx_word' id='word_1_375' title='bbox 1587 818 1785 848; x_wconf 82' lang='lat' dir='ltr'>canonicum</span> <span class='ocrx_word' id='word_1_376' title='bbox 1816 826 1882 847; x_wconf 89' lang='lat' dir='ltr'>non</span> <span class='ocrx_word' id='word_1_377' title='bbox 1912 817 2069 854; x_wconf 84' lang='lat' dir='ltr'>obsistat,</span> <span class='ocrx_word' id='word_1_378' title='bbox 2096 818 2298 848; x_wconf 82' lang='lat' dir='ltr'>auctoritate</span> 
     </span>
     <span class='ocr_line' id='line_1_57' title="bbox 1285 871 2298 910; baseline 0.002 -11"><span class='ocrx_word' id='word_1_379' title='bbox 1285 872 1400 901; x_wconf 90' lang='lat' dir='ltr'>nostra</span> <span class='ocrx_word' id='word_1_380' title='bbox 1423 879 1482 908; x_wconf 90' lang='lat' dir='ltr'>per</span> <span class='ocrx_word' id='word_1_381' title='bbox 1498 873 1530 901; x_wconf 85' lang='lat' dir='ltr'>te</span> <span class='ocrx_word' id='word_1_382' title='bbox 1555 871 1608 901; x_wconf 85' lang='lat' dir='ltr'>vel</span> <span class='ocrx_word' id='word_1_383' title='bbox 1629 880 1687 909; x_wconf 86' lang='lat' dir='ltr'>per</span> <span class='ocrx_word' id='word_1_384' title='bbox 1711 871 1816 901; x_wconf 88' lang='lat' dir='ltr'>alium</span> <span class='ocrx_word' id='word_1_385' title='bbox 1844 871 2000 901; x_wconf 84' lang='lat' dir='ltr'>conferas</span> <span class='ocrx_word' id='word_1_386' title='bbox 2016 873 2047 901; x_wconf 90' lang='lat' dir='ltr'>et</span> <span class='ocrx_word' id='word_1_387' title='bbox 2065 871 2232 910; x_wconf 86' lang='lat' dir='ltr'>assignes,</span> <span class='ocrx_word' id='word_1_388' title='bbox 2250 871 2298 901; x_wconf 89' lang='lat' dir='ltr'>in-</span> 
     </span>
     <span class='ocr_line' id='line_1_58' title="bbox 1284 924 2299 963; baseline 0 -9"><span class='ocrx_word' id='word_1_389' title='bbox 1284 925 1410 954; x_wconf 89' lang='lat' dir='ltr'>ducens</span> <span class='ocrx_word' id='word_1_390' title='bbox 1424 925 1538 963; x_wconf 89' lang='lat' dir='ltr'>ipsum</span> <span class='ocrx_word' id='word_1_391' title='bbox 1557 925 1591 954; x_wconf 93' lang='lat' dir='ltr'>in</span> <span class='ocrx_word' id='word_1_392' title='bbox 1616 924 1825 963; x_wconf 86' lang='lat' dir='ltr'>corporalem</span> <span class='ocrx_word' id='word_1_393' title='bbox 1845 925 2028 955; x_wconf 87' lang='lat' dir='ltr'>eorundem</span> <span class='ocrx_word' id='word_1_394' title='bbox 2043 924 2299 963; x_wconf 88' lang='lat' dir='ltr'>possessionem</span> 
     </span>
     <span class='ocr_line' id='line_1_59' title="bbox 1284 977 2300 1008; baseline 0 -1"><span class='ocrx_word' id='word_1_395' title='bbox 1284 979 1316 1007; x_wconf 89' lang='lat' dir='ltr'>et</span> <span class='ocrx_word' id='word_1_396' title='bbox 1331 977 1514 1007; x_wconf 84' lang='lat' dir='ltr'>defendens</span> <span class='ocrx_word' id='word_1_397' title='bbox 1531 977 1719 1008; x_wconf 86' lang='lat' dir='ltr'>inductum.</span> <span class='ocrx_word' id='word_1_398' title='bbox 1733 978 1808 1008; x_wconf 79' lang='lat' dir='ltr'>Non</span> <span class='ocrx_word' id='word_1_399' title='bbox 1823 977 1978 1008; x_wconf 88' lang='lat' dir='ltr'>obstante</span> <span class='ocrx_word' id='word_1_400' title='bbox 1995 978 2022 1007; x_wconf 89' lang='lat' dir='ltr'>si</span> <span class='ocrx_word' id='word_1_401' title='bbox 2039 994 2087 1006; x_wconf 94' lang='lat'>—.</span> <span class='ocrx_word' id='word_1_402' title='bbox 2107 977 2300 1008; x_wconf 82' lang='lat' dir='ltr'>Contradic-</span> 
     </span>
     <span class='ocr_line' id='line_1_60' title="bbox 1283 1030 2298 1069; baseline 0 -9"><span class='ocrx_word' id='word_1_403' title='bbox 1283 1031 1375 1060; x_wconf 82' lang='lat' dir='ltr'>tores</span> <span class='ocrx_word' id='word_1_404' title='bbox 1401 1032 1463 1060; x_wconf 88' lang='lat' dir='ltr'>etc.</span> <span class='ocrx_word' id='word_1_405' title='bbox 1491 1038 1598 1069; x_wconf 88' lang='lat' dir='ltr'>usque</span> <span class='ocrx_word' id='word_1_406' title='bbox 1622 1031 1877 1069; x_wconf 88' lang='lat' dir='ltr'>compescendo.</span> <span class='ocrx_word' id='word_1_407' title='bbox 1896 1031 2039 1061; x_wconf 77' lang='lat' dir='ltr'>Proviso</span> <span class='ocrx_word' id='word_1_408' title='bbox 2064 1033 2177 1061; x_wconf 85' lang='lat' dir='ltr'>tamen</span> <span class='ocrx_word' id='word_1_409' title='bbox 2194 1030 2298 1069; x_wconf 87' lang='lat' dir='ltr'>quod,</span> 
     </span>
     <span class='ocr_line' id='line_1_61' title="bbox 1283 1083 2297 1123; baseline 0.002 -11"><span class='ocrx_word' id='word_1_410' title='bbox 1283 1084 1465 1121; x_wconf 88' lang='lat' dir='ltr'>postquam</span> <span class='ocrx_word' id='word_1_411' title='bbox 1480 1083 1513 1113; x_wconf 92' lang='lat' dir='ltr'>in</span> <span class='ocrx_word' id='word_1_412' title='bbox 1528 1083 1645 1114; x_wconf 85' lang='lat' dir='ltr'>eadem</span> <span class='ocrx_word' id='word_1_413' title='bbox 1662 1083 1804 1114; x_wconf 89' lang='lat' dir='ltr'>ecclesia</span> <span class='ocrx_word' id='word_1_414' title='bbox 1822 1084 1959 1123; x_wconf 82' lang='lat' dir='ltr'>pacifice</span> <span class='ocrx_word' id='word_1_415' title='bbox 1976 1084 2076 1114; x_wconf 79' lang='lat' dir='ltr'>fuerit</span> <span class='ocrx_word' id='word_1_416' title='bbox 2093 1083 2297 1122; x_wconf 86' lang='lat' dir='ltr'>prehendam</span> 
     </span>
     <span class='ocr_line' id='line_1_62' title="bbox 1284 1136 2298 1176; baseline 0.002 -11"><span class='ocrx_word' id='word_1_417' title='bbox 1284 1136 1437 1174; x_wconf 81' lang='lat' dir='ltr'>adeptus,</span> <span class='ocrx_word' id='word_1_418' title='bbox 1455 1136 1633 1166; x_wconf 87' lang='lat' dir='ltr'>ecclesiam</span> <span class='ocrx_word' id='word_1_419' title='bbox 1651 1136 1690 1167; x_wconf 83' lang='lat' dir='ltr'>(le</span> <span class='ocrx_word' id='word_1_420' title='bbox 1716 1137 1836 1173; x_wconf 85' lang='lat' dir='ltr'>Orons,</span> <span class='ocrx_word' id='word_1_421' title='bbox 1860 1146 1960 1176; x_wconf 83' lang='lat' dir='ltr'>quam</span> <span class='ocrx_word' id='word_1_422' title='bbox 1986 1137 2111 1167; x_wconf 83' lang='lat' dir='ltr'>obtinet</span> <span class='ocrx_word' id='word_1_423' title='bbox 2139 1139 2169 1167; x_wconf 89' lang='lat' dir='ltr'>et</span> <span class='ocrx_word' id='word_1_424' title='bbox 2196 1145 2298 1176; x_wconf 84' lang='lat' dir='ltr'>quam</span> 
     </span>
     <span class='ocr_line' id='line_1_63' title="bbox 1283 1189 2297 1229; baseline 0.002 -11"><span class='ocrx_word' id='word_1_425' title='bbox 1283 1198 1325 1219; x_wconf 81' lang='lat' dir='ltr'>ex</span> <span class='ocrx_word' id='word_1_426' title='bbox 1341 1191 1420 1219; x_wconf 87' lang='lat' dir='ltr'>tunc</span> <span class='ocrx_word' id='word_1_427' title='bbox 1434 1197 1553 1219; x_wconf 87' lang='lat' dir='ltr'>vacare</span> <span class='ocrx_word' id='word_1_428' title='bbox 1571 1189 1796 1226; x_wconf 86' lang='lat' dir='ltr'>decernimus,</span> <span class='ocrx_word' id='word_1_429' title='bbox 1819 1190 1956 1220; x_wconf 90' lang='lat' dir='ltr'>omnino</span> <span class='ocrx_word' id='word_1_430' title='bbox 1976 1190 2123 1220; x_wconf 85' lang='lat' dir='ltr'>dimittat</span> <span class='ocrx_word' id='word_1_431' title='bbox 2147 1192 2177 1220; x_wconf 88' lang='lat' dir='ltr'>et</span> <span class='ocrx_word' id='word_1_432' title='bbox 2196 1190 2297 1229; x_wconf 86' lang='lat' dir='ltr'>quod,</span> 
     </span>
     <span class='ocr_line' id='line_1_64' title="bbox 1283 1242 2298 1282; baseline 0.003 -11"><span class='ocrx_word' id='word_1_433' title='bbox 1283 1243 1383 1281; x_wconf 88' lang='lat' dir='ltr'>prout</span> <span class='ocrx_word' id='word_1_434' title='bbox 1395 1250 1480 1272; x_wconf 91' lang='lat' dir='ltr'>onus</span> <span class='ocrx_word' id='word_1_435' title='bbox 1494 1242 1662 1281; x_wconf 86' lang='lat' dir='ltr'>prebende</span> <span class='ocrx_word' id='word_1_436' title='bbox 1678 1242 1828 1281; x_wconf 86' lang='lat' dir='ltr'>predicte</span> <span class='ocrx_word' id='word_1_437' title='bbox 1842 1243 1995 1282; x_wconf 85' lang='lat' dir='ltr'>requirit,</span> <span class='ocrx_word' id='word_1_438' title='bbox 2011 1243 2236 1281; x_wconf 82' lang='lat' dir='ltr'>personaliter</span> <span class='ocrx_word' id='word_1_439' title='bbox 2246 1252 2298 1274; x_wconf 90' lang='lat' dir='ltr'>re-</span> 
     </span>
     <span class='ocr_line' id='line_1_65' title="bbox 1284 1295 2297 1336; baseline 0.002 -11"><span class='ocrx_word' id='word_1_440' title='bbox 1284 1296 1392 1325; x_wconf 87' lang='lat' dir='ltr'>sideat</span> <span class='ocrx_word' id='word_1_441' title='bbox 1404 1295 1437 1325; x_wconf 92' lang='lat' dir='ltr'>in</span> <span class='ocrx_word' id='word_1_442' title='bbox 1449 1295 1592 1326; x_wconf 90' lang='lat' dir='ltr'>ecclesia</span> <span class='ocrx_word' id='word_1_443' title='bbox 1605 1296 1810 1334; x_wconf 87' lang='lat' dir='ltr'>supradicta.</span> <span class='ocrx_word' id='word_1_444' title='bbox 1828 1296 1992 1335; x_wconf 87' lang='lat' dir='ltr'>Alioquin</span> <span class='ocrx_word' id='word_1_445' title='bbox 2013 1313 2061 1326; x_wconf 90' lang='lat'>——.</span> <span class='ocrx_word' id='word_1_446' title='bbox 2082 1297 2199 1333; x_wconf 86' lang='lat' dir='ltr'>Porro,</span> <span class='ocrx_word' id='word_1_447' title='bbox 2217 1297 2297 1336; x_wconf 88' lang='lat' dir='ltr'>quia</span> 
     </span>
     <span class='ocr_line' id='line_1_66' title="bbox 1283 1348 2296 1388; baseline 0.002 -10"><span class='ocrx_word' id='word_1_448' title='bbox 1283 1357 1349 1378; x_wconf 90' lang='lat' dir='ltr'>non</span> <span class='ocrx_word' id='word_1_449' title='bbox 1368 1350 1420 1379; x_wconf 86' lang='lat' dir='ltr'>est</span> <span class='ocrx_word' id='word_1_450' title='bbox 1441 1348 1628 1379; x_wconf 83' lang='lat' dir='ltr'>verisimile</span> <span class='ocrx_word' id='word_1_451' title='bbox 1653 1349 1742 1388; x_wconf 89' lang='lat' dir='ltr'>quod</span> <span class='ocrx_word' id='word_1_452' title='bbox 1763 1349 1840 1388; x_wconf 88' lang='lat' dir='ltr'>quis</span> <span class='ocrx_word' id='word_1_453' title='bbox 1858 1349 2061 1380; x_wconf 83' lang='lat' dir='ltr'>beneficium</span> <span class='ocrx_word' id='word_1_454' title='bbox 2081 1349 2120 1379; x_wconf 88' lang='lat' dir='ltr'>de</span> <span class='ocrx_word' id='word_1_455' title='bbox 2146 1358 2212 1388; x_wconf 88' lang='lat' dir='ltr'>quo</span> <span class='ocrx_word' id='word_1_456' title='bbox 2230 1350 2296 1380; x_wconf 86' lang='lat' dir='ltr'>vite</span> 
     </span>
     <span class='ocr_line' id='line_1_67' title="bbox 1283 1401 2296 1442; baseline 0.001 -10"><span class='ocrx_word' id='word_1_457' title='bbox 1283 1401 1437 1432; x_wconf 88' lang='lat' dir='ltr'>subsidia</span> <span class='ocrx_word' id='word_1_458' title='bbox 1447 1402 1602 1441; x_wconf 85' lang='lat' dir='ltr'>percipit,</span> <span class='ocrx_word' id='word_1_459' title='bbox 1613 1402 1686 1432; x_wconf 89' lang='lat' dir='ltr'>sine</span> <span class='ocrx_word' id='word_1_460' title='bbox 1696 1411 1817 1441; x_wconf 87' lang='lat' dir='ltr'>magna</span> <span class='ocrx_word' id='word_1_461' title='bbox 1828 1411 1928 1433; x_wconf 88' lang='lat' dir='ltr'>causa</span> <span class='ocrx_word' id='word_1_462' title='bbox 1937 1411 1998 1432; x_wconf 89' lang='lat' dir='ltr'>sua</span> <span class='ocrx_word' id='word_1_463' title='bbox 2007 1405 2126 1441; x_wconf 88' lang='lat' dir='ltr'>sponte</span> <span class='ocrx_word' id='word_1_464' title='bbox 2137 1403 2296 1442; x_wconf 83' lang='lat' dir='ltr'>resignet,</span> 
     </span>
     <span class='ocr_line' id='line_1_68' title="bbox 1284 1456 2298 1495; baseline 0.001 -10"><span class='ocrx_word' id='word_1_465' title='bbox 1284 1456 1421 1486; x_wconf 89' lang='lat' dir='ltr'>omnino</span> <span class='ocrx_word' id='word_1_466' title='bbox 1448 1456 1627 1494; x_wconf 79' lang='lat' dir='ltr'>provideas</span> <span class='ocrx_word' id='word_1_467' title='bbox 1643 1464 1683 1486; x_wconf 85' lang='lat' dir='ltr'>ne</span> <span class='ocrx_word' id='word_1_468' title='bbox 1701 1464 1803 1495; x_wconf 87' lang='lat' dir='ltr'>super</span> <span class='ocrx_word' id='word_1_469' title='bbox 1825 1456 1886 1486; x_wconf 90' lang='lat' dir='ltr'>hoc</span> <span class='ocrx_word' id='word_1_470' title='bbox 1911 1465 1952 1486; x_wconf 78' lang='lat' dir='ltr'>ex</span> <span class='ocrx_word' id='word_1_471' title='bbox 1976 1458 2069 1494; x_wconf 87' lang='lat' dir='ltr'>parte</span> <span class='ocrx_word' id='word_1_472' title='bbox 2093 1457 2298 1495; x_wconf 82' lang='lat' dir='ltr'>resignantis</span> 
     </span>
     <span class='ocr_line' id='line_1_69' title="bbox 1282 1509 2298 1549; baseline 0.002 -11"><span class='ocrx_word' id='word_1_473' title='bbox 1282 1509 1335 1539; x_wconf 77' lang='lat' dir='ltr'>vel</span> <span class='ocrx_word' id='word_1_474' title='bbox 1353 1509 1463 1548; x_wconf 89' lang='lat' dir='ltr'>ipsius</span> <span class='ocrx_word' id='word_1_475' title='bbox 1479 1509 1611 1539; x_wconf 85' lang='lat' dir='ltr'>Nicolai</span> <span class='ocrx_word' id='word_1_476' title='bbox 1633 1511 1689 1539; x_wconf 90' lang='lat' dir='ltr'>aut</span> <span class='ocrx_word' id='word_1_477' title='bbox 1712 1509 1798 1539; x_wconf 85' lang='lat' dir='ltr'>alias</span> <span class='ocrx_word' id='word_1_478' title='bbox 1817 1509 2069 1548; x_wconf 83' lang='lat' dir='ltr'>quomodolibet</span> <span class='ocrx_word' id='word_1_479' title='bbox 2093 1510 2207 1549; x_wconf 87' lang='lat' dir='ltr'>aliqua</span> <span class='ocrx_word' id='word_1_480' title='bbox 2223 1518 2298 1548; x_wconf 88' lang='lat' dir='ltr'>pra-</span> 
     </span>
     <span class='ocr_line' id='line_1_70' title="bbox 1282 1562 2298 1601; baseline 0.002 -10"><span class='ocrx_word' id='word_1_481' title='bbox 1282 1563 1370 1592; x_wconf 81' lang='lat' dir='ltr'>vitas</span> <span class='ocrx_word' id='word_1_482' title='bbox 1384 1563 1580 1593; x_wconf 84' lang='lat' dir='ltr'>intercedat.</span> <span class='ocrx_word' id='word_1_483' title='bbox 1598 1563 1723 1593; x_wconf 85' lang='lat' dir='ltr'>Datum</span> <span class='ocrx_word' id='word_1_484' title='bbox 1739 1563 1828 1601; x_wconf 84' lang='lat' dir='ltr'>apud</span> <span class='ocrx_word' id='word_1_485' title='bbox 1842 1562 2131 1597; x_wconf 67' lang='lat' dir='ltr'>L’rbemveterem,</span> <span class='ocrx_word' id='word_1_486' title='bbox 2150 1572 2171 1593; x_wconf 78' lang='lat' dir='ltr'>x</span> <span class='ocrx_word' id='word_1_487' title='bbox 2185 1563 2298 1594; x_wconf 88' lang='lat' dir='ltr'>kalen-</span> 
     </span>
     <span class='ocr_line' id='line_1_71' title="bbox 1283 1616 1754 1651; baseline -0.002 -6"><span class='ocrx_word' id='word_1_488' title='bbox 1283 1616 1343 1646; x_wconf 87' lang='lat' dir='ltr'>das</span> <span class='ocrx_word' id='word_1_489' title='bbox 1362 1616 1487 1651; x_wconf 85' lang='lat' dir='ltr'>martii,</span> <span class='ocrx_word' id='word_1_490' title='bbox 1506 1624 1593 1646; x_wconf 88' lang='lat' dir='ltr'>anno</span> <span class='ocrx_word' id='word_1_491' title='bbox 1609 1616 1720 1646; x_wconf 86' lang='lat' dir='ltr'>tertio.</span> <span class='ocrx_word' id='word_1_492' title='bbox 1740 1626 1754 1645; x_wconf 66' lang='grc' dir='ltr'><strong>υ</strong></span> 
     </span>
    </p>
   </div>
   <div class='ocr_carea' id='block_1_11' title="bbox 1859 1791 2226 1818">
    <p class='ocr_par' dir='ltr' id='par_1_11' title="bbox 1859 1791 2226 1818">
     <span class='ocr_line' id='line_1_72' title="bbox 1859 1791 2226 1818; baseline 0.005 -2"><span class='ocrx_word' id='word_1_493' title='bbox 1859 1791 1982 1818; x_wconf 79' lang='lat' dir='ltr'>Orvieto.</span> <span class='ocrx_word' id='word_1_494' title='bbox 2000 1792 2034 1818; x_wconf 73' lang='lat'>20</span> <span class='ocrx_word' id='word_1_495' title='bbox 2054 1799 2133 1817; x_wconf 87' lang='lat' dir='ltr'>mars</span> <span class='ocrx_word' id='word_1_496' title='bbox 2151 1791 2226 1818; x_wconf 72' lang='lat'>1264.</span> 
     </span>
    </p>
   </div>
   <div class='ocr_carea' id='block_1_12' title="bbox 1374 1792 1469 1823">
    <p class='ocr_par' dir='ltr' id='par_1_12' title="bbox 1374 1792 1469 1823">
     <span class='ocr_line' id='line_1_73' title="bbox 1374 1792 1469 1823; baseline 0 0"><span class='ocrx_word' id='word_1_497' title='bbox 1374 1792 1469 1823; x_wconf 66' lang='lat'>1457</span> 
     </span>
    </p>
   </div>
   <div class='ocr_carea' id='block_1_13' title="bbox 1283 1875 2299 2054">
    <p class='ocr_par' dir='ltr' id='par_1_13' title="bbox 1283 1875 2299 2054">
     <span class='ocr_line' id='line_1_74' title="bbox 1319 1875 2299 1911; baseline 0.003 -10"><span class='ocrx_word' id='word_1_498' title='bbox 1319 1875 1513 1909; x_wconf 80' lang='lat' dir='ltr'>infrascriptis</span> <span class='ocrx_word' id='word_1_499' title='bbox 1531 1877 1649 1902; x_wconf 78' lang='lat' dir='ltr'>mandat</span> <span class='ocrx_word' id='word_1_500' title='bbox 1668 1879 1695 1902; x_wconf 91' lang='lat' dir='ltr'>ut</span> <span class='ocrx_word' id='word_1_501' title='bbox 1709 1875 1890 1908; x_wconf 79' lang='lat' dir='ltr'>Michaelem,</span> <span class='ocrx_word' id='word_1_502' title='bbox 1908 1876 2191 1911; x_wconf 68' lang='lat' dir='ltr'>archipresbyterum</span> <span class='ocrx_word' id='word_1_503' title='bbox 2206 1877 2299 1904; x_wconf 69' lang='lat' dir='ltr'>Ande·</span> 
     </span>
     <span class='ocr_line' id='line_1_75' title="bbox 1283 1924 2298 1960; baseline 0.002 -10"><span class='ocrx_word' id='word_1_504' title='bbox 1283 1932 1451 1958; x_wconf 79' lang='lat' dir='ltr'>gavensem,</span> <span class='ocrx_word' id='word_1_505' title='bbox 1463 1924 1490 1950; x_wconf 93' lang='lat' dir='ltr'>in</span> <span class='ocrx_word' id='word_1_506' title='bbox 1504 1925 1704 1959; x_wconf 63' lang='lat' dir='ltr'>Andegavensi</span> <span class='ocrx_word' id='word_1_507' title='bbox 1718 1925 1838 1952; x_wconf 81' lang='lat' dir='ltr'>ecclesia</span> <span class='ocrx_word' id='word_1_508' title='bbox 1854 1925 1881 1951; x_wconf 90' lang='lat' dir='ltr'>in</span> <span class='ocrx_word' id='word_1_509' title='bbox 1895 1925 2067 1952; x_wconf 79' lang='lat' dir='ltr'>canonicum</span> <span class='ocrx_word' id='word_1_510' title='bbox 2081 1925 2169 1960; x_wconf 75' lang='lat' dir='ltr'>recipi</span> <span class='ocrx_word' id='word_1_511' title='bbox 2179 1925 2298 1957; x_wconf 78' lang='lat' dir='ltr'>saciant,</span> 
     </span>
     <span class='ocr_line' id='line_1_76' title="bbox 1283 1974 2297 2008; baseline 0.001 -9"><span class='ocrx_word' id='word_1_512' title='bbox 1283 1981 1347 2000; x_wconf 87' lang='lat' dir='ltr'>cum</span> <span class='ocrx_word' id='word_1_513' title='bbox 1375 1980 1495 1999; x_wconf 85' lang='lat' dir='ltr'>assensu</span> <span class='ocrx_word' id='word_1_514' title='bbox 1526 1974 1741 2007; x_wconf 68' lang='lat' dir='ltr'>And-egarensis</span> <span class='ocrx_word' id='word_1_515' title='bbox 1770 1974 1906 2008; x_wconf 88' lang='lat' dir='ltr'>episcopi.</span> <span class='ocrx_word' id='word_1_516' title='bbox 1933 1974 2011 2007; x_wconf 71' lang='lat' dir='ltr'>(Rae.</span> <span class='ocrx_word' id='word_1_517' title='bbox 2045 1974 2090 2007; x_wconf 75' lang='lat'>29,</span> <span class='ocrx_word' id='word_1_518' title='bbox 2113 1974 2164 2001; x_wconf 85' lang='lat' dir='ltr'>sol.</span> <span class='ocrx_word' id='word_1_519' title='bbox 2190 1975 2239 2002; x_wconf 84' lang='lat'>135</span> <span class='ocrx_word' id='word_1_520' title='bbox 2259 1980 2297 2006; x_wconf 56' lang='grc' dir='ltr'>ν’,</span> 
     </span>
     <span class='ocr_line' id='line_1_77' title="bbox 1283 2021 1408 2054; baseline 0.008 -7"><span class='ocrx_word' id='word_1_521' title='bbox 1283 2026 1312 2047; x_wconf 61' lang='grc'>110</span> <span class='ocrx_word' id='word_1_522' title='bbox 1331 2021 1408 2054; x_wconf 73' lang='lat'>507.)</span> 
     </span>
    </p>
   </div>
   <div class='ocr_carea' id='block_1_14' title="bbox 1282 2126 2299 2327">
    <p class='ocr_par' dir='ltr' id='par_1_14' title="bbox 1282 2126 2299 2327">
     <span class='ocr_line' id='line_1_78' title="bbox 1323 2126 2299 2168; baseline 0.003 -12"><span class='ocrx_word' id='word_1_523' title='bbox 1323 2138 1339 2157; x_wconf 88' lang='lat'>«</span> <span class='ocrx_word' id='word_1_524' title='bbox 1359 2151 1364 2155; x_wconf 97' lang='lat'>.</span> <span class='ocrx_word' id='word_1_525' title='bbox 1380 2150 1385 2155; x_wconf 97' lang='lat'>.</span> <span class='ocrx_word' id='word_1_526' title='bbox 1399 2126 1434 2156; x_wconf 84' lang='lat' dir='ltr'>de</span> <span class='ocrx_word' id='word_1_527' title='bbox 1447 2127 1674 2166; x_wconf 47' lang='lat' dir='ltr'>Bcllabw=atiiicn</span> <span class='ocrx_word' id='word_1_528' title='bbox 1697 2127 1902 2157; x_wconf 73' lang='lat' dir='ltr'>Cisterciensis</span> <span class='ocrx_word' id='word_1_529' title='bbox 1920 2133 1946 2157; x_wconf 80' lang='lat' dir='ltr'>e!</span> <span class='ocrx_word' id='word_1_530' title='bbox 1974 2127 2189 2168; x_wconf 63' lang='lat' dir='ltr'>Villelnlaensis</span> <span class='ocrx_word' id='word_1_531' title='bbox 2202 2139 2227 2158; x_wconf 81' lang='lat' dir='ltr'>s.</span> <span class='ocrx_word' id='word_1_532' title='bbox 2243 2128 2299 2159; x_wconf 83' lang='lat' dir='ltr'>Be-</span> 
     </span>
     <span class='ocr_line' id='line_1_79' title="bbox 1285 2179 2298 2217; baseline 0.002 -8"><span class='ocrx_word' id='word_1_533' title='bbox 1285 2179 1396 2209; x_wconf 53' lang='lat' dir='ltr'>aedit—ti</span> <span class='ocrx_word' id='word_1_534' title='bbox 1421 2180 1564 2210; x_wconf 77' lang='lat' dir='ltr'>ordinum</span> <span class='ocrx_word' id='word_1_535' title='bbox 1594 2180 1762 2217; x_wconf 70' lang='lat' dir='ltr'>abbatibus,</span> <span class='ocrx_word' id='word_1_536' title='bbox 1797 2181 2033 2211; x_wconf 77' lang='lat' dir='ltr'>Cenomanensis</span> <span class='ocrx_word' id='word_1_537' title='bbox 2052 2187 2078 2211; x_wconf 85' lang='lat' dir='ltr'>el</span> <span class='ocrx_word' id='word_1_538' title='bbox 2115 2181 2298 2211; x_wconf 72' lang='lat' dir='ltr'>Turonensis</span> 
     </span>
     <span class='ocr_line' id='line_1_80' title="bbox 1283 2233 2296 2274; baseline 0.003 -11"><span class='ocrx_word' id='word_1_539' title='bbox 1283 2233 1444 2264; x_wconf 79' lang='lat' dir='ltr'>diocesum.</span> <span class='ocrx_word' id='word_1_540' title='bbox 1463 2234 1617 2264; x_wconf 87' lang='lat' dir='ltr'>Dilectus</span> <span class='ocrx_word' id='word_1_541' title='bbox 1638 2234 1730 2264; x_wconf 87' lang='lat' dir='ltr'>lilius</span> <span class='ocrx_word' id='word_1_542' title='bbox 1751 2234 1893 2265; x_wconf 89' lang='lat' dir='ltr'>Michael</span> <span class='ocrx_word' id='word_1_543' title='bbox 1911 2252 1960 2263; x_wconf 93' lang='lat'>—.</span> <span class='ocrx_word' id='word_1_544' title='bbox 1979 2235 2104 2265; x_wconf 84' lang='lat' dir='ltr'>Datum</span> <span class='ocrx_word' id='word_1_545' title='bbox 2128 2235 2217 2274; x_wconf 89' lang='lat' dir='ltr'>apud</span> <span class='ocrx_word' id='word_1_546' title='bbox 2235 2235 2296 2266; x_wconf 75' lang='lat' dir='ltr'>L&#39;r-</span> 
     </span>
     <span class='ocr_line' id='line_1_81' title="bbox 1282 2287 2196 2327; baseline 0 -10"><span class='ocrx_word' id='word_1_547' title='bbox 1282 2287 1523 2323; x_wconf 78' lang='lat' dir='ltr'>bemveterem,</span> <span class='ocrx_word' id='word_1_548' title='bbox 1543 2296 1586 2316; x_wconf 82' lang='lat' dir='ltr'>vn</span> <span class='ocrx_word' id='word_1_549' title='bbox 1612 2287 1774 2318; x_wconf 82' lang='lat' dir='ltr'>kalendas</span> <span class='ocrx_word' id='word_1_550' title='bbox 1792 2287 1924 2327; x_wconf 77' lang='lat' dir='ltr'>aprilis,</span> <span class='ocrx_word' id='word_1_551' title='bbox 1944 2296 2031 2318; x_wconf 89' lang='lat' dir='ltr'>anno</span> <span class='ocrx_word' id='word_1_552' title='bbox 2048 2288 2160 2319; x_wconf 88' lang='lat' dir='ltr'>tertio.</span> <span class='ocrx_word' id='word_1_553' title='bbox 2181 2298 2196 2318; x_wconf 89' lang='lat' dir='ltr'>n</span> 
     </span>
    </p>
   </div>
   <div class='ocr_carea' id='block_1_15' title="bbox 1871 2455 2226 2486">
    <p class='ocr_par' dir='ltr' id='par_1_15' title="bbox 1871 2455 2226 2486">
     <span class='ocr_line' id='line_1_82' title="bbox 1871 2455 2226 2486; baseline 0.003 -4"><span class='ocrx_word' id='word_1_554' title='bbox 1871 2455 1996 2486; x_wconf 76' lang='lat' dir='ltr'>Orviet0‚</span> <span class='ocrx_word' id='word_1_555' title='bbox 2012 2455 2046 2482; x_wconf 75' lang='lat'>23</span> <span class='ocrx_word' id='word_1_556' title='bbox 2061 2463 2139 2482; x_wconf 83' lang='lat' dir='ltr'>murs</span> <span class='ocrx_word' id='word_1_557' title='bbox 2159 2455 2226 2483; x_wconf 59' lang='lat'>1254</span> 
     </span>
    </p>
   </div>
   <div class='ocr_carea' id='block_1_16' title="bbox 1374 2456 1470 2488">
    <p class='ocr_par' dir='ltr' id='par_1_16' title="bbox 1374 2456 1470 2488">
     <span class='ocr_line' id='line_1_83' title="bbox 1374 2456 1470 2488; baseline 0 -1"><span class='ocrx_word' id='word_1_558' title='bbox 1374 2457 1389 2487; x_wconf 79' lang='lat'><strong>1</strong></span> <span class='ocrx_word' id='word_1_559' title='bbox 1398 2456 1470 2488; x_wconf 75' lang='lat'>458</span> 
     </span>
    </p>
   </div>
   <div class='ocr_carea' id='block_1_17' title="bbox 1283 2539 2297 2768">
    <p class='ocr_par' dir='ltr' id='par_1_17' title="bbox 1283 2539 2297 2768">
     <span class='ocr_line' id='line_1_84' title="bbox 1318 2539 2295 2575; baseline 0 -8"><span class='ocrx_word' id='word_1_560' title='bbox 1318 2541 1389 2567; x_wconf 90' lang='lat' dir='ltr'>Cum</span> <span class='ocrx_word' id='word_1_561' title='bbox 1414 2541 1529 2567; x_wconf 81' lang='lat' dir='ltr'>Simone</span> <span class='ocrx_word' id='word_1_562' title='bbox 1558 2540 1592 2566; x_wconf 86' lang='lat' dir='ltr'>dc</span> <span class='ocrx_word' id='word_1_563' title='bbox 1614 2540 1723 2566; x_wconf 72' lang='lat' dir='ltr'>l&#39;erona</span> <span class='ocrx_word' id='word_1_564' title='bbox 1748 2540 1927 2574; x_wconf 69' lang='lat' dir='ltr'>presbytero,</span> <span class='ocrx_word' id='word_1_565' title='bbox 1947 2539 2098 2574; x_wconf 79' lang='lat' dir='ltr'>capellano</span> <span class='ocrx_word' id='word_1_566' title='bbox 2126 2539 2295 2575; x_wconf 78' lang='lat' dir='ltr'>apostolico,</span> 
     </span>
     <span class='ocr_line' id='line_1_85' title="bbox 1283 2587 2297 2622; baseline 0 -8"><span class='ocrx_word' id='word_1_567' title='bbox 1283 2587 1422 2614; x_wconf 84' lang='lat' dir='ltr'>ecclcsiae</span> <span class='ocrx_word' id='word_1_568' title='bbox 1436 2597 1459 2614; x_wconf 86' lang='lat' dir='ltr'>s.</span> <span class='ocrx_word' id='word_1_569' title='bbox 1478 2587 1645 2622; x_wconf 80' lang='lat' dir='ltr'>Leodcgarii</span> <span class='ocrx_word' id='word_1_570' title='bbox 1663 2587 1690 2614; x_wconf 90' lang='lat' dir='ltr'>in</span> <span class='ocrx_word' id='word_1_571' title='bbox 1707 2587 1827 2614; x_wconf 78' lang='lat' dir='ltr'>ecclesia</span> <span class='ocrx_word' id='word_1_572' title='bbox 1842 2587 1868 2613; x_wconf 89' lang='lat' dir='ltr'>b.</span> <span class='ocrx_word' id='word_1_573' title='bbox 1881 2587 1980 2614; x_wconf 85' lang='lat' dir='ltr'>Fursei</span> <span class='ocrx_word' id='word_1_574' title='bbox 1996 2587 2180 2617; x_wconf 67' lang='lat' dir='ltr'>Perononsis,</span> <span class='ocrx_word' id='word_1_575' title='bbox 2193 2587 2297 2615; x_wconf 75' lang='lat' dir='ltr'>Novio-</span> 
     </span>
     <span class='ocr_line' id='line_1_86' title="bbox 1283 2636 2297 2672; baseline 0 -9"><span class='ocrx_word' id='word_1_576' title='bbox 1283 2636 1392 2663; x_wconf 78' lang='lat' dir='ltr'>mensis</span> <span class='ocrx_word' id='word_1_577' title='bbox 1403 2636 1538 2667; x_wconf 74' lang='lat' dir='ltr'>diocesis,</span> <span class='ocrx_word' id='word_1_578' title='bbox 1548 2636 1696 2663; x_wconf 80' lang='lat' dir='ltr'>canonico.</span> <span class='ocrx_word' id='word_1_579' title='bbox 1707 2636 1855 2671; x_wconf 77' lang='lat' dir='ltr'>dispensat</span> <span class='ocrx_word' id='word_1_580' title='bbox 1868 2639 1908 2667; x_wconf 81' lang='lat' dir='ltr'>ut,</span> <span class='ocrx_word' id='word_1_581' title='bbox 1923 2644 1979 2663; x_wconf 84' lang='lat' dir='ltr'>non</span> <span class='ocrx_word' id='word_1_582' title='bbox 1988 2637 2120 2663; x_wconf 79' lang='lat' dir='ltr'>obstante</span> <span class='ocrx_word' id='word_1_583' title='bbox 2128 2636 2297 2672; x_wconf 76' lang='lat' dir='ltr'>juramento</span> 
     </span>
     <span class='ocr_line' id='line_1_87' title="bbox 1283 2684 2297 2719; baseline 0.001 -8"><span class='ocrx_word' id='word_1_584' title='bbox 1283 2685 1432 2718; x_wconf 75' lang='lat' dir='ltr'>praestito,</span> <span class='ocrx_word' id='word_1_585' title='bbox 1451 2685 1479 2712; x_wconf 87' lang='lat' dir='ltr'>in</span> <span class='ocrx_word' id='word_1_586' title='bbox 1495 2686 1595 2712; x_wconf 81' lang='lat' dir='ltr'>eadem</span> <span class='ocrx_word' id='word_1_587' title='bbox 1616 2685 1749 2713; x_wconf 79' lang='lat' dir='ltr'>ccclesia.</span> <span class='ocrx_word' id='word_1_588' title='bbox 1767 2684 1964 2719; x_wconf 77' lang='lat' dir='ltr'>apostolorum</span> <span class='ocrx_word' id='word_1_589' title='bbox 1977 2685 2080 2712; x_wconf 75' lang='lat' dir='ltr'>limina</span> <span class='ocrx_word' id='word_1_590' title='bbox 2092 2685 2224 2719; x_wconf 76' lang='lat' dir='ltr'>visitans,</span> <span class='ocrx_word' id='word_1_591' title='bbox 2240 2684 2297 2712; x_wconf 89' lang='grc'>1111-</span> 
     </span>
     <span class='ocr_line' id='line_1_88' title="bbox 1283 2733 2070 2768; baseline 0.004 -9"><span class='ocrx_word' id='word_1_592' title='bbox 1283 2733 1361 2760; x_wconf 83' lang='lat' dir='ltr'>nime</span> <span class='ocrx_word' id='word_1_593' title='bbox 1380 2734 1507 2761; x_wconf 85' lang='lat' dir='ltr'>residcrc</span> <span class='ocrx_word' id='word_1_594' title='bbox 1524 2734 1627 2762; x_wconf 75' lang='lat' dir='ltr'>valcat.</span> <span class='ocrx_word' id='word_1_595' title='bbox 1642 2734 1721 2768; x_wconf 50' lang='lat' dir='ltr'>(lieu.</span> <span class='ocrx_word' id='word_1_596' title='bbox 1737 2735 1780 2761; x_wconf 65' lang='lat'>2⁴).</span> <span class='ocrx_word' id='word_1_597' title='bbox 1803 2733 1853 2761; x_wconf 79' lang='lat' dir='ltr'>fol.</span> <span class='ocrx_word' id='word_1_598' title='bbox 1876 2734 1934 2761; x_wconf 73' lang='lat'>136.</span> <span class='ocrx_word' id='word_1_599' title='bbox 1954 2739 1982 2760; x_wconf 66' lang='grc' dir='ltr'>11ο</span> <span class='ocrx_word' id='word_1_600' title='bbox 1995 2735 2070 2764; x_wconf 70' lang='grc'>508.)</span> 
     </span>
    </p>
   </div>
   <div class='ocr_carea' id='block_1_18' title="bbox 1282 2839 2297 2933">
    <p class='ocr_par' dir='ltr' id='par_1_18' title="bbox 1282 2839 2297 2933">
     <span class='ocr_line' id='line_1_89' title="bbox 1324 2839 2297 2880; baseline 0 -10"><span class='ocrx_word' id='word_1_601' title='bbox 1324 2850 1339 2870; x_wconf 88' lang='lat'>«</span> <span class='ocrx_word' id='word_1_602' title='bbox 1352 2839 1483 2880; x_wconf 76' lang='lat' dir='ltr'>Symoni</span> <span class='ocrx_word' id='word_1_603' title='bbox 1494 2839 1530 2869; x_wconf 78' lang='lat' dir='ltr'>de</span> <span class='ocrx_word' id='word_1_604' title='bbox 1546 2840 1666 2870; x_wconf 76' lang='lat' dir='ltr'>Perona</span> <span class='ocrx_word' id='word_1_605' title='bbox 1676 2839 1859 2880; x_wconf 73' lang='lat' dir='ltr'>presbitero,</span> <span class='ocrx_word' id='word_1_606' title='bbox 1872 2839 2032 2880; x_wconf 79' lang='lat' dir='ltr'>capellano</span> <span class='ocrx_word' id='word_1_607' title='bbox 2045 2844 2160 2875; x_wconf 74' lang='lat' dir='ltr'>nostro,</span> <span class='ocrx_word' id='word_1_608' title='bbox 2176 2839 2297 2870; x_wconf 73' lang='lat' dir='ltr'>ecclesie</span> 
     </span>
     <span class='ocr_line' id='line_1_90' title="bbox 1282 2892 2297 2933; baseline 0 -11"><span class='ocrx_word' id='word_1_609' title='bbox 1282 2902 1306 2922; x_wconf 88' lang='lat' dir='ltr'>s.</span> <span class='ocrx_word' id='word_1_610' title='bbox 1322 2892 1504 2933; x_wconf 75' lang='lat' dir='ltr'>Lcodeqarii</span> <span class='ocrx_word' id='word_1_611' title='bbox 1526 2893 1554 2922; x_wconf 79' lang='lat' dir='ltr'>in</span> <span class='ocrx_word' id='word_1_612' title='bbox 1571 2892 1694 2923; x_wconf 73' lang='lat' dir='ltr'>ecclesia</span> <span class='ocrx_word' id='word_1_613' title='bbox 1707 2892 1733 2922; x_wconf 71' lang='lat' dir='ltr'>b,</span> <span class='ocrx_word' id='word_1_614' title='bbox 1753 2892 1783 2922; x_wconf 90' lang='lat' dir='ltr'><em>F</em></span> <span class='ocrx_word' id='word_1_615' title='bbox 1782 2892 1862 2923; x_wconf 81' lang='lat' dir='ltr'>ursei</span> <span class='ocrx_word' id='word_1_616' title='bbox 1879 2892 2067 2926; x_wconf 72' lang='lat' dir='ltr'>Peronensis,</span> <span class='ocrx_word' id='word_1_617' title='bbox 2086 2892 2297 2922; x_wconf 70' lang='lat' dir='ltr'>Norionzensis</span> 
     </span>
    </p>
   </div>
  </div>
 </body>
</html>
