2519 3262
1019 270 1045 300 T
1048 262 1258 300 ROISIEME
1288 262 1450 300 ANNEE.
2241 275 2278 304 »29

196 367 211 386 1)
234 357 359 387 tionem
383 357 415 386 et
434 355 695 386 declarationem
721 354 760 384 de
782 354 849 384 alia
865 355 1050 384 memorata
1069 362 1132 392 que
1152 362 1204 383 va—

197 420 211 439 11
232 410 320 440 cavit
350 418 409 449 per
432 410 575 439 mortem
602 408 745 447 predicti
772 407 894 437 Fbaldi
921 407 950 437 si
972 406 1071 437 habet
1094 406 1208 445 potius

198 473 213 493 11
228 464 285 502 1115
302 463 336 493 111
364 472 412 499 03,
436 464 467 492 01
484 461 718 501 prenominato
739 460 974 491 archidiacono
997 462 1027 490 et
1048 459 1114 498 ipsi
1132 468 1207 498 pro·
1236 481 1237 487 ,

197 526 211 545 11
232 516 379 547 curatori
404 525 463 554 pro
481 524 519 545 eo
541 515 741 553 perpetuum
761 513 889 551 imponi
910 512 1085 542 silentium
1105 521 1207 551 super

195 580 209 599 11
230 570 288 599 1113
319 578 382 608 que
414 569 522 599 eidem
550 568 589 598 G.
617 566 718 597 fuerit
741 575 800 605 per
825 568 972 596 vestram
1002 566 1204 596 sententiam

194 633 208 651 11
227 623 429 661 adjudicata,
460 622 490 651 01
511 620 571 650 hec
599 619 683 658 petit
708 627 783 649 cum
807 619 965 657 dampnis
992 620 1023 648 et
1045 619 1205 657 expensis

196 686 211 704 11
228 675 404 715 legitimis,
436 682 500 712 11110
527 673 669 703 extimat
695 673 829 702 centurn
856 671 962 701 libras
993 672 1201 708 senensium,

194 739 209 757 ))
231 729 324 759 salvo
341 728 415 766 jure
431 725 574 756 addendi
595 725 649 755 vel
670 724 859 761 minuendi,
875 726 936 755 etc.
958 735 971 753 »1

231 792 245 811 «
265 781 339 812 Lite
356 780 458 819 igitur
475 779 562 809 inter
578 778 747 817 predictos
763 777 952 808 Guidonein
967 780 998 808 et
1014 778 1203 808 Gerardum

189 836 443 874 procuratorem
469 841 571 870 super
601 831 762 870 predictis
791 831 920 862 libellis
950 831 1100 870 legitime
1127 840 1203 862 con-

189 887 527 926 testata‚juramento
549 886 590 915 de
610 885 751 915 veritate
764 885 905 914 dicenda
920 884 996 915 hinc
1015 885 1092 915 inde
1110 893 1202 923 pres-

189 941 263 978 tito,
294 940 392 970 sactis
409 938 637 978 positionibus
655 940 687 968 et
709 938 901 968 subsecutis
919 938 1202 977 responsionibus

188 995 229 1025 ad
244 995 392 1030 easdem,
412 996 442 1024 et
460 994 548 1024 datis
565 993 605 1023 ab
625 994 767 1032 utraque
786 995 881 1032 parte
905 993 1059 1023 articulis
1076 995 1107 1023 et
1126 1002 1201 1032 pro-

186 1048 296 1078 ductis
324 1047 562 1077 instrumentis
581 1048 612 1077 et
637 1046 774 1083 litteris,
800 1055 873 1082 1105,
894 1046 968 1076 visa
986 1046 1199 1077 ordinatione

186 1101 337 1140 predicta
363 1109 422 1139 per
440 1100 631 1139 predictum
653 1099 828 1129 dominum
856 1099 1062 1129 cardinalem
1086 1098 1201 1130 habita

185 1155 274 1185 inter
292 1154 462 1193 predictos
481 1153 755 1183 archidiaconum
774 1155 804 1183 et
822 1152 1024 1189 Guidonem‚
1045 1161 1082 1183 ac
1100 1162 1199 1192 quos·

185 1208 263 1238 dam
281 1208 367 1238 alios
391 1207 570 1237 canonicos
594 1206 808 1242 Mantuanos,
835 1205 920 1235 visis
944 1206 1046 1236 etiam
1063 1205 1199 1245 juribus

186 1261 364 1300 utriusque
380 1260 499 1299 partis,
517 1261 549 1290 et
564 1259 690 1290 auditis
709 1258 971 1298 allegationibus
988 1262 1021 1289 et
1040 1259 1198 1290 omnibus

184 1323 248 1354 que
267 1316 381 1353 partes
409 1313 558 1352 predicte
587 1313 627 1343 de
651 1313 727 1351 jure
746 1316 776 1343 et
799 1312 838 1343 de
862 1312 948 1342 facto
969 1321 1081 1342 coram
1100 1312 1197 1343 nobis

182 1376 370 1407 proponere
398 1368 429 1397 et
456 1366 566 1396 dicere
592 1366 784 1402 voluerunt,
809 1374 845 1396 ac
868 1366 1026 1395 concluso
1045 1367 1076 1395 in
1096 1375 1198 1396 causa

183 1421 222 1451 de
246 1421 395 1460 partium
422 1419 607 1454 voluntate,
635 1419 817 1458 habitaque
833 1419 933 1458 plena
950 1419 1195 1450 deliberatione

181 1473 359 1504 nobiscum
378 1475 410 1503 et
428 1473 570 1503 consilio
591 1472 810 1511 sapientium,
827 1472 963 1502 obtenta
982 1472 1085 1502 etiarn
1104 1481 1121 1502 a
1139 1473 1195 1503 do-

181 1527 273 1557 mino
286 1535 372 1565 papa
384 1526 523 1556 licentia
536 1526 575 1556 de
592 1525 787 1565 hujusmodi
804 1526 971 1555 sententia
981 1525 1193 1563 proferenda,

181 1580 431 1611 sententialiter
460 1581 492 1610 et
516 1579 549 1609 in
576 1579 714 1618 scriptis
742 1579 1002 1617 pronuntiamus
1028 1579 1194 1618 prefatam

180 1633 387 1672 prebendam
413 1641 477 1671 que
506 1633 540 1663 in
558 1632 628 1671 jam
655 1632 743 1662 dicta
762 1632 945 1662 Mantuana
970 1632 1113 1662 ecclesia
1136 1641 1195 1671 per

180 1689 324 1717 mortem
342 1686 423 1716 dicti
450 1686 575 1716 Azouis
597 1685 740 1719 vacavit,
760 1685 801 1715 ad
817 1685 1004 1724 predictum
1028 1684 1193 1715 t'bertum

180 1739 453 1769 archidiaconum
473 1739 624 1777 spectare
641 1738 679 1768 de
695 1738 782 1776 jure,
802 1739 832 1767 et
850 1746 923 1768 eam
941 1747 1015 1767 cum
1035 1738 1193 1768 omnibus

179 1793 253 1822 suis
268 1792 403 1832 juribus
416 1792 648 1831 adjudicamus
662 1791 784 1827 eidem,
794 1791 923 1829 prefato
933 1791 1078 1822 Guidoni
1092 1800 1193 1830 super

178 1854 217 1876 ea
246 1847 447 1884 perpetuum
475 1844 650 1874 silentium
683 1844 897 1882 imponendo.
926 1844 1192 1875 Pronuntiamus

177 1899 279 1929 etiam
301 1898 546 1928 sententialiter
570 1899 601 1927 et
620 1897 654 1926 in
683 1897 819 1935 scriptis
844 1897 1029 1935 predictam
1054 1897 1193 1935 preben-

177 1951 265 1985 dam,
288 1959 352 1990 que
370 1951 404 1980 in
423 1951 594 1989 sepedicta
615 1950 798 1980 Mantuana
809 1949 952 1980 ecclesia
969 1959 1028 1988 per
1049 1952 1192 1980 mortem

176 2003 300 2035 Ubaldi
318 2004 357 2034 de
377 2003 516 2042 Ripalta
533 2003 674 2036 vacavit,
693 2003 733 2033 ad
756 2003 924 2042 prefatum
945 2003 1134 2034 Guidonem
1152 2004 1192 2034 de

172 2057 247 2097 jure
267 2059 430 2096 spectare,
451 2058 483 2087 et
505 2065 580 2087 eam
601 2055 666 2086 sibi
686 2056 920 2095 adjudicamus
937 2065 1012 2086 cum
1033 2057 1191 2087 omnibus

172 2110 308 2150 juribus
327 2112 357 2140 et
375 2109 592 2148 pertinentiis
612 2109 695 2145 51115,
710 2109 861 2148 1110111010
880 2109 1006 2140 Uberto
1027 2110 1191 2140 archidia-

175 2172 257 2194 cono
277 2164 490 2202 imponentes
508 2164 709 2201 perpetuum
728 2162 903 2192 silentium
921 2171 1024 2201 super
1041 2172 1088 2193 ea.
1105 2164 1190 2194 Lata

174 2218 206 2248 et
232 2217 370 2248 recitata
397 2216 459 2247 fuit
478 2216 537 2246 hec
563 2216 731 2246 sententia
755 2216 842 2254 apud
861 2216 1139 2247 Urbemveterem
1156 2218 1190 2248 in

173 2279 306 2301 camera
334 2272 461 2306 nostra,
485 2269 701 2308 presentibus
732 2269 876 2299 testibus
906 2270 948 2299 ad
973 2269 1033 2299 hoc
1060 2271 1189 2301 vocatis

171 2323 427 2354 venerabilibus
439 2322 595 2361 patribus
604 2323 769 2358 Johanne,
783 2322 1036 2362 archiepiscopo
1054 2324 1188 2354 Sancte-

174 2377 347 2411 Severine,
375 2376 548 2407 Theodino
581 2376 748 2407 Suanensi
777 2377 809 2406 et
841 2375 995 2406 Geraudo
1027 2377 1188 2408 Firmano

173 2430 355 2469 episcopis,
391 2429 591 2468 presbytero
627 2429 766 2459 Alberto
804 2429 941 2460 custode
978 2429 1070 2460 chori
1109 2431 1187 2460 Par-

173 2482 315 2519 mensis,
335 2485 365 2513 et
388 2482 566 2513 Albertino
585 2483 745 2513 canonico
767 2483 806 2512 de
824 2482 1010 2518 PontirolO,
1030 2483 1188 2514 Mediola-

173 2535 291 2565 nensis
314 2535 472 2569 diocesis,
493 2544 529 2565 ac
555 2535 696 2574 prefatis
721 2535 869 2566 Guidone
893 2536 933 2566 de
959 2537 1047 2566 Zena
1071 2538 1103 2567 et
1125 2537 1187 2568 Ge-

172 2588 283 2624 rai-do,
314 2590 530 2626 procuratore
564 2588 644 2618 dicti
677 2588 915 2619 archidiaconi.
946 2589 984 2619 In
1013 2590 1109 2629 cujus
1138 2590 1187 2620 rei

172 2641 405 2672 testimonium
424 2643 456 2672 et
474 2641 621 2672 futuram
634 2641 833 2672 memoriam
844 2642 1102 2681 premissorum,
1113 2651 1187 2681 pre-

173 2696 304 2724 sentem
332 2694 644 2733 pronuntiationem
669 2697 821 2724 nostram
846 2703 905 2733 per
928 2695 1186 2735 infrascriptum

172 2747 393 2778 tabellionem
412 2748 566 2777 nostrum
585 2747 688 2777 scribi
708 2750 739 2778 et
756 2747 923 2786 publicari
948 2749 1185 2779 mandavimus

172 2801 204 2830 et
223 2800 327 2839 sigilli
345 2800 454 2830 nostri
473 2800 679 2839 appensione
698 2801 836 2835 muniri,
859 2801 921 2831 sub
940 2811 1027 2832 anno
1047 2803 1184 2833 Domini

169 2853 425 2889 M⁰CC⁰LXHI⁰,
442 2853 495 2884 die
506 2853 588 2883 XIII
603 2855 747 2884 exeunte
759 2854 894 2891 martio,
908 2855 1091 2886 indictione
1107 2856 1182 2890 VII,

169 2907 386 2945 pontificatus
421 2907 549 2937 domini
583 2906 711 2937 Urbani
745 2907 810 2937 IlII
846 2916 932 2938 anno
966 2909 1078 2938 tertio.
1112 2909 1182 2948 Ego

168 2958 266 2990 Paris
282 2960 322 2990 de
339 2960 487 2999 Spoleto‚
500 2960 651 2990 notarius
664 2959 1022 2999 publicus,p1·01ationi
1033 2962 1182 3000 predicte

1270 353 1436 383 sententie
1455 352 1594 383 interfui
1619 355 1649 383 et
1672 353 1830 383 mandato
1856 354 1995 392 predicti
2017 355 2144 385 domini
2170 357 2276 387 cardi-

1269 406 1368 439 nalis,
1399 408 1434 436 ut
1459 414 1561 444 supra
1583 406 1659 445 legi,
1689 407 1822 444 scripsi,
1839 407 2006 444 publicavi
2031 410 2061 438 et
2088 417 2161 438 meo
2180 410 2275 448 signo

1268 461 1428 489 consueto
1445 459 1588 498 signavi.
1611 470 1625 487 »

1306 512 1401 542 Nulli
1420 521 1497 551 ergo
1521 514 1634 542 nostre
1659 512 1937 549 confirmationis,
1960 515 2021 543 etc.
2049 514 2171 544 Datum
2189 516 2277 553 apud

1267 564 1555 601 Urbeniveteiem,
1577 574 1613 595 111
1632 574 1738 595 nonas
1756 565 1886 604 aprilis,
1906 574 1991 596 anno
2011 567 2122 596 tertio.
2148 578 2161 594 »1

1864 725 1987 756 orvieto,
2003 726 2019 752 3
2035 725 2106 751 avril
2126 725 2202 752 1204.

1358 724 1453 756 1029

1299 806 1438 841 Episcopo
1450 807 1626 835 Ferrariensi
1644 807 1840 835 executionem
1857 809 2021 843 praedictae
2038 808 2196 836 committit
2211 818 2275 837 sen-

1262 855 1381 882 tentiae.
1401 856 1479 890 (Rae.
1497 858 1541 887 29,
1558 856 1606 883 fol.
1625 856 1659 885 38
1672 862 1708 888 νο,
1727 862 1757 883 n⁰
1774 858 1830 888 78.)

1303 976 1317 993 11
1342 965 1499 1005 Episcopo
1521 965 1725 996 Ferrariensi.
1747 966 1912 1004 Exposuit
1937 966 2035 996 nobis
2050 966 2194 996 dilectus
2220 983 2271 997 -.

1261 1019 1386 1049 Datum
1412 1019 1500 1057 apud
1526 1018 1813 1054 Urbemveterem,
1846 1028 1881 1049 111
1911 1028 2016 1049 nonas
2033 1019 2164 1058 aprilis,
2186 1028 2273 1050 anno

1261 1072 1373 1103 tertio.
1394 1082 1409 1100 1)

1856 1239 1980 1270 Orvieto,
1998 1242 2013 1268 9
2030 1240 2101 1267 avril
2120 1241 2199 1268 1264.

1352 1240 1450 1272 1030

1296 1324 1379 1350 Petro
1393 1323 1534 1351 Dominici
1554 1324 1588 1351 de
1606 1323 1724 1358 Vayello
1742 1324 1902 1358 portionem
1923 1324 1950 1350 in
1969 1324 2091 1351 ecclesia
2109 1324 2269 1351 Palentina.

1259 1381 1275 1399 a
1291 1373 1432 1408 magistro
1448 1374 1584 1403 Navarro,
1597 1381 1750 1399 causarum
1768 1372 1867 1407 palatii
1881 1373 2031 1407 apostolici
2048 1373 2175 1407 generali
2193 1373 2272 1400 andi—

1257 1424 1329 1452 tore,
1347 1422 1552 1458 adjudicatam.
1570 1421 1731 1448 confirmat.
1750 1422 1829 1456 (nm.
1850 1422 1895 1455 29,
1915 1421 1964 1448 fol.
1979 1422 2013 1449 38
2031 1427 2068 1449 v0.
2083 1427 2112 1448 11ο
2131 1422 2188 1455 79.)

1298 1537 1312 1556 (1
1334 1526 1426 1556 Petro
1445 1525 1598 1556 Dominici
1615 1525 1650 1556 cle
1673 1525 1804 1566 Vayello,
1820 1526 2012 1565 portionario
2023 1525 2141 1555 ecclesie
2160 1525 2269 1555 Palen-

1258 1579 1330 1610 tine.
1349 1580 1396 1609 Ea
1412 1588 1475 1618 que
1491 1579 1630 1618 judicio,
1657 1581 1731 1615 etc.,
1757 1587 1864 1617 usque
1883 1579 2145 1609 communimus.
2166 1578 2268 1609 Exhi-

1255 1632 1326 1662 bita
1343 1632 1511 1671 siquidem
1534 1632 1631 1662 nobis
1649 1634 1706 1661 tua
1727 1632 1845 1670 petitio
1864 1631 2055 1662 continebat
2074 1633 2172 1670 1111011,
2191 1641 2267 1662 011111

1255 1694 1356 1715 031153
1368 1694 1431 1724 que
1444 1686 1532 1715 inter
1545 1687 1576 1715 te
1587 1687 1617 1715 et
1630 1685 1838 1716 Antoninum
1853 1685 1984 1719 Garsie,
2000 1685 2158 1715 clericum
2175 1685 2267 1715 chori

1255 1739 1395 1769 ecclesie
1426 1738 1613 1774 Palentine,
1638 1747 1739 1777 super
1768 1738 1919 1776 portione
1949 1747 2011 1776 11110
2042 1747 2101 1776 per
2125 1737 2266 1768 liberam

1254 1792 1516 1831 resignationem
1534 1791 1667 1822 Alt'onsi
1694 1791 1846 1827 Ordonii,
1873 1791 2043 1830 quondam
2067 1791 2265 1829 portionarii

1253 1845 1404 1883 ejusdem
1418 1845 1569 1879 ecclesie,
1585 1845 1714 1874 vacavit
1728 1844 1865 1879 ibidem,
1879 1846 1951 1874 orta
1963 1844 2087 1877 extitit,
2100 1844 2140 1874 ad
2151 1844 2266 1874 sedem

1254 1898 1475 1936 apostolicam
1490 1907 1550 1936 per
1564 1897 1828 1936 appellationem
1846 1897 1995 1934 legitime
2014 1897 2172 1926 devoluta
2185 1897 2267 1926 fuis-

1254 1952 1315 1986 set,
1334 1951 1470 1980 tandem
1486 1952 1517 1980 te
1533 1952 1565 1980 et
1580 1950 1729 1989 predicto
1745 1950 1915 1979 Antonino
1930 1958 2041 1979 coram
2055 1949 2176 1979 dilecto
2195 1949 2265 1979 tilio

1253 2004 1416 2043 magistro
1435 2004 1598 2039 Navarro,
1619 2003 1793 2041 capellano
1812 2004 1938 2038 nostro,
1954 2011 2131 2032 causarum
2149 2003 2268 2041 palatii

1253 2057 1359 2087 nostri
1378 2056 1526 2096 generali
1545 2057 1710 2092 auditore,
1725 2065 1784 2094 pro
1802 2056 1918 2086 eadem
1929 2065 2029 2085 causa
2047 2056 2135 2094 apud
2153 2056 2267 2086 sedem

1252 2110 1487 2149 prosequenda
1505 2110 1700 2148 predictam,
1715 2109 2000 2148 comparentibus,
2014 2109 2102 2138 idem
2121 2109 2266 2146 auditor,

1252 2163 1396 2202 cognitis
1423 2163 1532 2201 ipsius
1555 2171 1654 2192 cause
1681 2162 1813 2192 meritis
1840 2164 1871 2191 et
1896 2162 1984 2201 juris
2016 2161 2132 2191 ordine
2156 2161 2268 2191 obser·

1252 2218 1340 2252 vato,
1360 2216 1545 2255 perItorum
1562 2215 1705 2246 consilio
1725 2216 1755 2245 et
1774 2215 1873 2254 plena
1891 2215 2134 2245 deliberatione
2150 2223 2265 2244 secum

1251 2270 1387 2305 habitis,
1411 2270 1534 2300 dictam
1550 2269 1740 2308 portionem
1757 2269 1797 2298 ad
1816 2271 1847 2299 te
1867 2270 2018 2307 spectare
2039 2268 2078 2297 de
2098 2268 2172 2307 jure
2196 2277 2267 2298 5011-

1249 2323 1436 2353 tentialiter
1456 2322 1650 2355 declaravit,
1673 2322 1850 2360 ipsamque
1870 2330 1944 2351 cum
1963 2320 2098 2360 juribus
2115 2323 2145 2351 et
2164 2321 2265 2359 perti-

1250 2376 1375 2406 nentiis
1399 2376 1471 2406 suis
1496 2384 1554 2414 per
1579 2375 1795 2405 diffinitivam
1822 2374 2024 2404 sententiam
2051 2373 2112 2403 tibi
2138 2374 2266 2412 adjudi-

1250 2438 1340 2466 cans,
1370 2429 1497 2459 dictum
1524 2428 1735 2459 Antoninum
1765 2436 1823 2466 per
1851 2427 1990 2457 eandem
2020 2427 2222 2456 sententiam
2248 2436 2266 2457 a

1248 2483 1400 2521 portione
1431 2483 1557 2512 amovit
1581 2483 1711 2518 eadem,
1742 2481 1807 2511 sibi
1840 2490 1941 2520 super
1970 2481 2044 2519 ipsa
2064 2483 2264 2519 perpetuum

1249 2536 1424 2566 silentium
1455 2535 1671 2574 imponendo,
1699 2537 1797 2574 prout
1817 2535 1850 2564 in
1877 2534 2012 2573 publico
2038 2534 2263 2564 instrumento

1248 2589 1398 2620 confecto
1425 2589 1558 2624 exinde,
1588 2588 1736 2627 sigillato
1769 2587 1882 2627 sigillo
1904 2587 2091 2626 cappellani
2108 2586 2263 2625 predicti,

1248 2643 1383 2682 plenius
1403 2643 1604 2673 continetur.
1623 2642 1694 2672 Nos
1722 2641 1847 2680 itaque,
1866 2641 1936 2671 tuis
1957 2639 2264 2679 supplicationibus

1248 2696 1413 2731 inclinati,
1425 2696 1627 2726 sententiam
1641 2697 1672 2726 et
1682 2695 1946 2725 declarationem
1958 2694 2163 2733 hujusmodi,
2175 2694 2262 2723 sicut

1246 2750 1385 2789 provide
1402 2749 1468 2780 late
1486 2751 1575 2786 sunt,
1595 2751 1686 2779 ratas
1704 2750 1736 2778 et
1754 2748 1869 2778 firmas
1886 2747 2059 2782 habentes,
2077 2756 2133 2778 eas
2149 2748 2262 2777 aucto-

1246 2803 1345 2833 ritate
1377 2802 1563 2841 apostolica
1591 2801 1843 2835 confirmamus,
1871 2802 1946 2836 etc.‚
1979 2809 2086 2839 usque
2112 2808 2259 2830 commu-

1247 2857 1374 2886 nimus.

1285 2910 1451 2940 Tenorem
1480 2911 1591 2939 autem
1626 2908 1734 2947 ipsius
1764 2907 1982 2937 instrumenti
2014 2906 2054 2935 de
2084 2905 2184 2935 verbo
2218 2905 2259 2935 ad

1245 2962 1386 2992 verbum
1404 2961 1619 3001 presentibus
1648 2961 1791 2991 fecimus
1808 2959 1973 2995 annotari,
1997 2959 2053 2998 qui
2071 2959 2149 2988 talis
2174 2961 2221 2988 est
2246 2968 2252 2987 :
