2519 3262
1087 197 1327 235 TROISIEME
1356 197 1519 234 ANNEE.

261 289 419 324 provideat,
445 289 478 314 ad
496 287 681 315 collationem
699 288 811 315 abbatis
839 290 866 314 ct
883 290 1040 314 conventus
1056 286 1224 314 monasterii
1240 287 1273 313 de

261 338 410 365 Abcrdonc
429 340 588 371 spectante.
608 338 687 372 (nm.
703 338 748 371 29,
765 337 814 364 fol.
832 338 865 364 88
882 343 919 371 νῦ,
938 340 971 362 n‘·
985 337 1061 368 232.)

301 455 315 473 ι(
335 469 358 475 ..
380 446 521 485 episcopo
544 445 777 475 Saresbiriensi.
806 443 1020 475 Constitutus
1044 443 1077 471 in
1105 441 1277 480 presentia

262 516 308 528 —.
326 499 449 528 Datum
463 499 549 536 apud
569 497 858 530 Urbemveterem,
870 506 887 526 x
901 495 1064 526 kalendas
1074 494 1273 530 decembris,

261 559 349 580 anno
368 551 478 581 tertio.
500 561 514 579 n

353 741 369 770 1
381 740 450 770 13ss
766 737 891 768 Orvicto,
906 736 939 763 31
955 735 1108 762 decembre
1126 736 1201 763 1263.

296 823 333 848 De
350 822 437 849 certis
463 821 543 848 bonis
562 820 740 855 Arcliangelo
757 819 903 847 Thomasii
927 820 1061 854 Raynucii
1083 819 1274 847 conferendis.

261 871 342 905 tltssc.
363 872 407 901 297.
425 870 474 897 fol.
493 870 537 902 89,
556 874 586 896 n⁰
601 870 676 904 235.)

298 987 313 1005 «
337 1000 362 1007 ..
382 977 534 1016 episcopo,
557 982 583 1005 et
601 975 718 1006 dilectis
733 975 808 1015 filiis
827 975 965 1015 capitulo
984 975 1132 1005 Reatinis.
1153 975 1277 1005 Volen-
1306 979 1308 988 '

261 1031 312 1060 tes
330 1038 371 1060 ex
393 1037 431 1060 eo
449 1029 571 1059 dilecto
590 1029 660 1060 filio
679 1029 891 1068 Archangelo
909 1028 1084 1059 Thomasii
1105 1028 1275 1067 Raynucii

256 1082 427 1122 quondam
452 1081 609 1121 magistri
638 1082 803 1112 Palmerii
833 1081 969 1113 Reatini
997 1082 1141 1120 gratiam
1164 1081 1274 1112 facere

258 1136 453 1174 specialem,
465 1136 544 1174 qnia
554 1135 695 1165 ecclesie
709 1135 860 1165 Romane
875 1135 990 1165 fidelia
1001 1136 1033 1165 et
1045 1135 1165 1166 devota
1181 1134 1275 1165 obse-

261 1189 341 1227 quia
362 1188 486 1218 dicitur
509 1188 730 1227 impendisse,
754 1188 1017 1227 inquisitoribus
1038 1188 1184 1218 heretice
1202 1197 1277 1227 pra—

259 1242 377 1272 vitatis
405 1242 631 1280 obsequiosus
662 1242 826 1278 existens,
852 1242 1070 1272 universitati
1089 1243 1201 1272 vestre
1218 1250 1277 1280 per

259 1295 447 1333 apostolica
475 1295 600 1333 scripta
630 1295 831 1325 mandamus
854 1295 1014 1334 quatinus
1038 1295 1078 1325 de
1094 1294 1192 1325 bonis
1211 1304 1275 1333 que

259 1348 396 1378 fuerunt
413 1348 524 1387 ipsius
544 1348 697 1387 magistri
720 1348 894 1381 Palmerii,
911 1349 939 1378 si
955 1357 1021 1387 qua
1039 1348 1185 1379 inveniri
1202 1357 1276 1387 pos-

261 1402 351 1435 sunt,
378 1401 487 1431 eidem
515 1401 725 1440 Archangelo
757 1410 863 1440 usque
889 1402 931 1431 ad
961 1410 1130 1432 summam
1155 1401 1274 1440 viginti

259 1453 424 1484 librarum
462 1463 603 1493 proven.
639 1455 838 1485 auctoritate
876 1456 993 1485 nostra
1027 1455 1209 1485 concedere
1243 1456 1275 1485 et

260 1506 435 1545 assignare
463 1507 599 1537 curetis.
620 1507 891 1538 Contradictores
920 1509 1032 1538 autem
1047 1507 1076 1537 si
1096 1508 1153 1546 qui
1174 1516 1274 1546 super

258 1559 318 1590 hoc
332 1559 457 1590 fuerint
470 1561 517 1591 tu,
537 1560 818 1599 t'raterepiscope‚
834 1569 1080 1599 percensuram
1099 1561 1275 1590 ecclesias-
1302 1564 1303 1570 ¹

256 1613 369 1649 ticam,
389 1613 615 1652 appellatione
642 1615 782 1648 remota,
802 1622 1010 1652 compescas.
1035 1614 1159 1644 Datum
1185 1614 1273 1652 apud

258 1665 546 1702 Urbemveterem,
569 1677 589 1695 11
605 1666 768 1697 kalendas
784 1667 943 1705 januarii,
963 1676 1049 1697 anno
1067 1667 1176 1697 tertio.
1197 1677 1211 1696 »

761 1851 886 1878 Orvieto.
901 1853 935 1879 2⁴»
954 1853 1105 1879 decembre
1125 1853 1202 1879 1263.

352 1853 448 1883 1187

294 1935 514 1970 Archicpiscopo
541 1936 719 1963 Narbonensi
747 1936 932 1963 collationem
963 1936 1122 1963 committit
1142 1936 1273 1964 beneficii

257 1985 331 2019 quod
352 1984 475 2011 Statorio
492 1985 524 2011 (Ic
545 1986 636 2011 Anuri
660 1985 687 2011 in
705 1984 827 2012 ccclesia
852 1985 1014 2020 Urgellensi
1035 1988 1163 2012 vocatur.
1192 1986 1272 2015 (Rue.

257 2034 301 2066 29,
319 2033 368 2060 sol.
384 2034 428 2061 89.
445 2037 476 2060 n0
492 2034 569 2065 236.)

298 2150 311 2167 «
337 2161 360 2168 ..
381 2137 614 2178 archiepiscopo
634 2137 837 2169 Narbonensi.
864 2138 948 2169 Cum
969 2139 1056 2168 sicut
1079 2138 1272 2177 accepimus

257 2208 304 2221 —-—.
331 2192 456 2221 Datum
476 2191 564 2230 apud
584 2190 874 2228 Urbemveterem,
894 2201 953 2221 xni
976 2191 1140 2222 Kalendas
1155 2191 1271 2230 janua-

257 2244 310 2279 rii,
329 2253 414 2274 anno
433 2245 543 2275 tertio.
567 2255 581 2273 υ

349 2431 446 2462 1188
762 2430 886 2461 Orvieto,
902 2431 935 2458 to
948 2430 1101 2457 decembre
1122 2431 1199 2458 1263.

294 2513 432 2548 Episcopo
454 2513 660 2548 Corisopitensi
682 2514 814 2541 concedit
837 2514 1006 2542 facultatem
1025 2514 1182 2549 recipiendi
1198 2514 1272 2541 Guil-

257 2561 387 2594 lelmum,
400 2562 510 2589 dictum
526 2563 684 2594 Henricum,
699 2563 727 2589 in
743 2562 865 2590 ccclesia
883 2563 1090 2598 Corisopitensi
1107 2563 1136 2590 in
1155 2563 1273 2591 canoni-

257 2618 322 2638 cum
339 2613 367 2638 et
382 2611 410 2638 in
428 2610 548 2638 fratrcn.
565 2611 643 2646 (Rsc.
656 2611 702 2646 29,
720 2611 768 2638 fol.
786 2611 820 2639 89
836 2617 874 2644 νο,
893 2616 926 2638 n⁰
945 2613 1020 2648 237.)

299 2726 313 2743 (ι
332 2715 512 2755 ..episcopo
532 2714 760 2755 Corisopitensi.
781 2715 846 2746 Per
861 2717 938 2746 tuas
964 2715 1062 2746 nobis
1077 2734 1125 2746 —.
1146 2716 1272 2747 Datum

259 2769 347 2807 apud
373 2768 662 2806 Urbemveterem,
688 2778 736 2798 1111
764 2769 840 2799 idus
865 2768 1065 2806 decembris,
1097 2778 1182 2800 anno
1208 2771 1270 2801 ter-

260 2822 318 2852 tio.
337 2832 352 2851 »

2291 217 2348 246 139

1428 288 1524 318 1189

1901 290 1992 317 Orvict
1999 301 2026 325 o,
2041 293 2057 319 5
2065 292 2177 326 janvier
2201 295 2274 323 1203.

1372 361 1548 397 llayrnundo,
1574 362 1650 389 dicto
1668 363 1835 394 Guascelfflo,
1855 366 2057 393 ‹arronicatum
2080 367 2108 394 in
2125 369 2245 396 ccclesia
2262 371 2350 399 Sista-

1337 409 1440 435 riccnsi
1452 409 1487 435 ab
1503 410 1634 444 ilenrico,
1647 412 1780 446 episcopo
1794 413 1928 441 ostiensi.
1946 414 2083 441 collatum
2094 417 2348 446 vonfirmattnm.

1336 458 1380 488 29,
1399 458 1447 484 sol.
1466 459 1500 485 89
1518 464 1555 491 νῦ,
1572 465 1601 485 n⁰
1618 461 1694 492 223⁸.)

1377 565 1393 584 «
1405 555 1596 595 Raymnndo,
1606 556 1685 586 dicto
1694 558 1849 588 t‘iuasceli
1858 568 1909 591 no,
1921 559 1956 589 de
1968 560 2195 600 Folquczlcczrz'o7
2206 564 2351 592 canonico

1337 608 1546 638 sistaricensi.
1565 610 1635 645 Que
1664 611 1703 640 de
1726 612 1816 641 sedis
1835 613 2020 650 apostolice
2036 631 2083 643 —-.
2106 614 2192 645 Sane
2215 624 2351 646 venera-

1306 688 1307 697 ,
1338 660 1417 690 bilis
1445 662 1546 692 frater
1573 664 1687 693 noster
1712 664 1767 698 H.‚
1782 664 1952 695 Ostiensis
1972 668 2004 696 et
2020 667 2246 698 Velletrensis
2264 669 2351 707 epis-

1338 722 1454 752 copus,
1472 716 1706 746 canonicatum
1726 717 1759 746 in
1777 718 1919 748 ecclesia
1939 719 2157 750 Sistaricensi
2177 723 2351 752 vacantem

1307 791 1308 797 ,
1338 775 1397 804 per
1417 769 1559 797 mortem
1576 769 1745 807 quondam
1762 770 1854 800 Petri
1874 772 2018 808 arnulfi,
2039 773 2190 811 ejusdem
2211 774 2351 805 ecclesie

1338 820 1501 857 canonici,
1513 821 1678 859 capellani
1694 823 1758 858 sui,
1771 824 1827 861 qui
1843 832 1949 862 nuper
1963 826 2051 864 apud
2068 826 2251 857 Cornetum
2262 828 2351 858 viam

1307 908 1308 914 ἵ
1338 873 1402 903 fuit
1430 874 1586 904 universe
1611 875 1722 905 carnis
1748 876 1933 915 ingressus,
1960 887 1997 908 ac
2020 878 2225 917 prebendam
2251 889 2352 919 quam

1338 926 1426 956 idem
1444 927 1566 956 Petrus
1590 927 1623 957 in
1643 928 1731 958 dicta
1752 930 1894 959 ecclesia
1913 930 1952 960 de
1969 931 2044 969 juro
2059 933 2232 971 percipere
2247 935 2279 963 ct
2296 934 2351 964 ha-

1336 978 1416 1009 bere
1434 979 1588 1016 debebat,
1601 989 1675 1010 cum
1693 981 1904 1020 plenitudine
1918 983 2006 1022 juris
2025 985 2188 1021 canonici,
2209 987 2351 1017 auctori-

1338 1033 1403 1062 tate
1421 1034 1537 1063 nostra
1561 1033 1627 1063 sibi
1649 1042 1668 1064 a
1690 1034 1788 1065 nobis
1803 1044 1904 1074 super
1928 1036 1989 1066 hoc
2006 1038 2141 1068 oraculo
2165 1038 2241 1069 vive
2260 1040 2352 1070 vocis

1337 1085 1532 1122 commissa,
1562 1086 1622 1116 tibi
1650 1088 1792 1118 contulit
1817 1090 1847 1119 et
1872 1089 1911 1119 de
1934 1089 2019 1128 ipsis
2042 1091 2200 1129 providit,
2225 1101 2353 1123 necnon

1337 1139 1561 1169 Bertrandum
1579 1140 1619 1170 de
1642 1141 1874 1178 Charentesio,
1898 1144 2096 1174 canonicum
2116 1145 2257 1175 ecclesie
2276 1146 2353 1176 Fol-

1337 1192 1623 1230 qualquariensis,
1649 1195 1705 1224 tuo
1734 1195 1881 1231 nomine,
1907 1196 1946 1226 de
1972 1196 2043 1226 illis
2064 1205 2123 1235 per
2150 1206 2249 1227 suum
2273 1207 2350 1228 anu-

1336 1245 1407 1275 lum
1423 1245 1609 1283 investivit,
1625 1247 1808 1277 decernens
1827 1249 1961 1278 irritum
1984 1251 2015 1280 et
2030 1251 2130 1280 inane
2148 1251 2176 1280 si
2196 1259 2293 1281 secus
2311 1252 2351 1282 de

1336 1298 1436 1328 dictis
1451 1300 1650 1330 canonicatu
1666 1302 1698 1330 et
1716 1301 1884 1339 prebenda
1905 1303 2135 1342 qu'uscunque
2153 1304 2350 1335 auctoritate

1336 1360 1354 1381 a
1368 1360 1537 1391 quoquam
1553 1353 1761 1392 contingeret
1779 1356 1984 1393 attemptari,
1995 1357 2095 1393 prout
2108 1356 2142 1386 in
2154 1357 2348 1395 patentibus

1335 1404 1459 1435 litteris
1477 1406 1588 1444 ipsius
1605 1407 1754 1445 episcopi
1770 1408 1938 1438 Ostiensis
1960 1409 2122 1439 consectis
2138 1410 2258 1440 exinde
2272 1419 2347 1440 suo-

1335 1467 1398 1496 que
1425 1458 1537 1497 sigillo
1565 1460 1717 1495 munitis,
1738 1460 1872 1498 plenius
1902 1462 2102 1492 continetur.
2129 1463 2199 1492 Nos
2220 1463 2344 1502 itaque,

1335 1511 1402 1540 tuis
1432 1512 1739 1550 supplicationibus
1764 1513 1928 1550 inclinati,
1947 1515 2035 1553 quod
2063 1515 2104 1545 ab
2127 1516 2244 1546 eodem
2260 1518 2346 1555 epis-

1335 1572 1415 1601 copo
1434 1573 1535 1602 super
1552 1565 1731 1603 premissis
1748 1566 1870 1596 factum
1886 1568 1947 1603 est,
1964 1570 2074 1597 ratuni
2090 1569 2122 1597 et
2139 1568 2273 1598 firmum
2290 1568 2345 1598 ha-

1333 1616 1462 1651 bentes,
1489 1618 1522 1647 id
1541 1619 1740 1648 auctoritate
1758 1620 1943 1658 apostolica
1962 1621 2202 1651 continuamus
2223 1624 2255 1652 et
2275 1631 2345 1661 pre-

1334 1671 1440 1700 sentis
1458 1671 1575 1709 scripti
1593 1672 1781 1710 patrocinio
1798 1674 2059 1704 communimus.

1374 1724 1539 1754 Tenorem
1572 1726 1684 1755 autem
1710 1725 1902 1755 litterarum
1933 1726 2085 1765 ipsarum
2109 1728 2148 1757 de
2177 1729 2278 1758 verbo
2306 1729 2346 1758 ad

1334 1776 1475 1806 verbum
1493 1777 1709 1815 presentibus
1727 1778 1869 1808 fecimus
1889 1780 2055 1815 annotari,
2073 1780 2130 1818 qui
2148 1781 2225 1810 talis
2244 1784 2293 1811 est
2314 1793 2318 1810 :

1375 1840 1389 1858 t<
1411 1828 1570 1866 Hemicus,
1592 1830 1784 1860 misci-atione
1809 1831 1915 1860 divina
1942 1832 2084 1862 Ostiensis
2104 1839 2130 1862 ct
2157 1833 2347 1863 I'ellctrense‘.s'

1334 1883 1504 1922 episcopus,
1524 1882 1634 1912 dilecto
1652 1884 1682 1912 in
1699 1884 1820 1914 Christo
1835 1884 1901 1923 filio
1916 1885 2097 1925 llaymumlo
2119 1886 2297 1916 Guascaelino
2313 1887 2348 1917 de

1334 1935 1588 1975 Folqualquario,
1615 1936 1723 1966 clerieo
1752 1937 1964 1967 Sislaricense's
1991 1939 2128 1974 diocesis,
2161 1939 2287 1969 salutem
2316 1941 2346 1970 in

1335 1988 1475 2018 Domino.
1494 1990 1717 2020 Attendentes
1735 1993 1828 2029 grata
1845 1991 2009 2030 obsequia
2027 2001 2090 2031 que
2109 1993 2277 2023 discretus
2296 1994 2346 2024 vir

1301 2038 1303 2045 '
1333 2042 1496 2072 isnardus
1508 2042 1547 2072 de
1561 2043 1627 2073 Cha
1635 2044 1793 2077 rentesio,
1808 2045 1989 2074 canonicus
2003 2045 2186 2084 Aquensis,
2203 2047 2347 2085 capella-

1334 2104 1397 2125 nus
1413 2098 1537 2131 noster,
1551 2096 1738 2126 avunculus
1755 2099 1844 2129 tuus.
1859 2098 1957 2137 longo
1971 2098 2068 2128 nobis
2087 2100 2250 2138 impendit
2265 2102 2347 2130 tein-

1334 2157 1414 2187 pore
1425 2156 1461 2178 ac
1478 2157 1536 2186 per
1553 2148 1615 2179 hoc
1633 2149 1666 2178 in
1681 2158 1825 2187 persona
1837 2153 1895 2180 tua
1910 2150 2062 2181 volentes
2078 2151 2186 2182 eidem
2202 2153 2345 2190 gratiam

1335 2202 1443 2231 facere
1471 2201 1664 2239 specialem,
1691 2204 1865 2232 vacantem
1889 2205 2121 2234 canonicatum
2146 2204 2179 2233 in
2203 2205 2345 2235 ecclesia

1333 2254 1549 2285 Sistaricensi
1569 2263 1628 2293 per
1648 2258 1789 2285 mortem
1807 2256 1898 2286 Petri
1915 2256 2059 2293 Arnulfi,
2079 2257 2229 2295 ejiisdem
2245 2258 2346 2288 eccle-

1334 2307 1382 2337 sie
1393 2307 1556 2344 canonici,
1569 2308 1734 2346 capellani
1746 2309 1864 2343 nostri,
1875 2318 1950 2339 cuni
1963 2309 2132 2347 prebenda
2143 2320 2243 2349 quam
2256 2311 2344 2342 idem

1333 2360 1454 2390 Petrus
1480 2360 1514 2390 in
1542 2361 1685 2391 ecclesia
1709 2361 1783 2400 ipsa
1807 2361 1846 2392 de
1871 2362 1947 2401 Jure
1970 2363 2142 2402 percipere
2171 2366 2203 2394 et
2222 2363 2344 2396 habere

1333 2412 1486 2449 debebat,
1511 2414 1708 2444 auctoritate
1736 2414 1864 2445 domini
1894 2424 1979 2454 pape
1996 2416 2071 2446 vive
2100 2417 2192 2447 vocis
2209 2418 2344 2448 oraculo

1333 2466 1431 2497 nobis
1453 2467 1488 2496 in
1509 2467 1570 2497 hac
1596 2468 1689 2505 parte
1715 2468 1909 2505 commissa,
1930 2478 2006 2499 cum
2027 2470 2239 2508 plenitudine
2256 2471 2344 2510 juris

1333 2520 1485 2550 canonici
1502 2519 1564 2550 tibi
1582 2520 1797 2557 conferimus,
1814 2521 1944 2561 tibique
1964 2523 2003 2553 de
2018 2523 2104 2562 ipsis
2126 2524 2345 2562 providemus

1332 2574 1457 2612 tuoque
1475 2573 1610 2604 nomine
1628 2573 1870 2605 nichilominus
1887 2575 2047 2606 dilectum
2062 2576 2097 2606 in
2117 2576 2250 2608 Christo
2266 2578 2344 2608 Ber-

1333 2626 1491 2656 trandum
1510 2626 1548 2656 de
1572 2626 1802 2663 Charentesio,
1820 2628 2019 2659 canonicum
2044 2629 2344 2669 Folqualquarien·

1334 2688 1417 2716 sem,
1444 2680 1696 2718 presentialiter
1726 2680 1765 2710 de
1794 2681 1922 2711 eisdem
1945 2690 2004 2720 per
2033 2684 2186 2713 nostruin
2205 2684 2344 2714 anulum

1334 2732 1550 2769 investimus,
1572 2733 1790 2763 decernentes
1806 2734 1923 2764 eadem
1939 2736 2138 2766 auctoritate
2161 2736 2295 2766 irritum
2313 2739 2344 2766 et

1334 2785 1432 2816 inane
1447 2786 1475 2815 si
1493 2794 1589 2816 secus
1608 2786 1647 2816 de
1666 2786 1765 2816 dictis
1781 2787 1979 2817 canonicatu
1997 2790 2029 2818 et
2046 2789 2216 2826 prebenda
2234 2789 2343 2827 qu'us-

1333 2847 1464 2877 cunque
1490 2839 1690 2869 auctoritate
1715 2847 1733 2868 a
1752 2848 1921 2878 quoquam
1939 2841 2115 2880 contigerit
2136 2842 2340 2880 attemptari.

1334 2892 1372 2921 In
1382 2900 1525 2930 quorum
1538 2892 1783 2922 testimonium,
1795 2901 1854 2931 per
1866 2893 2029 2923 Girodum
2042 2893 2270 2932 subscriptum
2287 2903 2342 2923 no-
