2659 3242
54 866 130 893 1263

34 913 109 942 aoiit
130 914 165 942 31

52 1208 64 1235 1
71 1207 127 1234 263

51 1653 126 1681 1263

31 1703 112 1738 sept.
155 1702 184 1729 9.

53 1994 129 2022 1263

33 2044 115 2079 sept.
140 2042 188 2070 13.

55 2287 129 2315 1263

33 2338 113 2372 sept.
136 2335 186 2362 -24,

57 2483 131 2511 1263

35 2534 98 2560 oct.
124 2532 171 2559 11.

57 2686 133 2714 1263

37 2736 100 2763 oct.
125 2735 172 2762 14.

216 865 346 894 Orvieto.

865 219 1036 249 TABLES
1054 219 1113 250 DU
1133 219 1350 251 REGISTRE
1369 221 1577 252 D'URBAiN
1598 223 1641 252 {V
2369 230 2426 257 299

960 313 1046 337 Pages.
1068 312 1200 334 Numeros.

396 376 447 403 rat
464 375 558 402 istius
572 375 644 409 iura
661 376 701 403 ad
718 375 898 410 imperium.
915 375 997 402 Pon-

396 424 477 451 tifex
500 424 623 452 invitus
647 425 810 451 descendit
834 424 874 451 ad
906 424 995 452 litem

396 471 619 500 diffiniendam
650 475 808 508 optatque
838 474 874 500 ut
904 473 996 500 electi

396 523 537 549 tractent
563 522 646 549 inter
671 529 703 549 se
728 529 837 557 pacem
862 521 995 556 ideoque

398 571 522 605 legatos
547 571 587 597 ad
614 572 784 605 utrumque
809 571 924 598 mittit.
950 569 997 597 Ne

395 619 478 646 desit
505 619 664 653 justitiae,
695 620 885 646 Riccardum
915 619 995 647 citat

396 669 430 695 ut
464 667 509 694 11²
530 668 581 695 die
613 668 688 695 maii
721 668 823 703 primo
856 667 995 701 venturi,

396 718 573 751 apostolico
595 717 779 751 conspectui
801 723 834 744 se
855 723 910 751 per
932 724 1002 751 pro-

396 767 562 793 curatores
590 766 784 800 praesentet.

995 825 1058 844 tome
1081 823 1109 844 lv

432 865 633 897 Riccardum,
656 866 689 891 in
711 865 928 891 Romanorum
950 866 1015 897 re-!
1053 865 1106 896 121
1125 865 1203 892 2818
1229 884 1231 910 ,ἱ

386 922 456 947 gem
491 914 639 946 electum,
675 920 767 948 quem
804 912 998 947 pontificalis

398 963 557 989 sententia
584 963 645 988 Vll
676 963 747 989 idus
773 962 900 997 augusti
927 968 998 996 pro-

394 1012 460 1038 lata
491 1012 523 1038 in
554 1011 688 1043 Alionsi‚
720 1012 801 1045 regis
828 1009 996 1043 castellae,

396 1060 545 1094 gratiam,
611 1060 780 1087 admodum
847 1059 993 1094 pupugit,

396 1109 538 1135 mulcere
561 1108 688 1135 nititur.

994 1166 1058 1186 tome
1081 1165 1109 1186 ιν

444 1206 611 1239 Riccardo‚
643 1206 676 1232 in
707 1205 925 1232 Romanorum
956 1206 1021 1237 re-1
1055 1216 1065 1229 »
1107 1205 1202 1238 12816

396 1264 467 1291 gem
497 1256 609 1288 electo,
639 1255 755 1282 iterum
786 1255 839 1282 sed
869 1261 996 1282 accura-

396 1305 461 1332 tius
487 1304 597 1331 scribit
623 1304 662 1330 de
687 1304 841 1330 suscitata
867 1304 996 1330 conten-

396 1353 493 1380 tionis
518 1353 653 1379 materia
679 1352 762 1379 inter
787 1358 858 1379 eum
884 1353 917 1379 et
943 1352 996 1378 Al-

396 1402 533 1434 tonsum,
561 1408 665 1435 regem
690 1399 850 1428 Casteliae
876 1408 912 1427 ac
938 1401 994 1428 Le-

396 1450 509 1484 gionis,
553 1449 587 1476 in
630 1449 850 1476 Romanorum
893 1456 995 1484 regem

396 1500 543 1531 electum,
572 1498 655 1525 circa
683 1498 891 1525 obtinendam
914 1497 997 1532 eJus·

396 1548 468 1574 dem
496 1547 621 1582 imperii
648 1546 852 1581 dignitatem.

997 1610 1060 1630 tome
1082 1607 1111 1629 lV

438 1652 669 1687 Receptionem
702 1652 806 1678 cassat
839 1649 997 1678 sexdecim
1017 1649 1021 1681 1
1050 1648 1087 1675 64
1109 1648 1204 1681 12967

397 1703 429 1729 et
465 1701 605 1737 plurium
637 1700 862 1727 canonicorum
894 1699 999 1725 minus

394 1751 581 1778 idoneorum
621 1749 675 1785 qui
716 1749 755 1776 ab
778 1747 850 1776 aliis
871 1747 998 1775 canoni-

396 1799 441 1826 cis
478 1798 630 1826 ecclesiae
666 1797 835 1830 Reatinae,
875 1796 999 1823 ratione

396 1847 590 1882 parentelae,
620 1847 652 1873 in
681 1845 851 1873 canonicos
878 1844 998 1879 recepti

394 1897 497 1923 erant.

998 1950 1062 1971 tome
1084 1948 1113 1970 lv

441 1992 649 2020 Noviomensi
692 1993 725 2019 et
776 1989 1018 2022 suessionensi!
1058 2001 1067 2013 n
1108 1989 1205 2021 12968

400 2041 529 2068 decanis
563 2041 695 2068 mandat
732 2046 771 2066 ne
807 2038 998 2074 permittant

398 2090 555 2117 decanum
591 2090 623 2116 et
658 2088 837 2123 capitulum
870 2087 998 2114 Laudu-

396 2145 509 2166 nenses
528 2138 567 2165 ab
588 2137 750 2172 aliquibus
770 2136 913 2163 indebite
932 2143 998 2163 mo-

396 2187 516 2214 lestari.

996 2242 1060 2262 tome
1082 2241 1111 2262 iv

439 2283 637 2311 Electionem
658 2282 812 2316 Philippi,
833 2283 909 2308 tunc
930 2281 998 2308 the-
1018 2282 1023 2314 1
1052 2281 1084 2307 13
1107 2281 1204 2314 12820

398 2332 531 2361 saurarii
559 2331 721 2363 Metensis,
751 2331 784 2357 in
813 2329 995 2364 episcopum

396 2382 582 2413 Metensem,
609 2380 713 2406 cassat
739 2380 770 2406 et
795 2378 913 2405 irritat.

997 2436 1061 2455 tome
1082 2433 1111 2454 lV

441 2477 636 2505 Monasterio
655 2484 678 2503 s.
697 2475 848 2502 Germani
866 2475 904 2502 de
922 2475 996 2501 Pra-
1016 2475 1021 2508 1
1049 2474 1085 2500 64
1107 2474 1204 2506 12969

400 2528 442 2555 tis
462 2525 648 2553 parisiensis
668 2525 760 2557 bona,
781 2524 946 2551 libertates
965 2524 997 2550 et

399 2575 622 2603 immunitates
659 2572 841 2600 confirmat.

997 2629 1061 2648 tome
1083 2627 1112 2648 iv

441 2682 600 2716 Episcopo
621 2681 653 2706 et
673 2677 805 2705 officiali
825 2677 997 2704 Nivernen-
1017 2676 1022 2707 1
1051 2676 1088 2702 65
1109 2676 1205 2707 12970

404 2731 492 2758 sibus
550 2731 582 2756 et
645 2726 796 2761 magistro
859 2725 999 2753 ,Iohanni

401 2781 440 2807 de
468 2778 644 2809 Monciaco,
676 2775 827 2803 canonico
858 2773 999 2801 Aurelia·

403 2828 504 2861 nensi‚
527 2826 661 2853 mandat
685 2826 720 2852 ut
744 2824 925 2858 episcopum
947 2822 998 2848 Bi-

404 2879 589 2908 terrensem,
625 2875 788 2901 cantorem
823 2871 998 2898 Nivernen-

1228 795 1230 803 ,
1281 769 1353 795 1263

1260 819 1322 844 oct.
1348 819 1393 844 15.

1282 1209 1355 1235 1262

1228 1279 1230 1302 1,
1261 1259 1322 1284 oet.
1350 1258 1393 1285 18.

1282 1649 1355 1676 1263

1262 1705 1333 1726 nov.

1375 1699 1392 1725 Ul

1284 2041 1357 2068 1263

1262 2096 1334 2117 ηον.
1376 2090 1405 2117 8.

1282 2284 1356 2311 1263

1260 2333 1326 2360 dec..
1352 2334 1397 2360 18.

1262 2577 1431 2604 1263-1264

1261 2626 1431 2659 deaqanv.

1440 770 1565 798 Orviem.

2182 321 2267 344 lngo-s.
2291 319 2423 340 Numeros.

1618 388 1682 408 sem
1707 383 1739 408 et
1764 382 1952 416 magistrum
1981 383 2153 409 Henricum
2180 382 2219 408 de

1618 429 1796 463 VirziIiaco,
1822 431 2009 457 canonicum
2036 430 2219 458 Autisiodo-

1618 484 1750 511 rensem,
1766 479 1868 506 citent
1886 481 1920 506 ut
1938 479 2020 506 intra
2038 480 2117 506 duos
2133 486 2220 506 men-

1619 533 1676 558 ses,
1693 527 1868 560 apostolico
1882 528 2068 562 conspectui
2084 534 2115 555 se
2131 534 2220 562 prae-

1619 575 1754 607 sentent,
1778 575 1816 602 de
1838 582 1946 602 eorum
1970 576 2165 610 negligentia
2187 576 2219 603 in

1621 630 1765 656 processu
1809 623 2024 651 Ruthenensis
2067 625 2220 659 episcopi

1621 671 1775 699 rationem
1801 673 1969 699 reddituri.

2222 733 2284 752 tome
2307 732 2334 751 lv

1661 771 1826 797 Universis
1861 771 2034 798 abbatissis
2072 772 2100 798 et
2142 775 2243 806 soro-f
2270 774 2304 797 ·.‘·:
2330 772 2425 807 {2843

1621 820 1707 846 ribus
1739 819 1869 846 inclusis
1900 820 2020 846 ordinis
2055 827 2078 846 s.
2110 818 2222 847 Clarae

1622 868 1751 894 nunciat
1790 874 1822 894 se
1861 867 2038 894 decrevisse
2078 868 2220 894 ordinem

1621 922 1727 942 earum
1750 915 1892 942 ordinem
1917 923 1941 942 s.
1964 914 2077 942 Clarae
2103 916 2222 942 unitor-

1622 964 1715 990 miter
1736 963 1966 991 nominandum
1988 970 2055 990 esse
2078 965 2109 990 et
2133 970 2222 997 regu-

1621 1013 1683 1039 lam
1701 1013 1746 1039 eis
1763 1019 1780 1038 a
1796 1012 1949 1046 Gregorio
1968 1018 2051 1045 papa
2073 1011 2118 1037 IX
2134 1019 2222 1046 prae—

1620 1061 1791 1093 decessore,
1824 1062 1900 1087 tunc
1929 1059 2072 1086 Ostiensi
2103 1060 2223 1094 episco-

1623 1117 1673 1144 po,
1697 1109 1818 1141 datam,
1842 1108 2025 1135 confirmat.

2224 1168 2288 1187 tome
2309 1166 2337 1187 lV

1659 1210 1817 1244 Episcopo
1854 1210 2053 1239 Norwicensi
2090 1210 2243 1240 mandati
2277 1210 2334 1241 661
2353 1211 2425 1238 ’2971

1622 1258 1773 1285 terminet
1804 1265 1984 1292 processum
2016 1261 2099 1287 inter
2129 1259 2225 1286 abba-

1620 1308 1729 1334 tissam
1757 1310 1789 1336 et
1816 1310 2010 1335 conventum
2039 1308 2226 1335 monasterii

1620 1363 1642 1382 s.
1667 1356 1837 1384 Trinitatis
1860 1357 1898 1383 de
1918 1355 2074 1389 Cadomo,
2100 1363 2139 1383 ex
2164 1363 2226 1382 una

1621 1407 1722 1439 parte,
1753 1407 1786 1432 et
1817 1407 1972 1432 rectorem
2005 1405 2156 1431 ecclesiae
2188 1404 2226 1431 de

1622 1453 1788 1486 Horstede,
1825 1453 2039 1480 Norwicensis
2079 1452 2223 1484 diocesis,

1622 1509 1659 1528 ex
1673 1502 1784 1534 altera,
1798 1502 1851 1529 vel
1875 1509 2004 1528 causam
2031 1501 2224 1528 instructam

1622 1551 1660 1577 ad
1689 1550 1794 1577 sedem
1824 1551 2035 1584 apostolicam
2065 1549 2224 1576 remittat.

2225 1608 2290 1627 tome
2309 1606 2339 1627 Ν

1660 1647 1893 1677 Commissariis
1918 1648 2122 1683 inquisitioni
2148 1647 2246 1681 spis-1
2279 1646 2335 1677 671
2355 1645 2432 1673 2972

1620 1698 1692 1732 copi
1712 1697 1930 1724 Ruthenensis
1950 1696 2116 1731 deputatis
2136 1702 2225 1722 man—

1621 1747 1676 1773 dat
1706 1747 1741 1773 ut
1770 1752 1926 1780 expensas
1956 1744 2153 1772 necessarias
2184 1744 2225 1771 ad

1623 1802 1801 1830 processum
1826 1793 2079 1825 terminandum,
2106 1793 2146 1819 de
2171 1792 2224 1819 bo-

1622 1844 1669 1870 nis
1680 1843 1828 1870 ecclesiae
1853 1841 2080 1874 Ruthenensis,
2094 1841 2133 1868 ad
2144 1840 2225 1875 epis-

1622 1899 1735 1926 copum
1786 1891 2027 1918 Ruthenensem
2081 1890 2227 1924 spectan-

1622 1941 1719 1973 tibus,
1757 1940 1817 1967 sibi
1853 1938 2028 1966 ministrari
2068 1938 2198 1965 iaciant.

2228 1995 2292 2014 tome
2313 1992 2341 2013 lV

1662 2037 1939 2064 Praedicatoribus
1981 2035 2073 2063 verbi
2115 2032 2244 2065 Crucis)
2287 2046 2297 2056 υ
2333 2032 2430 2064 {2973

1623 2094 1657 2114 ac
1683 2085 1910 2113 executoribus
1936 2084 2058 2119 negotii
2083 2083 2226 2117 ejusdem

1620 2134 1729 2162 Crucis
1759 2134 1992 2168 indulgentiam
2025 2133 2225 2166 crucesigna-

1625 2187 1730 2211 torum
1754 2183 1914 2209 concedit.

2226 2238 2288 2257 tome
2311 2235 2339 2256 lv

1662 2281 1825 2308 Monachis
1850 2279 2069 2306 Molesmensis
2098 2277 2242 2307 monas-J
2284 2288 2292 2297 r»
2330 2275 2427 2306 12974

1622 2317 1705 2362 te'rii,
1726 2329 1844 2356 ordinis
1864 2336 1888 2355 s.
1909 2326 2086 2359 Benedicti,
2108 2326 2222 2359 Lingo-

1620 2379 1723 2406 nensis
1749 2377 1894 2408 diocesis,
1923 2375 2066 2409 indulget
2096 2375 2142 2407 ut,
2171 2380 2223 2400 ne-

1620 2428 1769 2454 cessitate
1790 2426 1841 2452 vel
1865 2424 2057 2451 infirmitate
2082 2423 2222 2455 urgente,

1620 2476 1768 2502 carnibus
1801 2473 1887 2500 vesci
1922 2472 2064 2498 valeant.

2223 2527 2286 2547 tome
2308 2525 2336 2546 iv

1664 2572 1782 2598 Abbati
1808 2573 1840 2598 et
1864 2569 2037 2597 conventui
2064 2567 2240 2597 monaste-l
2277 2565 2332 2597 761
2351 2565 2428 2591 ’2995

1622 2621 1659 2647 rii
1683 2621 1721 2646 de
1746 2620 1872 2650 Alneto,
1896 2616 2116 2644 cisterciensis
2141 2615 2223 2642 ordi-

1622 2670 1678 2702 nis,
1703 2667 1884 2695 Baiocensis
1909 2666 2052 2696 diocesis,
2079 2664 2219 2697 indulget

1622 2720 1655 2745 ut
1686 2717 1770 2743 ultra
1799 2716 1878 2742 duas
1907 2715 2009 2741 dietas
2026 2720 2079 2748 per
2097 2713 2222 2739 litteras

1621 2765 1813 2801 apostolicae
1845 2764 1927 2790 sedis
1959 2763 2008 2789 vel
2045 2762 2219 2795 legatorum

1621 2815 1689 2849 eJ'us
1731 2812 1894 2841 conveniri
1935 2811 2063 2838 minime
2091 2809 2220 2836 valeant

1622 2869 1675 2898 per
1698 2862 1880 2889 triennium.
