2519 3262
275 353 336 384 448

368 436 466 467 2670
865 427 990 460 Orvieto,
1005 427 1040 454 22
1053 426 1116 461 juin
1138 424 1215 452 1264.

313 517 566 551 Archipresbytero
590 517 617 541 et
642 512 765 548 capitulo
787 511 926 539 ecclesiae
953 520 978 537 s.
994 509 1129 537 Dalmatii
1146 509 1180 535 de
1203 508 1289 539 Quar-

277 575 398 602 gnanm,
427 564 567 599 Aquensis
591 562 724 593 diocesis.
754 561 873 588 mandat
900 562 930 587 ut
959 559 1146 586 Guillelmum
1177 557 1287 583 dictum

278 616 383 645 Canem,
397 615 430 641 de
443 614 597 642 ausimano,
612 611 750 638 clericum
766 609 905 637 ecclesiae
921 617 945 635 5.
963 608 1068 635 Mariae
1082 608 1116 634 de
1131 606 1286 635 Pruniano,

276 663 356 699 cujus
377 662 546 690 beneficium
565 661 592 688 in
616 662 717 687 eadem
734 658 856 686 ecclesia
876 657 977 692 viginti
999 656 1106 683 solidos
1122 654 1289 690 imperiales

277 720 332 739 non
349 713 434 743 valet,
452 711 480 738 in
493 710 665 738 canonicum
682 708 832 742 recipiant.
850 707 927 740 (linc.
945 708 990 737 29,
1007 706 1056 733 tol.
1075 706 1138 737 325,
1152 709 1184 731 n⁰
1201 705 1290 735 1722.)

317 826 334 847 1(
350 815 615 856 Archipresbitero
625 818 652 843 et
667 811 800 852 capitulo
810 810 930 841 ecclesie
939 820 961 840 s.
978 809 1128 839 Dalmatii
1140 809 1176 838 de
1192 808 1290 845 Quar-

277 879 407 910 qnanco,
422 869 572 909 Aquensis
589 866 725 897 diocesis.
738 867 834 902 Cum,
850 865 937 895 Sicut
947 864 1093 894 dilectus
1106 862 1290 892 -—.Datum

278 923 366 962 apud
392 923 682 956 Urhemveterem,
702 929 724 949 x
747 918 910 949 kalendas
924 916 1014 956 julii,
1036 924 1123 946 anno
1141 915 1254 946 tertio.
1275 924 1290 944 »

890 1089 1017 1121 Officio,
1033 1090 1049 1116 6
1060 1087 1122 1124 juin
1140 1087 1217 1114 1264.

369 1096 463 1127 2671

314 1179 452 1213 Episcopo
486 1175 650 1204 Ebroiccnsi
684 1175 800 1201 mandat
841 1177 871 1201 ut
908 1174 1017 1209 Bogero
1047 1173 1123 1200 dicto
1157 1172 1291 1204 Bernouf,

277 1227 395 1263 pauperi
416 1226 520 1254 clerico
537 1223 771 1252 Constanciensis
792 1223 915 1251 diocesis
935 1224 954 1254 ¹,
972 1224 1007 1249 de
1023 1222 1118 1257 aliquo
1140 1220 1290 1248 ecclesias-

277 1277 334 1304 tico
351 1275 487 1303 beneficio
516 1274 663 1310 provideat
688 1273 724 1300 ad
749 1272 935 1300 collationem
952 1271 1063 1299 abbatis
1082 1274 1108 1298 et
1132 1271 1291 1297 conventus

278 1324 446 1352 monasterii
469 1325 503 1351 de
528 1322 723 1357 Veteri-Lyra,
748 1322 858 1349 ordinis
876 1329 899 1348 S.
929 1321 1085 1351 Benedicti,
1109 1318 1290 1346 Ebroicensis

277 1374 411 1408 diocesis,
429 1375 588 1408 spectante.
608 1372 685 1406 (lico.
703 1371 747 1404 2¹³,
766 1370 812 1398 sol.
833 1371 896 1401 325,
913 1375 942 1396 n⁰
960 1370 1052 1402 1723.)

318 1469 507 1510 «Episcopo
531 1468 723 1498 Ebroiconsi.
751 1467 963 1498 Constitutus
990 1467 1025 1496 in
1050 1466 1223 1505 presentia
1239 1483 1289 1495 —.

278 1524 401 1554 Datum
419 1522 506 1561 apud
524 1521 814 1555 Urbemveterem,
833 1529 891 1550 vin
910 1520 987 1550 idus
1001 1519 1103 1559 junii,
1124 1527 1211 1549 anno
1226 1520 1291 1549 ter-

278 1576 336 1607 tio.
358 1586 372 1605 »

369 1745 466 1776 2672

868 1742 992 1774 orvieto,
1011 1742 1046 1768 26
1059 1741 1123 1776 juin
1140 1741 1192 1768 120
1199 1740 1218 1767 ’1.

315 1828 452 1862 Episcopo
480 1827 656 1854 Nannctensi
682 1827 799 1853 mandat
833 1829 859 1853 111
892 1826 1027 1853 Gauii-islo
1055 1825 1132 1852 dicto
1162 1826 1291 1858 Ferrum,

279 1877 395 1911 pauperi
419 1876 523 1903 clerico
553 1875 631 1903 chori
657 1875 794 1903 ecclesiae
826 1875 1028 1908 Nannctensis,
1058 1874 1168 1901 nullum
1199 1874 1291 1901 adhuc

279 1925 447 1952 heneficium
471 1925 702 1952 ecclesiasticum
725 1926 866 1955 assecuto,
893 1925 903 1940 ἓ
920 1925 953 1951 de
971 1923 1068 1958 aliquo
1095 1923 1292 1950 ecclesiastico

279 1974 415 2001 beneficio
443 1975 590 2008 provideat
615 1975 650 2001 ad
675 1974 859 2001 collationem
876 1973 993 2008 capituli
1018 1973 1156 2000 ccclesiae
1177 1973 1292 1998 Nanne-

280 2023 371 2049 tcnsis
386 2026 542 2058 spectante.
560 2024 639 2058 (lino.
658 2024 702 2056 29,
719 2023 766 2050 sol.
781 2024 833 2051 325
850 2029 887 2053 νο,
904 2028 933 2049 n⁰
951 2022 1040 2055 1721.)

322 2142 336 2161 κ
351 2155 357 2160 .
371 2154 377 2160 .
389 2131 530 2171 episcopo
542 2131 760 2161 Nanneclensi.
777 2132 990 2162 Constitutus
1008 2132 1043 2161 in
1059 2132 1290 2170 presentia—.

283 2186 405 2216 Datum
434 2185 523 2223 apud
551 2185 841 2219 Urbemveterem,
865 2194 896 2214 111
915 2185 1079 2215 kalendas
1093 2185 1184 2223 julii,
1206 2194 1292 2215 anno

279 2238 391 2269 tertio,
413 2247 428 2265 ›)

371 2408 468 2438 2673
872 2405 997 2435 Orvieto,
1015 2405 1050 2434 30
1059 2405 1125 2440 juin
1141 2406 1220 2434 1204.

318 2489 454 2524 Episcopo
493 2489 658 2524 segobiensi
695 2490 813 2516 mandat
845 2492 872 2516 ut
903 2489 1052 2524 Egidium‚
1085 2491 1292 2517 subdiaconum

282 2537 418 2564 clericum
444 2538 523 2565 chori
554 2537 692 2565 ecclcsiae
718 2537 913 2572 Segobiensis,
932 2537 960 2564 in
986 2539 1087 2565 eadem
1108 2538 1230 2566 ecclesia
1248 2540 1294 2565 Sc-

282 2587 411 2620 gobieusi
433 2587 461 2613 iu
484 2587 657 2613 canonicum
683 2586 770 2621 recipi
797 2586 894 2620 saciat,
921 2595 1009 2621 quum
1032 2588 1067 2614 ul)
1090 2588 1293 2615 archidiacono

282 2635 420 2662 111-01101151
440 2636 556 2662 idoneus
574 2638 704 2670 repertus
718 2635 753 2662 sit
772 2638 792 2661 3.
808 2636 887 2671 (Rea.
904 2636 948 2662 29.
967 2635 1017 2663 t'ol.
1031 2638 1083 2664 325
1098 2642 1136 2671 1’“,
1150 2642 1182 2663 n⁰
1202 2637 1294 2670 1725.)

322 2754 337 2771 1(
355 2768 361 2774 ,
379 2765 385 2771 .
405 2742 545 2782 episcopo
568 2741 757 2781 Seqobiensi.
774 2742 988 2774 Constitutus
1005 2745 1038 2774 in
1054 2745 1227 2783 presentia
1242 2763 1292 2774 —.

318 2859 336 2881 1,
353 2858 394 2882 En
410 2864 506 2888 mai-ge
521 2866 527 2882 z
542 2867 551 2880 <i
568 2859 748 2889 Compelenter
761 2858 884 2883 latini-‚at
897 2860 921 2883 el
937 2858 1008 2890 Ieyit,
1020 2859 1141 2883 debiliter
1156 2859 1293 2887 constr-uit,

282 2902 384 2926 audivit
401 2903 425 2925 in
440 2902 568 2926 medicina
579 2903 626 2926 Set!
642 2902 718 2926 valde
729 2910 825 2933 parum
838 2903 886 2927 scit
903 2903 928 2926 in
946 2904 1075 2928 medicina
1094 2904 1158 2935 ipsa.
1173 2912 1186 2927 n

291 2952 293 2955 ·
313 2948 336 2970 2.
354 2947 396 2971 En
412 2953 509 2976 mni-ge
524 2951 529 2970 t
545 2956 557 2968 u
570 2947 640 2970 Satis
653 2949 689 2971 est
702 2947 846 2977 sussiciens.
862 2957 872 2968 »ι

313 2992 335 3014 3.
352 2991 394 3015 En
419 2997 514 3021 mai-ge
533 2999 537 3014 :
557 3000 569 3013 «
592 2991 657 3015 Bene
679 2993 772 3016 cantat
789 2993 814 3016 et
840 2991 912 3023 leyit,
931 2994 1104 3023 competenter
1129 2992 1255 3017 latinizat
1270 2995 1295 3018 et

284 3035 418 3059 conseruit.
438 3045 446 3056 ιι

1028 340 1272 374 REGISTRES
1303 339 1518 370 D'URBAIN
1548 339 1605 369 IV.

1345 423 1470 453 Datum
1487 422 1576 461 apud
1598 421 1887 458 Urbeuweterem,
1910 431 1932 452 11
1964 423 2128 453 kalendas
2151 422 2241 461 julii,
2271 432 2357 453 anno

1343 476 1454 506 tertio.
1478 486 1492 504 1)

1432 630 1532 662 2674
1919 629 2043 661 Orvieto,
2060 630 2077 657 8
2093 629 2187 665 juillet
2207 631 2283 658 1261.

1381 714 1519 748 Episcopo
1544 713 1684 740 Laudensi
1708 713 1826 740 mandat
1852 716 1882 739 ut
1910 713 2074 748 Philippum
2093 714 2242 747 clericum,
2257 718 2358 742 natum

1344 764 1489 797 quondam
1514 762 1628 789 Davidis
1651 762 1685 788 de
1707 762 1809 794 Gibbo,
1837 762 1907 788 civis
1928 762 2160 793 Mediolanensis,
2189 764 2360 799 consangui-

1344 820 1430 838 neum
1450 811 1583 847 magistri
1599 811 1721 838 Comitis
1733 812 1767 837 ‹lc
1784 812 1897 842 Cosam,
1914 811 1942 837 in
1959 812 2088 839 Romana
2102 812 2182 839 curia
2190 813 2322 840 advocati
2339 815 2358 844 ¹,

1345 861 1373 888 in
1385 861 1507 888 ecclesia
1522 869 1545 887 5,
1559 860 1681 888 Theclae
1694 860 1913 887 Mediolanensis
1929 860 1957 887 in
1971 861 2144 888 canonicum
2161 861 2248 896 recipi
2260 861 2357 889 saciat.

1346 910 1423 944 (Bi-zo.
1443 911 1487 941 29,
1507 910 1555 937 sol.
1571 911 1624 937 325
1640 915 1678 943 νο,
1695 913 1726 935 n⁰
1745 910 1837 944 1726.)

1387 1012 1577 1051 «Episcopo
1601 1011 1765 1041 Laudensi.
1794 1011 1948 1042 Dilectus
1978 1011 2071 1042 filius
2098 1011 2280 1050 Philippus
2308 1030 2358 1042 —.

1346 1065 1471 1095 Datum
1490 1065 1577 1103 apud
1597 1064 1885 1101 Erbemveterem,
1906 1073 1964 1095 viii
1983 1065 2060 1095 idus
2081 1065 2171 1104 julii,
2189 1074 2276 1096 anno
2295 1067 2358 1096 ter-

1347 1117 1406 1148 tio.
1426 1127 1440 1146 »

1438 1272 1535 1303 2675
1901 1271 2025 1302 Orvieto,
2047 1271 2082 1298 30
2095 1271 2189 1306 juillet
2210 1271 2288 1298 1264.

1382 1354 1567 1381 Patriarchae
1586 1354 1769 1389 Aquilegensi
1793 1355 1912 1381 mandat
1935 1357 1966 1381 ut
1983 1355 2189 1382 Waracbinum
2209 1355 2244 1381 de
2264 1354 2360 1382 Vulte-

1346 1404 1403 1436 bio,
1419 1403 1556 1430 clericum
1571 1403 1746 1430 familiarem
1762 1403 1895 1438 magistri
1905 1404 2020 1434 (lualav,
2035 1404 2213 1438 praebendae
2224 1407 2251 1431 et
2268 1404 2361 1438 quoti-

1345 1452 1497 1479 dianarum
1507 1452 1745 1480 distributionum
1762 1453 1789 1479 in
1800 1453 1900 1479 eadem
1914 1453 2035 1479 ecclesia
2050 1452 2361 1487 Aquilegensipacifica

1346 1501 1433 1529 faciat
1453 1501 1638 1536 possessione
1656 1502 1791 1537 gaudere.
1812 1502 1893 1536 (Rae.
1907 1502 1952 1528 29,
1972 1501 2021 1529 sol.
2038 1502 2091 1529 325
2105 1507 2143 1533 ν’,
2163 1506 2195 1528 n⁰
2216 1502 2307 1536 1727.)

1387 1614 1402 1635 (1
1430 1605 1616 1635 Ραινιίινείιε
1642 1604 1853 1644 Aquileqensi.
1873 1604 1941 1634 Sua
1970 1603 2069 1634 nobis
2096 1603 2240 1634 dilectus
2270 1602 2363 1633 filius

1348 1658 1577 1689 YVarachinus
1602 1659 1641 1688 de
1664 1658 1825 1688 Yultabio
1855 1657 2011 1693 clericus,
2045 1657 2226 1687 familiaris
2248 1656 2363 1687 dilecti

1347 1712 1410 1742 filii
1427 1712 1583 1751 magistri
1601 1711 1720 1746 Gnate,
1735 1711 1858 1741 notarii
1876 1710 1996 1744 nostri,
2015 1710 2177 1749 petitione
2195 1711 2362 1740 monstra·

1346 1766 1395 1796 vit
1412 1765 1500 1804 quod
1517 1765 1590 1804 ipse
1607 1764 1701 1800 olim,
1714 1764 1914 1794 auctoritate
1929 1763 2121 1793 litterarum
2132 1762 2242 1793 felicis
2255 1771 2365 1793 recor-

1348 1819 1496 1849 dationis
1507 1818 1694 1849 Innocentii
1708 1826 1805 1857 pape,
1817 1817 2069 1857 predecessoris
2079 1816 2199 1851 nostri,
2215 1816 2250 1846 in
2260 1816 2364 1855 Aqui-

1347 1872 1478 1912 legensi
1503 1872 1646 1902 eeclesia
1672 1873 1828 1910 receptus
1847 1870 1910 1900 fuit
1929 1870 1963 1900 in
1985 1870 2183 1900 canonicum
2200 1871 2232 1900 et
2249 1869 2282 1899 in
2299 1868 2365 1899 fra-

1347 1927 1445 1956 trem.
1464 1925 1593 1955 Verum
1610 1933 1669 1963 per
1686 1924 1963 1954 constitutionem
1980 1923 2034 1962 pie
2046 1922 2363 1954 memorieAlexan-

1348 1979 1399 2009 dri
1427 1987 1525 2017 pape,
1541 1977 1796 2017 predecessoris
1816 1977 1934 2013 nostri,
1952 1985 2012 2015 per
2031 1985 2132 2015 quam
2152 1976 2363 2015 receptiones

1347 2031 1538 2071 prebendas
1557 2031 1809 2070 expectantium
1827 2031 2005 2060 vacaturas
2024 2030 2131 2060 factas
2150 2029 2184 2059 in
2197 2029 2363 2062 ecclesiis,

1348 2087 1492 2124 quatuor
1512 2085 1689 2115 dumtaxat
1704 2084 1865 2122 exceptis,
1885 2083 2032 2113 decrevit
2048 2083 2164 2113 irritas
2176 2084 2208 2112 et
2232 2082 2362 2117 inanes,

1348 2139 1458 2177 ipsius
1489 2137 1603 2168 clerici
1623 2137 1814 2175 receptione
1832 2138 1976 2171 cassata,
2003 2136 2113 2166 dictus
2142 2135 2363 2174 predecessor

1347 2190 1548 2225 Alexandri,
1570 2189 1709 2220 obtentu
1738 2190 1847 2228 ipsius
1871 2189 2006 2223 notarii,
2029 2188 2146 2218 volens
2173 2188 2203 2218 ei
2219 2189 2364 2227 gratiam

1348 2244 1457 2274 facere
1476 2243 1658 2281 specialem
1675 2251 1711 2272 ac
1724 2242 1780 2281 jus
1797 2242 1886 2281 quod
1905 2241 1970 2272 sibi
1989 2250 2029 2271 ex
2046 2241 2235 2280 receptione
2249 2241 2364 2281 hujus-

1349 2297 1438 2327 modi
1460 2297 1495 2326 in
1512 2296 1601 2326 dicta
1615 2295 1759 2325 ecclesia
1775 2294 1999 2334 competebat,
2015 2303 2082 2324 non
2099 2294 2254 2325 obstante
2268 2303 2364 2325 cons-

1348 2350 1507 2380 titutione
1545 2349 1695 2387 predicta
1719 2357 1778 2379 seu
1804 2349 1834 2378 si
1861 2348 1939 2378 aliis
1972 2348 2122 2378 similem
2149 2348 2184 2378 in
2212 2348 2363 2387 predicta

1347 2403 1492 2434 ecclesia
1509 2403 1654 2439 gratiam
1672 2402 1762 2437 fecit,
1782 2402 1814 2431 in
1833 2404 1961 2432 statum
1981 2401 2166 2440 pristinum
2191 2401 2362 2432 suscitans

1350 2465 1387 2486 ac
1406 2456 1525 2486 nolens
1545 2456 1573 2485 ei
1595 2463 1653 2494 per
1674 2455 1950 2485 constitutionem
1969 2455 2110 2485 eandem
2130 2463 2234 2493 super
2251 2463 2365 2494 recep·

1347 2511 1439 2540 tione
1458 2518 1519 2539 sua
1538 2509 1572 2538 in
1591 2508 1680 2538 dicta
1698 2508 1853 2544 ecclesia,
1868 2508 1944 2547 jure
1969 2507 2079 2546 ipsius
2096 2509 2126 2538 et
2151 2507 2364 2538 assecutione

1348 2562 1517 2602 prebende
1537 2561 1569 2591 in
1594 2570 1632 2592 ea
1649 2561 1876 2600 prejudicium
1894 2560 2032 2600 aliquod
2063 2560 2229 2600 generari,
2252 2560 2366 2591 decer-

1349 2625 1433 2646 nens
1448 2624 1582 2654 quoque
1601 2614 1666 2644 sibi
1686 2624 1727 2644 ex
1744 2615 1935 2653 receptione
1952 2614 2101 2652 predicta
2122 2614 2156 2643 in
2179 2613 2297 2644 eadem
2315 2622 2364 2644 ec-

1349 2669 1453 2700 clesia
1474 2668 1678 2707 prebendam
1695 2669 1886 2706 competere
1905 2675 1942 2697 ac
1955 2667 2070 2697 deberi
2085 2666 2164 2700 sihi,
2183 2667 2255 2697 suis
2275 2667 2366 2698 dedit

1349 2722 1475 2753 litteris
1490 2722 1522 2751 iu
1536 2721 1705 2751 mandatis
1723 2723 1757 2751 ut
1776 2720 1885 2751 eidem
1901 2719 2022 2750 clerico
2036 2720 2076 2750 de.
2090 2719 2262 2758 prebenda
2279 2719 2367 2750 nulli

1350 2776 1408 2806 alii
1427 2776 1467 2805 de
1478 2775 1553 2815 jure
1566 2774 1690 2811 debita,
1705 2775 1734 2804 si
1752 2783 1818 2813 qua
1836 2774 1870 2803 in
1886 2773 2004 2804 eadem
2021 2773 2162 2803 ecclesia
2178 2775 2257 2804 tunc
2271 2781 2366 2804 vaca·

1349 2829 1405 2859 bat
1423 2829 1474 2859 vel
1498 2829 1752 2868 quamprimum
1769 2827 1810 2857 ad
1824 2827 1857 2857 id
1872 2835 1908 2857 se
1931 2826 2074 2857 facultas
2091 2826 2236 2862 offerret,
2254 2834 2314 2865 per
2332 2827 2365 2857 te

1350 2882 1403 2913 vel
1420 2891 1480 2921 per
1497 2881 1603 2912 alium
1619 2881 1796 2920 providere
1827 2888 1974 2910 curares.
2006 2879 2278 2910 contradictores
2301 2881 2363 2910 etc.

1383 2993 1405 3017 l.
1423 2993 1465 3017 En
1487 3000 1582 3023 margo
1598 2998 1604 3017 ;
1623 3003 1632 3015 ι
1650 2994 1745 3018 Cantat
1765 2993 1800 3017 ad
1824 2992 1927 3017 modum
1943 2994 2013 3017 tere-e
2027 2999 2080 3020 sne,
2094 2993 2223 3016 construit
2237 2994 2262 3017 et
2277 2992 2365 3016 latini·-

1351 3039 1393 3062 zat
1403 3040 1587 3069 competenter.
1604 3046 1617 3061 n
