2659 3242
138 231 201 262 246

158 723 234 754 1264
319 725 446 754 Orvieto.

136 773 205 809 Juin
234 772 286 802 28.
356 790 395 795 —

170 1181 183 1197 D
250 1181 263 1197 D
355 1188 392 1192 ‘-

172 2105 185 2121 Ὦ
252 2106 264 2121 Ι
356 2112 396 2116 ’-

174 2550 188 2566 ι
238 2539 291 2569 29.
361 2559 399 2562 —

979 233 1150 263 TABLES
1167 233 1228 263 DU
1246 232 1466 263 REGISTRE
1482 233 1693 264 D’URBAIN
1711 234 1756 264 IV

1069 327 1156 352 Pege».
1170 324 1306 347 Numeros.

500 379 649 411 notcnsis,
673 381 780 414 nepoti
800 381 955 407 Ostiensis
976 383 1007 408 et
1029 383 1097 408 Vel-

500 428 641 453 terrensis
662 428 809 462 episcopi,
830 428 896 461 jam
917 429 948 455 in
968 429 1097 457 ecclesia

499 475 732 505 iibredunensi,
754 477 946 503 auctoritate
976 477 1097 505 littera-

499 531 567 550 rum
591 524 761 551 Alexandri
785 532 886 560 papae
911 526 989 560 1111,
1005 533 1099 554 cano-

500 572 568 598 nico
588 574 724 607 recepto,
744 574 782 600 de
800 575 979 608 praebenda
999 575 1029 602 in
1048 582 1098 603 ea-

499 621 569 647 dem
583 621 711 648 ecclesia
723 629 819 653 quam
828 622 891 649 cito
903 623 1080 657 provideat.

1108 686 1172 706 tome
1194 684 1224 706 ΙΙΙ

542 727 640 754 Priori
668 729 699 755 ct
722 728 862 763 capitulo
886 730 1033 758 ecclesiae
1053 731 1083 757 b.
1105 730 1184 768 1316
1205 729 1212 769 Ι
1231 730 1306 757 1978

499 776 617 803 Mariae
651 777 860 811 Graciacensi,
895 779 1100 807 Bituricensis

500 825 640 858 diocesis,
671 827 802 853 mandat
830 828 875 859 ut,
904 835 920 854 a
949 828 1099 863 magistro

499 874 645 900 „Iohanne
671 875 709 901 de
735 876 868 902 Ursionc
893 877 1099 904 canonicatus

500 923 531 947 et
563 923 762 956 praebendae
793 925 996 952 sacerdotalis
1026 926 1099 952 resi-

499 971 649 1003 gnatione
668 974 804 1006 recepta,
825 974 1048 1001 canonicatum
1068 976 1100 1001 et

500 1020 712 1053 praebendam
729 1022 853 1048 eosdem
868 1029 1020 1056 personae
1033 1022 1100 1049 ido-

499 1075 575 1094 neae
592 1068 767 1095 conferant.

1095 1119 1159 1139 tome
1181 1117 1212 1140 ΙΙΙ

540 1173 638 1199 Priori
671 1175 709 1201 de
741 1175 886 1208 Wavera,
910 1176 1029 1203 ordinis
1060 1184 1084 1204 s.
1106 1175 1185 1215 1325
1205 1171 1308 1212 {2029

498 1222 673 1255 Benedicti,
723 1224 904 1251 Leodiensis
951 1225 1094 1259 diocesis,

501 1271 633 1298 mandat
658 1273 703 1304 ut,
729 1279 745 1299 a
770 1273 910 1299 Waltero
934 1275 972 1300 de
996 1274 1100 1301 Wine-

500 1320 602 1353 ghem‚
622 1321 773 1347 canonico
793 1322 940 1349 eeclesiae
958 1323 1100 1350 Antwer-

499 1368 624 1402 piensis,
639 1368 875 1397 Cameracensis
889 1371 1031 1405 diocesis,
1048 1378 1100 1399 ne-

499 1418 575 1450 pote
609 1417 751 1452 magistri
787 1419 890 1453 Egidii
924 1420 963 1446 de
995 1421 1100 1447 Wine-

499 1466 601 1499 ghem,
627 1467 781 1500 capellani
806 1468 981 1502 apostolici,
1007 1476 1100 1496 cano-

499 1514 560 1540 nici
579 1515 769 1549 Leodiensis‚
790 1517 994 1544 sacerdotalis
1011 1525 1100 1553 prae-

501 1563 633 1595 bendae,
672 1565 803 1599 propter
840 1566 957 1592 aetatis
994 1566 1097 1594 defec-

499 1613 577 1646 tum,
601 1612 813 1646 resignatione
846 1615 983 1649 recepta,
1018 1622 1099 1642 eam-

500 1661 571 1686 dem
584 1661 798 1695 praebendam
814 1663 936 1690 Renero
950 1664 989 1690 de
1002 1664 1101 1691 Malre

499 1709 695 1743 presbytem,
723 1711 957 1745 consanguineo
994 1714 1025 1740 et
1053 1719 1101 1740 so-

499 1757 545 1783 cio
559 1758 713 1792 capellani
727 1760 891 1793 praedicti,
907 1761 1055 1795 assignet,
1070 1763 1102 1790 et

502 1806 601 1833 eidem
622 1808 762 1834 Waltero
783 1809 821 1835 de
841 1809 900 1836 alia
921 1811 1101 1844 praebenda

500 1863 562 1881 non
584 1857 770 1883 sacerdotali
792 1865 916 1885 necnon
937 1860 968 1885 et
989 1860 1028 1886 de
1048 1867 1102 1886 an-

502 1911 564 1931 nua
602 1905 752 1939 pensione
789 1907 966 1940 provideat,
1003 1909 1101 1935 donec

501 1954 699 1986 praebendae
718 1962 780 1980 non
798 1956 1004 1983 sacerdotalis
1019 1956 1102 1984 fruc-

501 2002 552 2027 tus
571 2002 755 2036 perceperit.

1100 2053 1163 2073 tome
1186 2051 1216 2073 iil

542 2098 638 2124 Paulo
665 2098 794 2132 Cinthii,
816 2100 966 2127 canonico
995 2102 1090 2128 eccle·
1111 2101 1188 2140 1453
1210 2098 1312 2138 {2698

503 2146 566 2173 siae
585 2154 607 2173 S.
629 2147 725 2173 Marci
744 2149 782 2174 dc
802 2149 896 2181 Urbe,
917 2151 1049 2177 mandat
1068 2152 1103 2178 ut

503 2196 650 2229 Egidium
679 2197 835 2223 ,Iohannis
861 2198 997 2231 Milonis,
1025 2206 1103 2233 pau-

503 2250 609 2278 perem
628 2245 776 2271 clericum
797 2246 988 2280 Romanum,
1008 2247 1104 2274 infor-

503 2292 642 2319 matione
665 2294 705 2319 de
729 2294 797 2327 ejus
822 2295 941 2321 meritis
964 2296 1102 2329 praevia,

502 2340 533 2366 in
554 2341 683 2367 ecclesia
705 2348 728 2368 s.
750 2342 869 2369 Mariae
890 2343 920 2369 in
941 2344 1103 2372 Monticel-

501 2389 538 2415 lis
564 2390 719 2416 Arenuiae
744 2392 782 2417 de
809 2392 892 2418 Urbe
921 2392 951 2418 in
976 2393 1104 2420 canoni-

501 2445 572 2464 cum
597 2439 692 2473 recipi
716 2439 825 2466 faciat.

1101 2491 1164 2511 tome
1186 2489 1216 2511 n!

546 2545 684 2579 Petrum,
703 2545 732 2571 in
752 2546 902 2573 abbatem
932 2549 1090 2575 monaste·
1111 2547 1114 2586 Ι
1131 2548 1190 2576 317
1210 2543 1215 2584 Ι
1253 2547 1309 2576 662

504 2593 538 2618 rii
554 2600 576 2619 s.
595 2594 719 2621 Y'sidori
736 2595 935 2628 Legionensis
949 2603 1004 2631 per
1017 2597 1103 2624 viam

504 2643 718 2676 compromissi
740 2651 756 2670 a
777 2644 822 2676 l’.‚
844 2645 960 2672 abbate
979 2646 1018 2673 de
1037 2645 1103 2673 Sai-

506 2691 670 2724 tu—novali,
709 2692 925 2720 cisterciensis
973 2695 1101 2727 ordinis,

503 2739 704 2773 Legionensis
731 2741 872 2774 diocesis,
901 2743 933 2769 et
962 2744 995 2769 P.
1024 2743 1102 2770 Feli-

503 2788 547 2814 cis
569 2795 603 2815 ac
625 2789 663 2815 N.
685 2790 851 2823 Johannis,
873 2791 1016 2824 ciusdem
1036 2799 1102 2819 mo-

504 2837 633 2862 nasterii
660 2838 828 2871 canonicis,
857 2839 1002 2873 electum,
1031 2847 1103 2868 con-

504 2884 622 2917 firmat,
654 2885 797 2913 faciendo
829 2887 854 2913 ei
886 2888 924 2915 ab
955 2889 1102 2924 episcopo

1387 766 1462 796 1264

1363 817 1433 851 juin
1463 816 1514 845 29.

1548 770 1676 797 Orvieto.

2296 329 2384 355 Paga.
2398 328 2534 351 Numero·-

1724 383 1904 410 Tusculano
1935 390 2050 410 munus
2079 384 2326 412 consecrationis

1726 431 1877 465 impendi.

1769 529 1805 554 In
1828 535 1854 555 e.
1880 536 1920 555 m.
1946 530 2118 556 conventui
2143 530 2325 558 monasterii

1726 583 1749 603 s.
1771 575 1899 605 Ysidorl
1915 578 2128 612 Legionensis,
2150 579 2189 606 ad
2209 579 2325 606 Roma-

1725 633 1800 652 nam
1820 626 1982 653 ecclesiam
2002 626 2087 654 nullo
2108 627 2211 654 medio
2230 628 2326 662 perti·

1726 675 1840 707 nentis,
1870 675 1989 702 ordinis
2017 682 2041 702 s.
2070 676 2251 710 Augustini.

1772 771 1930 805 Episcopo
1942 771 2174 799 Cenomanensi
2188 772 2332 800 commit·
2353 771 2358 811 Ι
2373 773 2433 800 330
2453 771 2459 812 Ι
2475 773 2534 801 695

1729 819 1770 846 tit
1810 820 2028 847 executionem
2067 821 2182 847 indulti
2219 821 2328 848 comiti
2523 826 2526 827 ⁷

1732 867 1957 895 vindocinensi
1984 869 2133 896 concessi.

2324 918 2388 939 tome
2410 916 2441 940 in

1772 971 1924 1005 Magistro
1959 972 2099 998 Johanni
2134 972 2173 998 de
2212 972 2331 999 pende·
2351 970 2357 1011 Ι
2374 970 2412 999 72
2433 970 2440 1012 Ι
2459 970 2536 1001 1082

1729 1021 1837 1045 monte
1858 1020 2080 1047 canonicatum
2103 1021 2133 1046 in
2154 1020 2283 1047 ecclesia
2303 1027 2328 1048 s.

1727 1067 1900 1095 Clementis
1932 1068 2202 1103 CompendicnsiS,
2238 1070 2328 1096 Sues-

1729 1116 1881 1143 sionensis
1896 1117 2037 1150 diocesis,
2055 1126 2070 1144 a
2089 1118 2239 1152 mac-istro
2256 1118 2330 1145 Dal-

1729 1165 1829 1192 finate
1862 1167 1900 1193 de
1934 1166 2066 1201 Neapoli
2098 1167 2327 1201 adjudicatam,

1729 1214 1908 1241 confirmat.

2324 1263 2389 1284 tome
2409 1261 2442 1286 ΙΙΙ

1774 1321 1914 1347 Priorem
1939 1328 1962 1348 S.
1989 1322 2138 1349 Germani
2163 1323 2202 1349 de
2230 1323 2335 1349 Pratis
2355 1321 2360 1361 Ι
2378 1323 2414 1349 74
2436 1321 2536 1361 {1083

1731 1369 1914 1396 Parisiensis
1944 1371 1976 1397 et
2007 1371 2137 1397 Petrum
2167 1371 2206 1398 de
2233 1371 2331 1398 Curte

1730 1418 1913 1452 praedictae
1942 1420 2119 1446 sententiae
2148 1421 2331 1447 executores

1731 1467 1910 1494 constituit.

2327 1517 2391 1538 tome
2412 1513 2444 1538 m

1769 1573 1931 1608 Stephano
1964 1574 2119 1607 Jocellini,
2137 1574 2248 1602 clerico
2280 1575 2312 1602 in
2332 1573 2338 1614 Ι
2355 1573 2416 1602 293
2438 1572 2446 1615 Ι
2463 1574 2539 1604 1863

1731 1621 1905 1649 minoribus
1941 1623 2104 1650 ordinibus
2140 1623 2328 1658 constituto,

1730 1671 1976 1705 Engolismensis
2010 1672 2152 1706 diocesis,
2187 1672 2331 1700 tabellio·

1731 1721 1827 1746 natus
1846 1720 1988 1748 officium
2007 1721 2140 1748 confert.

2326 1770 2391 1792 tome
2411 1768 2444 1792 ul

1772 1818 2015 1853 Archiepiscopo
2028 1819 2217 1846 Biturieensi
2230 1826 2318 1847 man·
2339 1817 2344 1858 Ι
2359 1820 2418 1847 444
2439 1817 2536 1859 {2641

1732 1866 1788 1892 dat
1814 1868 1848 1892 ut
1873 1867 2081 1901 Stephanum,
2107 1869 2261 1894 rectorem
2284 1874 2332 1895 ec·

1733 1914 1845 1941 clesiae
1872 1922 1895 1942 s.
1925 1916 2030 1942 Boniti
2057 1915 2272 1948 Biturieensis,
2299 1917 2333 1944 et

1733 1962 1934 1997 Stephanum
1955 1964 1993 1990 de
2009 1964 2186 1997 ,xlbiniacm
2206 1965 2333 1992 canoni-

1733 2017 1805 2037 cum
1829 2011 1977 2039 ecclesiae
2001 2013 2039 2039 de
2058 2013 2228 2047 Magduno,
2241 2013 2332 2040 Bitu-

1734 2059 1861 2086 ricensis
1883 2060 2025 2093 diocesis,
2043 2061 2211 2088 rectoriam
2230 2063 2262 2088 et
2281 2069 2333 2089 ca·

1731 2108 1915 2135 nonicatum
1930 2110 1969 2136 ad
1985 2109 2120 2136 invicem
2134 2112 2330 2138 commutare

1729 2155 1837 2184 faciat.

2341 2221 2406 2242 tome
2427 2219 2458 2242 m

1774 2260 1873 2286 Priori
1893 2262 1924 2287 et
1945 2261 2086 2295 capitulo
2098 2261 2246 2288 ecclesiae
2257 2263 2319 2290 Tu·
2339 2260 2418 2300 1453
2440 2260 2540 2301 {2687

1733 2308 1876 2335 dertinae
1892 2310 2023 2336 mandat
2040 2311 2086 2342 ut,
2103 2310 2238 2337 obtentu
2253 2310 2333 2345 epis-

1733 2357 1802 2391 copi
1830 2358 2005 2390 'iudei-tini,
2034 2358 2213 2391 Rusticum,
2240 2365 2334 2386 cano-

1733 2405 1839 2432 nicum
1870 2406 2018 2433 ecclesiae
2048 2413 2072 2433 s.
2103 2407 2265 2434 Valentini
2294 2407 2333 2435 de

1734 2455 1817 2487 Arei,
1847 2455 1878 2481 in
1910 2455 2097 2482 canonicum
2129 2455 2293 2491 recipiant.

2328 2505 2391 2525 tome
2413 2503 2444 2526 ΙΙΙ

1772 2553 2031 2585 constantinum,
2062 2553 2318 2581 archidiaconum
2336 2548 2342 2590 Ι
2379 2554 2417 2582 84
2438 2552 2445 2594 Ι
2463 2554 2539 2583 1084

1733 2601 1951 2634 Alnisiensem,
1975 2602 2143 2636 magistros
2166 2603 2332 2636 Hugonem

1733 2650 2041 2684 archipresbyterum
2061 2651 2099 2677 de
2119 2651 2333 2685 Rupella,Pe-

1731 2700 1815 2725 trum
1836 2698 1936 2725 Sorini
1955 2701 1985 2726 et
2007 2700 2155 2726 Pontium
2174 2700 2213 2726 de
2231 2700 2333 2728 Ponte

1732 2747 1899 2774 canonicos
1919 2748 2332 2780 Xantonenses,arbitrato-

1731 2802 1779 2822 res
1807 2795 1975 2823 confirmat
2005 2797 2036 2823 in
2065 2803 2159 2824 causa
2187 2798 2333 2825 vertente

1732 2844 1813 2871 inter
1835 2846 2033 2872 Bernardum
2056 2846 2094 2872 de
2117 2844 2269 2878 Villaboe,
2293 2852 2332 2873 ex

1737 2900 1799 2931 una
1819 2895 1922 2929 parte,
1943 2895 1974 2921 et
2000 2894 2153 2921 decanum
2183 2899 2219 2920 ac
2237 2894 2321 2929 capi-
