2519 3262
236 175 295 205 390
986 170 1228 201 REGISTRES

276 268 291 286 «
311 257 534 287 Archidiacono
550 254 738 285 castri-Lidi
753 255 783 283 in
795 254 918 284 ecclesia
933 254 1162 285 Cenonnmensi.
1184 254 1246 284 Pa<

235 312 328 341 terne
354 311 509 341 affectum
533 309 759 340 benivolentie
777 328 827 338 —.
846 309 971 339 Datum
997 309 1084 347 apud
1103 308 1244 338 Urbem-

235 366 395 400 veterem,
416 364 491 393 idus
508 362 709 398 decembris,
728 370 815 392 anno
831 362 942 392 tertio.
970 374 983 389 u

733 507 858 539 Orvicto,
875 510 907 535 27
923 509 1078 535 novembre
1096 509 1173 535 1263.

326 511 423 541 2356

271 594 307 619 De
324 592 472 626 capellano
499 591 675 618 instituendo
695 590 723 617 in
746 590 855 624 capella
875 590 1028 624 hospitalis
1052 590 1141 617 Villae
1162 591 1244 625 Augi,

235 641 474 675 ltothomagcnsis
501 640 634 672 diocesis,
657 648 672 666 a
699 639 812 667 clerivis
836 639 964 674 ejusdem
987 639 1081 667 villae.
1100 640 1178 674 (Rae.
1199 641 1246 673 29,

235 690 283 717 sol.
298 692 360 722 266,
377 696 408 716 11⁰
422 689 514 724 1205.)

276 797 290 816 «
309 787 548 827 Arclziepiseopo
574 785 820 825 Rotltomassensi.
846 786 895 815 Ex
924 787 1018 824 parte
1046 784 1246 815 dilectorum

236 841 435 871 clericorum
461 840 551 870 Ville
570 839 669 878 Augi,
690 841 746 869 tue
773 838 932 874 diocesis,
954 838 1016 868 fuit
1034 838 1246 877 propositum

236 903 347 924 coram
366 893 463 923 nobis
489 893 577 931 quod
603 893 681 931 ipsi,
710 892 751 922 ad
769 893 985 930 augmentum
1011 892 1122 921 cultus
1139 891 1246 921 divini

236 947 384 977 nominis
401 946 604 984 aspirantes,
616 947 724 976 certos
741 945 781 975 de
803 944 902 975 bonis
925 945 1074 983 propriis
1091 946 1247 975 emerunt

237 1000 389 1030 redditus
420 1000 451 1029 et
479 999 676 1029 ordinarunt
704 998 814 1029 tribus
841 998 960 1028 diebus
985 998 1019 1027 in
1044 998 1245 1036 septimana,

237 1062 302 1084 uno
319 1053 476 1083 videlicet
494 1053 528 1082 in
555 1052 662 1082 sancti
680 1052 841 1091 Spiritus,
860 1051 926 1081 alio
950 1060 1083 1090 quoque
1100 1051 1133 1080 in
1151 1050 1247 1081 beate

237 1107 341 1137 Marie
367 1106 520 1145 Virginis
537 1106 674 1142 honore,
691 1114 728 1135 ac
746 1105 877 1144 reliquo
892 1114 952 1144 pro
971 1104 1149 1134 animabus
1167 1104 1247 1135 fide-

237 1160 320 1190 lium
345 1159 579 1190 defunctorum
605 1159 714 1189 facere
738 1158 921 1188 missarum
945 1158 1149 1196 sollempnia
1165 1157 1249 1187 cele-

238 1213 339 1243 brari.
360 1212 425 1243 Sed
453 1213 517 1251 ipsi
536 1212 685 1251 aliquem
708 1211 819 1242 locum
843 1213 971 1242 certum
991 1220 1057 1241 non
1075 1211 1198 1241 habent
1216 1212 1248 1240 in

238 1275 303 1305 quo
330 1266 445 1296 eadem
471 1265 674 1304 sollempnia
692 1264 914 1295 celebrentur.
933 1265 1043 1300 Quare
1069 1264 1247 1294 memorati

238 1319 350 1350 clerici
377 1328 395 1349 a
414 1318 511 1349 nobis
527 1319 729 1357 suppliciter
748 1318 966 1357 postulabant
984 1319 1020 1348 ut
1037 1318 1087 1348 eis
1105 1318 1248 1348 faciendi

238 1372 400 1402 celebrari
431 1372 581 1411 predicta
618 1371 822 1410 sollempnia
846 1371 880 1400 in
912 1371 1041 1409 capella
1069 1370 1250 1409 hospitalis

237 1425 365 1464 prefate
382 1425 537 1459 ville,cui
554 1425 663 1464 parati
680 1427 769 1460 sunt,
784 1424 824 1454 ad
840 1424 1122 1454 sustentationem
1140 1424 1246 1462 capel-

237 1479 318 1514 lani,
340 1487 400 1517 pro
421 1478 631 1508 celebrandis
655 1478 783 1508 eisdem
799 1477 1014 1516 sollempniis
1035 1476 1248 1513 instituendi,

236 1531 422 1571 prelibatos
432 1531 596 1567 redditus,
612 1539 697 1569 quos
709 1531 750 1560 ad
759 1531 1041 1560 sustentationem
1056 1529 1250 1569 hujusmodi

237 1585 392 1615 suflicere
428 1585 597 1619 asserunt,
629 1584 816 1623 assignare,
849 1583 1022 1614 licentiam
1055 1583 1249 1619 concedere,

238 1637 431 1675 dictumque
457 1636 671 1675 capellanum
693 1637 831 1675 propter
854 1635 914 1665 hoc
936 1636 968 1665 in
986 1635 1103 1665 eadem
1121 1635 1250 1674 capella

239 1690 372 1720 institui
400 1690 508 1720 facere
536 1689 765 1728 dignaremur.
800 1688 964 1719 Volentes
990 1688 1094 1727 igitur
1127 1689 1160 1718 in
1191 1688 1251 1718 hac

238 1745 332 1782 parto
352 1742 413 1773 tibi
437 1742 579 1779 deferre,
604 1742 662 1781 qui
680 1742 744 1772 loci
761 1742 962 1772 diocesanus
981 1741 1114 1778 existis,
1136 1742 1252 1772 frater-

239 1797 336 1826 nitati
364 1798 419 1826 tue
442 1796 642 1826 mandamus
666 1795 839 1834 quatinus,
870 1796 898 1825 si
925 1795 1106 1834 premissis
1124 1796 1251 1826 veritas

240 1850 442 1887 suffragatur
465 1850 497 1879 et
517 1849 677 1887 expedire
701 1849 842 1883 videris,
868 1857 904 1878 ac
926 1849 967 1878 ad
995 1848 1028 1878 id
1049 1848 1250 1879 dilectorum

241 1903 388 1933 tiliorum
404 1926 429 1933 ..
451 1903 602 1938 rectoris,
620 1905 652 1932 et
675 1902 817 1932 fratrum
841 1902 1022 1941 hospitalis
1040 1902 1182 1941 predicti
1201 1911 1250 1932 ac-

240 1956 334 1986 cedat
350 1964 523 1991 assensus,
548 1955 744 1985 memoratis
765 1955 909 1991 clericis,
931 1955 1020 1994 quod
1037 1956 1181 1985 otl'erunt
1198 1956 1252 1986 ad-

241 2008 473 2048 implentibus,
488 2008 659 2038 licentiam
675 2008 805 2038 tribuas
822 2008 1038 2047 postulatam,
1058 2008 1252 2048 ibidemque

240 2062 408 2101 prefatum
421 2061 631 2100 capellanum
646 2061 817 2094 instituas,
828 2060 955 2099 absque
968 2061 1056 2099 juris
1066 2062 1252 2100 prejudicio

241 2115 355 2146 alieni.
386 2115 510 2145 Datum
538 2114 626 2153 apud
651 2113 940 2151 Urbemveterem,
966 2123 986 2144 v
1013 2114 1177 2145 kalendas
1200 2116 1252 2145 de-

240 2168 397 2204 cembris,
417 2176 503 2197 anno
518 2167 630 2197 tertio.
650 2177 664 2195 ))

330 2319 425 2350 2357
734 2317 859 2349 (stricto,
883 2318 914 2345 13
932 2318 1085 2345 decembre
1103 2319 1180 2345 1263.

276 2401 386 2427 bucano
403 2400 559 2427 Turonensi
575 2401 693 2427 mandat
707 2402 735 2427 ut
753 2400 905 2428 (luillelmo
921 2402 955 2427 dc
975 2402 1094 2433 Morcto,
1115 2402 1252 2429 canonico

241 2449 377 2476 ecclcsiae
405 2458 428 2476 S.
459 2450 582 2476 Mauritii
610 2450 805 2481 Carnotensis,
835 2450 868 2477 dc
899 2451 1062 2484 praebenda
1093 2451 1252 2486 provideat.

242 2499 320 2533 (nnc.
336 2499 379 2529 20,
401 2497 447 2525 sol.
464 2500 526 2530 200,
543 2504 571 2524 11⁰
587 2499 677 2531 1400.)

282 2606 296 2625 α
315 2596 432 2626 Oceano
463 2596 641 2626 Turonensi.
669 2597 821 2627 Dilectus
849 2596 940 2627 filius
971 2597 1179 2628 Guillelinus
1212 2598 1252 2628 de

242 2649 382 2685 Moreto,
403 2649 569 2688 presbiter
587 2650 769 2679 canonicus
795 2649 935 2680 ecclesie
952 2660 978 2679 s.
999 2650 1150 2680 Mauritii
1175 2652 1254 2681 Car—

243 2703 406 2738 notensis,
426 2702 523 2732 nobis
545 2703 735 2742 significare
752 2704 881 2733 curavit
900 2703 999 2742 quod,
1025 2703 1104 2733 licet
1124 2704 1196 2742 ipse
1220 2704 1254 2733 in

242 2755 359 2785 eadem
377 2755 530 2792 ecclesia,
551 2756 750 2787 auctoritate
768 2756 957 2786 litterarum
976 2756 1085 2787 felicis
1104 2757 1255 2787 recorda-

242 2808 346 2838 tionis
368 2809 550 2839 Alexandri
570 2818 666 2848 pape,
684 2809 935 2848 predecessoris
958 2810 1076 2843 nostri.
1095 2810 1254 2840 canonice
1278 2823 1279 2827 ¹

242 2862 397 2900 receptus
417 2862 460 2892 sit
489 2862 522 2892 in
539 2862 736 2892 canonicum
758 2863 788 2893 et
809 2862 842 2892 in
865 2862 1016 2899 fratrem,
1042 2862 1190 2893 nondum
1211 2865 1254 2893 ta·
1277 2852 1279 2876 ³

1261 169 1475 200 D‘URBAIN
1506 170 1562 200 IV.

1273 290 1274 299 ἵ
1304 261 1380 284 rnen
1406 255 1455 284 est
1487 254 1519 283 in
1553 254 1669 284 eadem
1703 253 1908 292 prebendam
1941 254 2090 293 aliquam
2124 258 2315 286 assecutus.

1304 306 1387 337 Cum
1406 306 1508 346 igitur
1536 307 1710 346 indignum
1730 307 1854 337 existat
1878 309 1914 337 ut
1935 307 2023 337 idem
2041 308 2081 338 G.
2101 307 2199 338 inane
2217 317 2315 339 cano-

1304 359 1368 390 nici
1383 368 1504 390 nomen
1517 362 1621 399 gerat,
1639 360 1832 390 discretioni
1848 362 1904 390 tue
1921 360 2122 390 mandamus
2134 363 2313 399 quatenus,

1303 413 1332 443 si
1361 415 1411 443 est
1442 413 1500 449 ita,
1528 413 1637 443 eidem
1665 412 1861 449 Guillelrno,
1889 416 2016 452 parato,
2049 415 2084 443 ut
2113 414 2248 448 asserit,
2282 414 2316 444 in

1303 466 1419 496 eadem
1437 466 1580 496 ecclesia
1594 465 1815 496 residentiam
1834 466 1942 496 facere
1959 468 2166 503 consuetam,
2186 467 2226 497 de
2241 475 2312 505 pre-

1302 519 1411 550 benda
1431 519 1497 549 sibi
1514 519 1640 557 dejure
1653 518 1776 555 debita,
1795 519 1823 549 si
1839 528 1905 558 qua
1922 519 1955 549 in
1973 519 2117 549 ecclesia
2137 519 2210 558 ipsa
2222 521 2317 550 vacat

1303 573 1343 603 ad
1363 581 1503 612 presens
1520 572 1573 602 vel
1591 572 1843 611 quamprimum
1863 573 1903 602 ad
1920 572 1952 602 id
1970 581 2005 602 se
2024 572 2168 602 facultas
2190 572 2316 603 obtule-

1303 627 1358 661 rit,
1384 626 1583 656 auctoritate
1609 627 1724 655 nostra
1742 634 1801 664 per
1818 627 1850 656 te
1866 626 1918 656 vel
1935 634 1995 664 per
2015 625 2120 655 alium
2138 625 2317 664 providere

1303 687 1475 717 procures.
1509 678 1782 709 Contradictores
1813 680 1875 708 etc.
1910 687 2018 717 usque
2059 678 2316 718 compescendo.

1303 732 1427 762 Datum
1456 732 1543 771 apud
1577 731 1867 767 Urbemveterem,
1899 731 1975 761 idus
2003 731 2192 762 decembris
2229 740 2317 762 anno

1303 786 1414 816 tertio.
1435 795 1449 814 »

1395 976 1492 1007 2358
1809 973 1932 1004 Officio,
1954 974 1984 1001 13
1998 973 2148 1000 decembre
2166 973 2245 1000 1:263.

1341 1058 1478 1094 Episcopo
1499 1058 1665 1085 Florentino
1691 1059 1810 1084 mandat
1831 1061 1859 1084 ut
1878 1060 2032 1092 proventus
2049 1057 2253 1084 beneficiorum
2273 1057 2318 1087 P„

1305 1107 1461 1142 praepositi
1490 1107 1659 1141 Florentini,
1680 1107 1726 1141 qui
1752 1107 1787 1133 ob
1807 1106 1988 1133 devotionem
2013 1107 2158 1133 Romanae
2178 1105 2318 1132 ecclcsiae

1305 1166 1412 1192 poenas
1425 1157 1501 1184 exilii
1518 1156 1640 1191 experiri
1657 1158 1772 1182 coactus
1790 1159 1844 1188 est,
1859 1155 1955 1189 colligi
1973 1156 2059 1182 saciat
2075 1155 2225 1189 eidemque
2238 1162 2320 1189 prae-

1306 1206 1397 1241 posito
1413 1205 1551 1240 assignet.
1567 1206 1647 1240 (lli-30.
1665 1207 1708 1235 29,
1729 1205 1777 1232 sol.
1795 1206 1859 1238 200,
1877 1211 1908 1231 no
1922 1204 2014 1237 1407.)

1347 1328 1361 1347 (ι
1384 1317 1536 1357 Episcopo
1555 1316 1746 1346 Florentino.
1763 1316 1860 1346 Circa
1878 1316 2039 1346 dilectum
2054 1316 2164 1346 filium
2179 1317 2231 1354 P„
2247 1326 2321 1357 pre·

1307 1371 1456 1410 positum
1485 1369 1733 1403 Florentinum,
1760 1368 1973 1408 capellanum
2004 1371 2170 1406 nostrum,
2189 1379 2250 1409 pro
2281 1379 2319 1402 eo

1306 1424 1457 1464 gerimus
1477 1423 1726 1462 compassionis
1750 1422 1904 1452 affectum
1932 1423 2022 1462 quia,
2053 1432 2114 1462 pro
2143 1423 2322 1455 devotione

1307 1486 1408 1517 quam
1421 1477 1462 1507 ad
1475 1477 1664 1507 Romanam
1683 1476 1769 1515 gerit
1787 1475 1977 1512 ecclesiam,
1998 1485 2103 1515 penas
2121 1477 2227 1512 exilii,
2245 1486 2321 1508 cum

1308 1530 1466 1562 omnibus
1485 1531 1524 1560 de
1543 1530 1642 1560 domo
1659 1532 1691 1560 et
1710 1529 2002 1569 consanguinitate
2021 1539 2094 1566 sua,
2118 1532 2253 1561 coactus
2271 1532 2322 1562 est

1308 1594 1327 1615 a
1344 1584 1490 1615 triennio
1509 1583 1671 1622 preterito
1693 1583 1853 1622 experiri.
1881 1583 1968 1614 Hinc
1996 1586 2047 1614 est
2068 1584 2158 1623 quod
2179 1593 2253 1621 nos,
2281 1584 2322 1615 de

1307 1638 1502 1678 provisione
1518 1637 1685 1676 condigna
1700 1637 1765 1666 sibi
1782 1636 1963 1667 subvenire
1983 1637 2147 1674 volentes,
2165 1637 2323 1668 fraterni-

1307 1691 1369 1723 tati
1393 1693 1448 1722 tue
1469 1699 1528 1730 per
1557 1690 1743 1730 apostolica
1768 1690 1895 1729 scripta
1918 1690 1952 1720 in
1980 1690 2103 1722 virtute
2131 1690 2322 1722 obedientie

1308 1745 1451 1775 firmiter
1465 1744 1683 1783 precipiendo
1703 1744 1903 1774 mandamus
1923 1746 2090 1783 quatenus
2115 1753 2233 1775 omnes
2249 1754 2324 1784 pro-

1308 1800 1441 1831 ventus,
1467 1797 1620 1827 redditus
1643 1799 1674 1828 et
1698 1796 1919 1828 obventiones
1943 1798 2156 1837 prepositure
2184 1798 2321 1829 Floren-

1308 1851 1377 1882 tine
1408 1860 1445 1880 ac
1476 1850 1648 1889 prioratus
1683 1850 1849 1881 secularis
1883 1851 2024 1881 ecclesie
2053 1860 2080 1880 S.
2112 1851 2323 1891 Apollinaris

1310 1904 1509 1938 Florentini‚
1540 1905 1571 1934 et
1596 1903 1708 1942 plebis
1731 1904 1771 1933 de
1797 1903 1953 1943 Fighino,
1971 1904 2138 1934 Fesulane
2162 1905 2322 1942 diocesis,

1309 1966 1394 1996 quos
1415 1966 1450 1987 se
1478 1957 1637 1987 canonice
1666 1957 1823 1996 proponit
1848 1957 2006 1996 adeptum
2032 1959 2063 1988 et
2088 1966 2129 1988 ex
2149 1958 2325 1997 dispensa-

1309 2011 1399 2041 tione
1418 2010 1604 2049 apostolica
1623 2009 1786 2047 obtinere,
1808 2020 1844 2040 ac
1860 2011 1962 2041 etiam
1979 2013 2165 2050 proventus
2183 2011 2324 2050 preben-

1309 2064 1427 2093 darum
1446 2072 1584 2093 suarum
1607 2063 1827 2093 ecclesiarum
1845 2063 2053 2102 hujusmodi,
2073 2064 2321 2095 distributioni-

1309 2116 1372 2148 bus
1400 2116 1579 2146 cotidianis
1604 2116 1768 2155 exceptis,
1796 2124 1856 2154 per
1881 2118 1913 2146 te
1933 2116 1985 2147 vel
2017 2125 2076 2155 per
2105 2117 2209 2147 alium
2228 2117 2322 2148 colli-

1309 2178 1368 2209 gas
1387 2169 1531 2199 fideliter
1559 2178 1618 2199 seu
1647 2168 1760 2208 colligi
1785 2169 1889 2199 facias
1910 2172 1952 2205 et,
1977 2172 2149 2200 reservata
2176 2171 2216 2201 de
2239 2171 2324 2210 ipsis

1309 2231 1456 2262 congrua
1474 2222 1636 2261 pensione
1652 2222 1821 2252 ministris
1838 2222 1980 2261 ydoneis
1998 2223 2067 2262 qui,
2085 2223 2158 2253 loco
2180 2224 2245 2259 sui,
2270 2224 2325 2255 de-

1310 2276 1461 2306 serviunt
1486 2275 1520 2305 in
1545 2275 1685 2311 eisdem,
1716 2275 1804 2305 dicto
1833 2276 2006 2314 preposito
2033 2276 2086 2306 vel
2114 2277 2325 2315 procuratori

1310 2338 1383 2365 suo,
1418 2329 1490 2368 ejus
1516 2328 1664 2365 nomine,
1696 2330 1764 2358 tam
1794 2328 1851 2358 diu
1879 2329 2053 2359 annuatim
2081 2338 2157 2360 cum
2184 2330 2325 2370 integri-

1310 2384 1378 2413 tate
1415 2382 1553 2412 studeas
1594 2381 1780 2420 assignare,
1821 2382 1924 2412 donec
1962 2383 2034 2421 ipse
2075 2383 2115 2413 ad
2152 2384 2324 2414 civitatem

1312 2435 1483 2466 Florentie
1505 2435 1613 2465 redire
1642 2444 1759 2465 secure
1777 2435 1888 2466 valeat
1912 2438 1943 2466 et
1965 2436 1998 2466 in
2016 2436 2090 2475 ipsa
2108 2437 2252 2473 morari;
2269 2437 2325 2468 de-

1310 2490 1459 2520 tentores
1487 2497 1621 2528 quoque
1645 2489 1848 2527 dignitatum
1864 2489 1916 2519 vel
1936 2493 2179 2528 personatuum
2206 2492 2237 2521 et
2254 2499 2326 2530 pre-

1310 2543 1496 2573 bendarum
1517 2542 1710 2580 hujusmodi
1728 2542 1768 2572 ab
1786 2542 1836 2572 eis
1854 2551 1994 2581 prorsus
2009 2551 2168 2574 amoveas
2186 2545 2217 2574 et
2235 2544 2325 2575 dicto

1310 2596 1482 2635 preposito
1499 2595 1538 2625 de
1565 2595 1736 2625 universis
1759 2595 1897 2626 illorum
1914 2596 2137 2634 proventibus
2155 2605 2214 2627 seu
2237 2597 2323 2628 sruc-

1311 2649 1401 2680 tibus
1426 2658 1464 2679 ac
1489 2649 1591 2679 etiam
1610 2648 1880 2688 quibuscumque
1899 2648 1997 2680 bonis
2015 2650 2136 2680 exinde
2154 2651 2325 2690 perceptis

1310 2711 1370 2741 per
1391 2702 1574 2733 trienniinn
1605 2704 1830 2733 memoratum
1847 2703 2117 2733 satisfactionem
2136 2703 2323 2742 plenariam

1311 2754 1416 2785 facias
1445 2755 1610 2786 exhiberi.
1639 2755 1912 2786 Contradictores
1933 2773 1982 2783 —.
2011 2755 2168 2786 Invocato
2190 2755 2322 2790 adhoc,

1310 2809 1338 2838 si
1358 2817 1442 2847 opus
1467 2808 1580 2844 fuerit,
1601 2809 1730 2839 auxilio
1752 2808 1879 2839 brachii
1897 2809 2072 2839 secularis.
2090 2809 2215 2839 Datum
2234 2809 2323 2849 apud

1310 2861 1600 2898 Urbemvetcrem,
1621 2862 1698 2892 idus
1715 2861 1915 2898 decembris,
1935 2871 2022 2893 anno
2041 2863 2152 2892 tertio.
2175 2872 2189 2890 »
