2519 3262
213 213 272 243 204

215 307 279 326 rum
296 297 516 328 Leodiensium.
531 297 715 328 Personam
732 297 846 327 dilecti
859 297 978 328 filii-.
995 298 1119 328 Datum
1134 299 1222 337 apud

215 350 506 388 L‘rbemveterem,
524 360 545 380 11
570 351 646 380 idus
664 351 791 387 martii,
815 359 901 381 anno
921 351 1062 381 tertio.»

777 531 903 565 Orvieto,
924 533 954 559 15
975 540 1052 558 mars
1074 532 1150 559 1204.

305 533 401 564 1448

250 616 429 650 Dispensatlo
449 624 534 650 super
562 615 702 642 natalium
718 616 831 643 defectu
853 616 989 643 Balduiuo
1003 617 1037 642 de
1060 617 1222 642 Boukerdes

213 666 391 700 presbytero,
408 664 510 691 rectori
527 664 666 692 eeclesiae
678 666 711 691 de
725 668 882 700 Quatypra,
901 665 1071 692 §lerinensis
1089 665 1221 698 diocesis,

213 715 388 741 conceditur.
408 714 487 748 (nm.
505 714 549 745 29,
573 714 621 740 fol.
643 714 702 746 134,
720 720 749 740 [ιθ
767 714 843 749 498.)

253 831 268 850 ((
280 820 433 850 Balduino
441 820 475 850 de
485 821 843 861 Boulserdespresbitero,
853 821 1090 851 rectoriecclesie
1097 820 1132 850 de
1143 821 1221 857 Qua-

214 879 317 915 typra‚
336 874 517 904 Morinensis
532 874 668 905 diocesis.
688 875 885 914 Apostolice
905 875 996 905 sedis
1011 875 1160 914 gratiosa
1173 892 1222 903 —.

211 927 297 959 Sane
308 929 356 964 tu,
367 928 408 958 ad
418 928 639 966 apostolicam
649 928 763 959 sedem
772 928 944 962 accedens,
958 927 1057 958 nobis
1069 936 1221 958 reveren·

210 983 262 1012 ter
274 984 305 1012 et
318 981 493 1011 humiliter
509 981 656 1011 retulisti
672 981 772 1020 quod,
785 990 859 1011 eum
877 981 958 1011 olim
975 989 1077 1020 super
1091 981 1223 1011 defectu

211 1035 376 1066 natalium
394 1035 535 1073 quemte
549 1035 675 1065 asseris
692 1035 774 1073 pati,
791 1036 831 1065 de
847 1035 969 1065 clerieo
983 1035 1017 1065 in
1032 1033 1224 1065 minoribus

211 1088 388 1118 ordinibus
400 1088 582 1118 constituto
594 1088 728 1127 genitus
740 1090 771 1118 et
787 1089 909 1125 soluta,
925 1090 1035 1119 tecum
1052 1089 1099 1124 ut,
1109 1087 1224 1127 hujus-

210 1141 302 1172 modi
311 1150 376 1172 non
386 1141 538 1173 obstante
550 1141 694 1178 defectu,
703 1144 879 1180 possestu,
888 1141 1037 1181 simplex
1046 1142 1126 1172 tunc
1135 1141 1222 1171 exis-

210 1195 286 1225 tens
296 1195 451 1231 clericuS,
460 1195 652 1233 promoveri
661 1195 700 1225 ad
708 1203 824 1225 omnes
835 1195 971 1225 ordines
981 1196 1013 1225 et
1021 1194 1223 1225 beneficium

212 1248 490 1284 ecclesiasticum,
511 1257 625 1278 curam
643 1247 770 1278 habens
789 1248 992 1284 animarum,
1016 1248 1118 1278 etiam
1141 1247 1222 1278 obii<

211 1309 302 1337 nere,
318 1301 517 1331 auctoritate
534 1301 720 1339 apostolica
738 1301 973 1340 dispensatum
995 1301 1128 1336 suisset,
1153 1302 1221 1330 tan-

211 1355 286 1384 dem
300 1355 341 1384 ad
355 1356 448 1384 tuam
461 1355 613 1393 pervenit
630 1355 784 1384 notitiam
797 1355 885 1393 quod
895 1354 1089 1393 hujusmodi
1104 1362 1219 1392 paren-

210 1409 262 1438 tes
276 1407 325 1438 tui
344 1408 385 1437 ad
398 1407 540 1437 invicem
556 1407 654 1438 tertia
667 1407 971 1446 consanguinitatis
989 1407 1079 1437 linea
1098 1415 1133 1437 se
1147 1416 1222 1437 con-

211 1461 354 1499 tingunt.
367 1461 450 1491 Cum
461 1462 583 1496 autem,
596 1462 627 1490 te
641 1460 852 1499 supplicante
862 1460 1038 1490 humiliter
1047 1460 1109 1490 tibi
1121 1469 1222 1499 super

210 1513 270 1544 hoe
296 1514 336 1544 de
362 1513 568 1552 benignitate
596 1514 783 1552 apostolica
806 1514 989 1552 provideri,
1015 1514 1221 1544 venerabilis

210 1567 461 1597 fraternoster..
477 1568 657 1606 episcopus
668 1567 878 1604 Sabinensis‚
893 1568 1133 1606 penitentiarie
1146 1577 1220 1598 nos-

213 1621 262 1650 tre
289 1628 403 1650 curam
423 1629 554 1659 gerens,
585 1620 699 1650 audito
720 1620 883 1650 laudabili
911 1621 1107 1651 testimonio
1131 1621 1221 1660 quod

208 1673 271 1703 tibi
288 1673 327 1703 (le
346 1673 519 1704 honestate
535 1682 667 1704 morum
685 1676 716 1704 et
732 1674 800 1704 vite
817 1683 853 1704 ac
871 1674 1061 1704 litterarum
1079 1675 1222 1705 seientia

208 1726 416 1764 perhibetur,
438 1727 477 1757 de
500 1727 640 1765 speciali
656 1727 815 1758 mandato
840 1729 955 1758 nostro
985 1727 1051 1758 sibi
1076 1727 1218 1763 anobis,

209 1780 343 1810 oraculo
371 1781 446 1810 vive
465 1781 569 1817 vom,
595 1783 705 1811 tecum
723 1790 825 1820 super
846 1781 996 1820 predicto
1011 1784 1068 1812 tuo
1089 1782 1219 1813 defectu

208 1833 343 1863 duxerit
369 1834 648 1872 dispensandum,
679 1835 777 1873 prout
806 1835 839 1864 in
868 1835 1062 1873 patentibus
1094 1835 1244 1876 litteris*

209 1886 317 1924 ipsius
335 1887 485 1925 episcopi
500 1896 560 1917 suo
578 1888 691 1926 sigillo
708 1888 851 1927 signatis
865 1888 999 1927 plenius
1017 1889 1216 1924 continetur,
1242 1878 1243 1888 ¹

207 1947 280 1976 nos,
308 1939 375 1970 luis
393 1940 702 1978 supplicationibus
732 1941 895 1977 inclinati,
918 1942 1006 1980 quod
1033 1942 1073 1972 ab
1099 1943 1217 1973 eodem

207 1992 366 2032 episeopo
383 1993 417 2022 in
434 1993 493 2023 hac
511 1995 603 2032 parte
621 1994 745 2024 sactum
763 1996 826 2029 est,
847 1996 955 2025 ratum
968 1998 997 2025 et
1017 1996 1217 2026 tirmumha—

206 2044 335 2081 bentes,
369 2046 401 2076 id
431 2048 630 2077 auctoritate
664 2048 848 2086 apostolica
880 2050 1120 2079 confirmanius
1153 2052 1214 2080 etc.

207 2107 314 2138 usque
333 2101 596 2131 communimus.

245 2152 411 2182 Tenorem
443 2155 555 2184 autem
582 2155 771 2184 litterarum
799 2155 950 2193 ipsarum
979 2156 1019 2185 de
1047 2156 1148 2187 verbo
1175 2158 1214 2187 ad

205 2204 345 2235 verbum
366 2207 580 2244 presentibus
598 2208 738 2238 fecimus
759 2209 924 2244 annotari,
942 2209 998 2248 qui
1019 2209 1097 2239 talis
1116 2212 1166 2239 est
1188 2222 1191 2239 ;

244 2268 258 2286 α
269 2258 390 2295 Guido,
403 2259 620 2290 miseratione
631 2261 746 2291 divina
755 2261 952 2292 Sabinensis
965 2262 1155 2301 episeopus.
1166 2263 1213 2292 di*

204 2310 289 2341 lecto
307 2312 340 2341 in
356 2312 490 2343 Christo
503 2314 667 2344 Balduino
680 2315 719 2344 de
728 2315 923 2345 Boukerdes
934 2315 1135 2353 presbiter0,
1150 2325 1215 2346 rec-

204 2364 267 2394 tori
281 2365 420 2396 ecclesie
431 2366 470 2396 de
480 2366 665 2406 Quatypra,
678 2367 883 2398 Morinensis
897 2368 1054 2404 diocesis,
1069 2369 1214 2399 salutem

203 2416 237 2447 in
254 2418 410 2449 Domino.
424 2420 594 2450 Accedens
605 2421 645 2450 ad
664 2421 885 2460 apostolicam
904 2422 1031 2455 sedem,
1052 2422 1214 2453 nobisex-

202 2478 326 2509 ponere
344 2473 505 2503 curavisti
523 2474 623 2512 quod,
637 2483 712 2504 eum
731 2474 811 2504 olim
830 2476 940 2505 tecum
959 2484 1062 2514 super
1080 2475 1214 2506 defertu

202 2525 366 2555 natalium
381 2534 480 2564 quem
494 2527 689 2565 patiebaris,
707 2528 746 2558 de
760 2528 882 2559 clerico
898 2529 1033 2568 genitus
1044 2530 1075 2559 et
1088 2529 1212 2560 soluta.

202 2576 323 2608 fuisset
334 2579 530 2609 auctoritate
541 2580 726 2618 apostolica
736 2581 970 2620 dispensatum
983 2582 1083 2620 quod,
1095 2582 1212 2612 eodem
1237 2608 1239 2616 k

201 2630 331 2661 defectu
349 2640 412 2661 non
430 2631 594 2666 obstante,
612 2642 731 2672 posses
747 2635 788 2664 ad
800 2643 917 2665 omnes
935 2634 1070 2665 ordines
1082 2644 1213 2674 promo-

201 2684 270 2714 veri
289 2685 320 2714 et
335 2684 485 2715 obtinere
499 2685 698 2717 beneficium
709 2688 988 2724 ecclesiasticum,
1001 2688 1103 2718 etiam
1121 2688 1148 2718 si
1160 2697 1212 2718 eu-

201 2745 271 2766 ram
289 2737 480 2768 animarum
497 2739 644 2771 liaberet.
668 2741 801 2771 tandem
821 2741 861 2771 ad
876 2742 968 2771 tuam
988 2742 1139 2780 pervenit
1157 2751 1211 2771 no-

200 2790 309 2820 titiam
328 2791 415 2829 quod
429 2794 583 2829 parentes
612 2793 657 2823 tui
676 2794 773 2823 tertia
792 2794 1098 2833 consanguinitatis
1121 2795 1209 2824 linea

200 2851 235 2872 se
255 2844 461 2882 contingunt.
483 2846 592 2880 Quare
614 2846 788 2877 humiliter
805 2847 1079 2886 supplicastitibi
1107 2856 1209 2886 super
1234 2857 1235 2865 ¹

178 2928 181 2932 ,
199 2895 265 2925 hiis
279 2905 337 2935 per
359 2897 472 2927 sedem
497 2899 715 2936 apostolicam
738 2900 1003 2931 miserifflrdilcr
1024 2901 1205 2939 provideri.

962 212 1206 244 REGISTRES
1235 212 1450 243 D'URBAIN
1480 213 1539 243 IV.

1273 298 1344 328 Nos
1359 298 1484 336 itaque,
1496 298 1534 328 de
1550 297 1678 327 domini
1695 306 1792 336 pape,
1810 298 1906 336 eujus
1921 298 2161 336 penitentiarie
2178 306 2293 328 euram

1273 351 1435 391 gerimus,
1461 351 1600 390 speciali
1622 351 1779 381 mandato
1809 352 1884 381 vive
1909 351 2002 382 vocis
2033 351 2170 382 oraculo
2194 351 2292 382 nobis

1274 404 1374 440 facto,
1394 406 1442 440 ut,
1460 405 1638 442 premissis
1650 404 1740 434 veris
1751 404 1980 434 existentibus
1998 405 2034 434 in
2052 405 2100 434 sie
2120 405 2290 443 succeptis

1274 457 1451 488 ordinibus
1470 457 1665 488 ministrare
1682 459 1714 488 et
1734 457 1859 487 dictam
1890 458 2070 488 ecclesiam
2093 466 2153 488 seu
2176 457 2292 494 aliam,

1274 519 1390 541 curam
1407 511 1598 541 animarum
1606 510 1799 545 habentem,
1811 510 1871 540 illa
1888 511 1928 540 de
1943 510 2119 550 Quatypra
2134 511 2290 547 dimissa,

1274 563 1365 594 licite
1379 564 1524 594 retinere
1549 573 1586 594 ac
1608 564 1757 603 recipere
1780 565 1906 602 possis,
1930 564 2082 603 predicto
2111 563 2244 594 defectu
2261 566 2294 594 et

1274 617 1364 656 quod
1394 618 1547 656 tempore
1576 617 1827 656 impetrationis
1847 617 2039 647 litterarum
2054 625 2114 656 per
2132 625 2217 656 quas
2251 617 2291 647 de

1273 670 1514 701 dictaecclesia
1529 671 1686 702 tibidicis
1698 680 1773 702 esse
1789 672 1977 710 provisum,
1995 679 2098 710 super
2109 671 2198 701 dicta
2215 679 2292 701 con-

1274 725 1502 764 sanguinitate
1528 726 1640 755 tecum
1659 725 1895 764 dispensatum
1924 733 1990 755 non
2021 724 2143 760 fuerat,
2167 733 2292 763 nequa-

1274 787 1375 817 quam
1394 777 1620 814 obstantibus,
1634 779 1746 808 tecum
1760 778 2028 808 misericorditer
2038 777 2291 816 dispensamus.

1274 832 1398 863 Datum
1418 832 1506 870 apud
1525 831 1814 866 Urbemveterem,
1840 842 1860 861 x
1883 832 2046 862 kalendas
2062 831 2190 868 martii,
2211 839 2292 870 pon-

1272 885 1422 916 tificatus
1439 885 1567 916 domini
1587 885 1715 917 Urbani
1732 894 1816 925 pape
1835 895 1883 915 1111
1899 894 1985 915 anno
2001 885 2113 915 tertio.
2140 895 2155 913 »

1313 938 1497 978 Nulliergo
1513 941 1626 970 nostre
1635 939 1903 969 confirmationis
1918 940 1979 969 etc.
1994 939 2119 969 Datum
2128 937 2218 976 apud
2233 937 2296 968 Ur-

1274 992 1515 1029 bemveterem,
1533 992 1609 1022 idus
1624 992 1749 1028 martii,
1767 1001 1854 1022 anno
1870 993 1984 1022 tertio.
2005 1002 2019 1021 ›)

1841 1159 1966 1189 Orvieto,
1984 1160 2018 1186 25
2039 1167 2117 1185 mars
2140 1159 2217 1186 1264.

1368 1162 1383 1192 1
1392 1161 1463 1192 449

1309 1243 1427 1271 Nicolao
1439 1244 1474 1270 de
1490 1243 1650 1273 Nox-aviliu,
1662 1243 1767 1271 elerico
1779 1243 1922 1270 Tullensis
1935 1243 2069 1275 diocesis,
2085 1244 2290 1270 canonicatum

1275 1295 1301 1319 et
1321 1293 1513 1327 praebendam
1532 1293 1559 1320 in
1575 1293 1698 1320 eeclesia
1716 1293 1835 1319 Metensi
1850 1292 1972 1323 confert,
1990 1301 2047 1319 non
2066 1293 2199 1320 obstante
2215 1293 2291 1327 quod

1274 1341 1302 1368 in
1328 1342 1450 1369 ecclesia
1474 1342 1645 1369 Yirdunensi
1673 1342 1701 1368 in
1723 1341 1893 1369 canonicum
1912 1345 1955 1368 est
1974 1344 2118 1376 receptus.
2137 1342 2218 1375 (Rae.
2246 1342 2293 1374 29,

1274 1390 1323 1418 fol.
1339 1391 1399 1424 134,
1417 1396 1448 1417 n⁰
1462 1391 1537 1422 499.)

1314 1509 1329 1528 «
1347 1498 1475 1528 Nicolao
1490 1498 1525 1528 de
1541 1498 1716 1534 Norwillu,
1733 1497 1844 1528 clerico
1865 1497 2016 1527 Tullensis
2030 1497 2165 1527 diocesis.
2181 1497 2292 1528 Devo-

1273 1552 1376 1583 tionis
1396 1552 1518 1582 merita
1533 1552 1645 1583 dilecti
1667 1571 1716 1581 —.
1743 1552 1867 1582 Datum
1885 1552 1975 1590 apud
1993 1551 2285 1588 Urbemreterem,

1275 1616 1331 1636 viu
1356 1605 1520 1636 kalendas
1541 1605 1669 1644 aprilis,
1687 1614 1772 1636 anno
1790 1606 1902 1636 tertio.
1923 1617 1937 1632 »

1365 1775 1460 1806 ¹450
1836 1773 1959 1803 Orvieto,
1982 1775 2015 1800 25
2034 1781 2112 1799 mars
2133 1773 2209 1800 1264.

1306 1859 1436 1885 Priorem
1455 1859 1488 1886 de
1505 1858 1702 1886 ‹londricovia.
1721 1858 1830 1885 ordinis
1848 1867 1871 1885 s.
1897 1858 2053 1889 Benedicti,
2072 1857 2214 1884 Tullensis
2225 1858 2285 1885 dio-

1270 1907 1356 1941 cesis,
1366 1910 1392 1934 et
1403 1910 1550 1934 cantorem
1567 1908 1722 1934 ‚lletensem
1743 1907 1906 1941 praedictae
1923 1907 2085 1934 collationis
2095 1908 2288 1942 deputatexe—

1269 1958 1392 1983 cutores.
1414 1957 1492 1991 (nm.
1512 1957 1555 1986 29,
1580 1956 1627 1983 sol.
1652 1956 1709 1984 134.
1735 1960 1774 1984 v0.
1795 1962 1824 1982 n⁰
1840 1958 1915 1984 ῦυυζ)

1311 2085 1325 2100 κ
1349 2073 1455 2102 Priori
1477 2073 1513 2102 de
1530 2072 1745 2109 Gondricnria,
1765 2072 1882 2102 ordinis
1899 2084 1922 2103 s.
1944 2073 2110 2109 Benedicti,
2134 2073 2286 2103 Tullensis

1240 2119 1241 2122 Ἴ
1267 2127 1405 2160 diocesis,
1424 2132 1451 2156 cl
1471 2127 1590 2156 cantori
1602 2127 1739 2157 ,lletensiss
1757 2127 1956 2157 Devotionis
1971 2127 2092 2157 merita
2104 2127 2219 2158 dilecti
2232 2145 2282 2158 —.

1240 2184 1241 2195 ³
1268 2182 1392 2211 Datum
1405 2181 1493 2219 apud
1504 2180 1793 2214 Urbemveterem,
1807 2190 1863 2209 vlu
1876 2181 1946 2210 kale
1956 2181 2039 2210 ndas
2052 2181 2183 2218 aprilis,
2195 2189 2283 2211 anno

1267 2235 1378 2265 tertio.
1401 2247 1415 2261 υ

1363 2408 1451 2438 1451
1814 2405 1936 2436 Orvielo,
1956 2406 1990 2432 29
2009 2405 2112 2432 sevrier
2132 2406 2210 2433 1264.

1303 2492 1467 2526 Praeposito
1493 2491 1632 2518 ecclcsiae
1652 2500 1673 2518 s.
1695 2490 1853 2518 Salvatoris
1871 2490 2133 2525 Caesaraugustam
2163 2491 2280 2518 mandat

1265 2545 1305 2569 ut.
1322 2541 1440 2568 obtentu
1454 2540 1529 2575 regis
1549 2540 1706 2572 Navarrae,
1726 2540 1880 2574 Peregrina
1899 2539 2048 2567 Balduino.
2061 2539 2236 2566 subdiacono
2252 2542 2281 2566 et

1263 2591 1400 2617 vanonico
1417 2590 1555 2617 ecclesiae
1574 2589 1743 2616 Tutelanae.
1757 2589 1964 2623 Tyrasoncusis
1980 2589 2116 2621 diocesis,
2130 2589 2165 2616 de
2185 2588 2283 2623 aliquo

1263 2642 1416 2674 personatu
1438 2639 1481 2665 vel
1498 2639 1640 2673 dignitate
1658 2639 1685 2665 in
1705 2640 1806 2664 eadem
1824 2637 1958 2664 ecclesia.
1977 2638 2120 2665 decanatu
2140 2638 2281 2665 duntaxat

1237 2683 1238 2688 ¹
1262 2692 1390 2723 excepto,
1409 2688 1566 2723 provideat.
1587 2688 1667 2722 (Ren-
1684 2688 1728 2718 29,
1743 2687 1792 2713 fol.
1814 2686 1866 2714 133}
1883 2692 1920 2718 w,
1943 2691 1972 2712 n⁰
1989 2686 2066 2719 501.)

1302 2806 1315 2824 ι(
1338 2795 1498 2834 P1·1¹J)osi!o
1510 2793 1631 2823 ecclosie
1648 2804 1671 2823 x.
1689 2792 1863 2822 salt-amris
1884 2791 2157 2830 Cesarauyumnn‘.
2176 2791 2284 2822 Sedes

1261 2848 1446 2887 apostolica
1473 2856 1694 2886 personarum
1713 2864 1762 2876 —.
1791 2845 1915 2875 Datum
1943 2845 2030 2883 apud
2060 2844 2279 2875 t'rbeinvete-

1262 2910 1343 2937 rem,
1361 2911 1381 2931 ll
1405 2901 1567 2931 kalendas
1585 2900 1710 2935 martii,
1732 2907 1818 2929 anno
1835 2898 1948 2928 tertio.
1971 2910 1984 2923 »
