2519 3262
241 242 300 271 5242

243 325 352 355 eidem
378 324 638 361 archidiaco[no]
661 324 751 353 certo
775 331 876 361 super
894 321 955 352 hoc
979 325 1157 352 executore
1176 330 1252 352 con-

243 386 349 408 cesso.
368 378 465 414 Sane,
490 379 565 417 post
592 376 820 410 collationem,
841 375 1084 414 provisionem,
1103 383 1252 405 reserva·
1281 406 1283 420 ι

244 432 369 462 tionem
397 433 428 462 et
458 431 629 461 decretum
661 429 866 468 hujusmodi,
909 429 966 459 sed
999 430 1179 467 antequam
1211 427 1253 457 ad

245 485 427 515 eorundem
457 483 606 523 episcopi
636 484 666 513 et
695 482 835 521 capituli
868 482 1021 513 notitiam
1048 482 1252 520 perveniret,

245 537 375 568 vacavit
392 537 561 576 prebenda
579 536 618 566 de
636 535 792 574 Ingrovia
809 536 843 565 in
866 535 1017 574 predicta
1033 534 1175 565 ecclesia
1195 542 1253 572 per

246 592 386 621 mortem
402 590 578 626 Johannis‚
598 589 826 619 archidiaconi
850 588 1023 626 Paganelli
1052 588 1084 617 in
1110 586 1254 617 ecclesia

245 643 448 682 supradicta,
464 652 565 682 quam
589 643 678 673 idem
703 642 892 680 episcopus,
924 642 963 671 ad
990 650 1089 680 quem
1116 639 1252 670 collatio

245 696 490 735 prebendarum
510 696 544 726 in
563 705 601 726 ea
619 695 775 734 pertinet,
795 695 957 734 magistro
976 694 1075 724 Petro
1092 693 1131 723 de
1149 693 1254 723 Mace-

245 750 305 780 riis
335 750 457 780 clerico
484 749 580 780 duxit
610 749 808 779 auctoritate
834 748 972 787 propria
1002 746 1251 782 conferendam,

244 803 391 842 dictique
408 803 594 841 capitulum
604 811 693 837 eum,
705 802 747 832 ad
756 802 952 832 mandatum
965 801 1073 839 ipsius
1090 799 1252 838 episcopi.

245 856 285 886 ad
302 856 395 886 illam
415 856 573 886 canonice
597 857 795 894 receperunt
819 855 853 885 in
871 854 1069 885 canonicum
1086 855 1118 883 et
1137 853 1170 882 in
1187 853 1253 882 fra-

244 912 342 945 trem,
354 918 453 948 quam
468 909 753 948 dictusssmagister
769 909 891 939 Petrus
906 907 1087 946 aliquando
1103 906 1255 944 possedit

244 963 380 1002 pacifice
406 965 438 993 et
462 963 585 1001 quiete.
605 962 827 993 Postmodum
850 963 961 991 autem
987 960 1076 990 idem
1095 961 1255 990 executor

244 1016 449 1055 prebendam
464 1016 586 1054 ipsam,
608 1017 719 1046 amoto
737 1015 777 1045 ab
799 1023 837 1045 ea
853 1015 941 1044 dicto
962 1013 1124 1052 magistro
1141 1013 1253 1048 Petro,

244 1070 430 1108 assignavit
443 1069 565 1100 eidem.
578 1069 688 1105 Quare
705 1069 793 1098 idem
804 1068 965 1107 magister
979 1067 1101 1098 Petrus
1113 1066 1255 1097 dictum-

245 1131 309 1162 que
333 1123 517 1161 capitulum
544 1122 642 1153 nobis
671 1122 846 1152 humiliter
871 1120 1105 1160 supplicarunt
1125 1120 1161 1150 ut
1189 1119 1253 1158 ipsi

245 1176 407 1215 magistro
430 1176 543 1212 Petro,
569 1184 611 1206 ne
627 1184 685 1214 spe
704 1184 764 1205 sua
783 1184 883 1214 qnam
905 1175 944 1204 de
967 1173 1160 1212 hujusmodi
1178 1181 1254 1211 pro-

245 1230 376 1260 visione
392 1231 601 1268 conceperat,
619 1230 751 1260 maneat
768 1228 916 1259 totaliter
930 1227 1162 1262 defraudatus,
1179 1235 1253 1265 pro-

246 1271 360 1313 videre
380 1291 480 1321 super
493 1282 553 1313 hoc
570 1281 1072 1320 misericorditerdignaremur.
1091 1279 1255 1315 Quocirca

246 1337 447 1366 mandamus
463 1336 635 1375 quatinus,
655 1336 683 1365 si
703 1337 753 1366 est
771 1336 828 1371 ita,
842 1343 902 1365 vos
920 1334 972 1364 vel
992 1334 1077 1364 alter
1090 1334 1254 1367 vestrum,

247 1399 306 1429 per
317 1398 377 1419 vos
390 1390 441 1420 vel
458 1389 562 1419 alium
578 1398 637 1419 seu
650 1389 748 1425 alios,
761 1389 887 1419 dictum
901 1388 1101 1427 magistrum
1117 1387 1255 1417 Petrum

248 1443 299 1473 vel
316 1445 566 1481 procuratorem
583 1451 694 1478 suum,
713 1442 784 1481 ejus
799 1441 945 1477 nomine,
962 1441 996 1471 in
1012 1440 1141 1479 prefata
1153 1439 1255 1470 eccle-

248 1496 298 1526 sia
317 1496 420 1535 recipi
444 1496 604 1526 facientes
624 1496 658 1526 in
682 1495 880 1525 canonicum
898 1496 930 1525 et
949 1495 982 1524 in
1000 1494 1151 1529 fratrem,
1168 1493 1198 1522 ei
1215 1493 1255 1523 de

248 1549 427 1589 prebenda,
456 1549 485 1579 si
504 1558 570 1588 qua
597 1548 722 1579 ibidem
744 1549 838 1578 vacat
855 1548 896 1578 ad
914 1556 1054 1586 presens
1072 1546 1123 1577 vel
1142 1555 1256 1585 quam-

248 1603 395 1642 primum
411 1603 499 1633 adid
516 1603 676 1633 obtulerit
692 1611 728 1632 se
746 1602 900 1637 facultas,
922 1601 1098 1640 providere
1117 1600 1254 1635 curetis,

248 1657 312 1687 sibi
331 1657 430 1687 stallo
448 1657 480 1687 in
501 1657 600 1686 choro
618 1658 649 1686 et
669 1656 740 1686 loeo
761 1656 792 1685 in
811 1655 958 1694 capitulo
976 1653 1170 1692 assignatis,
1190 1662 1257 1683 non

248 1710 401 1741 obstante
418 1712 544 1741 statuto
560 1711 600 1740 de
618 1712 706 1740 certo
733 1709 842 1748 ipsius
858 1708 999 1739 ecclesie
1016 1707 1254 1737 canonicorum

248 1772 387 1793 numero
405 1766 461 1794 aut
479 1764 566 1803 quod
587 1763 672 1793 idem
691 1763 851 1802 magister
868 1763 989 1792 Petrus
1008 1762 1072 1791 duo
1093 1760 1256 1790 beneficia

248 1817 477 1847 ecclesiastiea
503 1826 577 1847 cum
606 1825 685 1846 cura
717 1825 758 1846 ex
789 1815 1041 1854 dispensatione
1071 1813 1257 1852 apostolica

249 1870 398 1900 noscitur
413 1870 575 1906 obtinere,
591 1870 642 1900 vel
658 1870 687 1899 si
708 1878 847 1908 presens
866 1877 929 1898 non
946 1868 1046 1898 fuerit
1065 1885 1112 1895 —.
1130 1867 1255 1897 Datum

249 1924 335 1962 apud
360 1923 647 1958 Urbemveterem,
673 1923 747 1952 idus
772 1922 901 1961 aprilis,
923 1930 1008 1951 anno
1027 1921 1135 1951 tertio.
1156 1930 1171 1950 »

815 2088 940 2119 ‹tt-xiva»,
958 2090 992 2115 25
1008 2096 1085 2114 mars
1104 2088 1180 2115 1205.

343 2093 433 2123 1617

284 2175 420 2210 Episcopo
448 2174 679 2201 {tathei-stadensi
704 2174 818 2199 mandat
846 2176 872 2199 nt
894 2172 1089 2198 Lanibertuin,
1110 2171 1255 2206 praeposi-

248 2226 307 2250 tum
325 2222 463 2250 secularis
472 2222 609 2248 eeclesiae
621 2221 688 2248 Novi
706 2220 874 2247 monasterii
891 2219 1170 2253 llerbipolcnsis,qui
1185 2220 1255 2245 dnos

247 2273 410 2299 litterarum
424 2271 646 2306 apostolicarum
661 2270 792 2297 falsarios
807 2270 869 2304 capi
881 2269 957 2300 fecit,
972 2269 999 2295 in
1009 2270 1153 2303 praedicta
1166 2268 1257 2294 ecclc·

247 2322 288 2348 sia
307 2321 375 2348 Novi
396 2320 563 2347 monasterii
585 2321 611 2346 in
633 2320 804 2346 canonicum
823 2319 910 2353 recipi
931 2318 1025 2344 faciat.
1044 2318 1123 2350 (Rrec.
1141 2318 1184 2348 20,
1206 2318 1253 2344 t'ol.

249 2371 297 2398 159
314 2375 350 2403 v⁰,
367 2376 395 2396 n⁰
410 2371 486 2404 007.)

287 2487 302 2505 «
329 2476 487 2516 Episcopo
514 2473 774 2504 Halbcrstaclensi.
797 2474 890 2509 Quod
919 2473 1063 2503 dilectus
1091 2472 1180 2501 tilius
1204 2489 1252 2500 —.
1283 2479 1285 2506 ς

246 2530 371 2560 Datum
398 2529 484 2567 apud
515 2522 802 2564 U'rbemveterem,
836 2536 895 2556 vni
928 2526 1091 2556 kalendas
1122 2525 1252 2564 aprilis,

248 2591 334 2613 anno
350 2582 459 2613 tertio.
479 2591 493 2611 1)

340 2752 433 2782 1618
831 2747 955 2777 0rvieto,
975 2749 990 2773 7
1010 2746 1082 2773 avril
1105 2746 1180 2773 1204.

284 2834 540 2868 ‚x1·‹·l1ip1·‹=st›ytero
560 2833 698 2860 ccclesiae
712 2842 734 2858 s,
756 2832 901 2859 Miclmclis
921 2833 955 2858 de
975 2832 1135 2858 silvacana.
1152 2831 1252 2857 Viceti—

249 2883 326 2910 tinae
346 2883 479 2910 diocesis.
508 2883 626 2909 obtentu
651 2882 788 2908 Simonis.
818 2882 893 2908 tituli
915 2889 937 2908 3.
959 2880 1072 2907 Martini
1093 2880 1253 2914 presbytcri
1284 2901 1285 2906 ,

248 2932 415 2965 cardin-ilis,
436 2932 560 2967 imlulgct
582 2934 608 2958 111
629 2931 781 2958 ecclesiam
805 2941 827 2957 s.
846 2930 1004 2956 ‹Ili-nientis
1024 2930 1058 2956 de
1082 2929 1186 2959 Pudnu,
1206 2937 1252 2955 cu-

990 237 1150 269 REGIST
1158 237 1235 268 RES
1262 237 1475 268 D'URBAIN
1503 237 1562 267 IV.

1309 329 1370 347 ram
1384 321 1538 348 habentem
1548 321 1726 353 animarum⁷
1735 329 1789 347 una
1799 329 1864 348 cum
1876 330 1926 348 suo
1935 321 2228 357 archipresbyteratu,
2241 330 2320 349 earn-

1308 370 1374 396 dem
1397 378 1495 396 curam
1516 370 1650 401 habente,
1672 370 1798 405 recipere
1823 379 1855 397 ac
1876 378 1925 404 per
1947 370 2106 396 triennium
2131 372 2318 398 commenda-

1309 422 1367 446 tam
1386 419 1510 446 retinere
1529 419 1632 446 valeat.
1651 420 1729 454 (Rea.
1749 420 1793 451 20,
1813 419 1862 446 sol.
1883 420 1943 453 100,
1962 427 1995 445 no
2011 420 2086 450 008.)
2187 410 2190 413 ¹

1350 541 1364 558 «
1383 530 1405 559 A
1414 530 1646 569 rclzipresbilero
1663 529 1782 560 ecclesie
1797 541 1820 560 s.
1840 530 1999 560 Michaelis
2014 530 2050 560 de
2066 530 2248 567 Silvacana,
2271 531 2323 560 Vi·

1310 583 1426 613 cantiae
1452 583 1588 612 diocesis.
1615 584 1748 614 Meritis
1773 584 1887 614 dilecti
1914 584 1976 614 filii
2006 601 2056 612 —-.
2085 584 2210 614 Datum
2233 585 2324 623 apud

1310 636 1601 672 Urbemveterem,
1622 645 1665 666 vn
1687 637 1763 667 idus
1780 637 1912 676 aprilis,
1931 645 2017 667 anno
2035 637 2146 667 tertio.
2167 649 2181 665 »

1404 818 1498 849 1619

1876 817 2002 847 Orvieto,
2023 817 2065 843 111Γ
2081 816 2153 844 avril
2174 817 2252 844 1264.

1346 901 1568 935 Archiepiscopo
1582 901 1704 935 Aquensi
1723 902 1841 928 mandat
1859 903 1889 928 ut
1901 902 2086 928 uuillelmum
2102 902 2264 936 Symeonis,
2279 911 2324 929 ca—

1310 950 1445 977 nonicum
1457 950 1594 977 ecclesiae
1606 950 1807 983 Tholonensis,
1822 951 1849 977 in
1866 951 2081 984 possessionem
2101 950 2217 978 inducat
2235 951 2324 978 eccle·

1311 999 1369 1026 siae
1386 1008 1409 1026 3.
1426 999 1550 1026 Paulide
1567 1000 1658 1027 Areis,
1677 999 1867 1026 Tholonensis
1882 999 2016 1027 diocesis.
2031 1000 2112 1027 (Rea.
2132 1001 2176 1031 29,
2192 999 2240 1027 fol.
2263 1000 2323 1033 160,

1311 1054 1341 1075 n⁰
1357 1050 1432 1079 OGO.)

1353 1168 1367 1186 (1
1381 1157 1617 1196 ΑνεΙιῐεριέεορο
1629 1157 1776 1197 Aquensi.
1793 1157 1916 1188 petitio
1935 1157 2049 1188 dilecti
2070 1157 2130 1188 filii
2147 1157 2325 1189 Guillelmi

1311 1210 1504 1250 Syineonis,
1523 1211 1674 1240 canonici
1695 1211 1837 1241 ecclesie
1855 1210 2095 1247 Tholonensis,
2112 1210 2210 1242 nobis
2229 1211 2323 1242 exhi·

1312 1263 1382 1294 bita
1397 1263 1589 1294 continebat
1601 1264 1702 1302 quod,
1720 1272 1797 1294 cum
1816 1263 1850 1293 in
1864 1272 1964 1294 causa
1983 1273 2048 1303 que
2063 1264 2277 1303 interipsum
2293 1265 2325 1295 et

1312 1317 1507 1353 Raolfflum,
1530 1317 1690 1347 clericum
1714 1317 1941 1347 Tholonensis
1965 1317 2123 1352 diocesis,
2148 1326 2250 1356 super
2271 1326 2325 1348 ca-

1313 1371 1470 1401 nonicatu
1483 1372 1515 1401 et
1531 1370 1693 1400 beneficio
1713 1370 1823 1409 ipsius
1841 1370 1994 1407 ecclesie,
2007 1370 2164 1401 videlicet
2179 1371 2325 1401 ecclesia

1313 1424 1421 1454 sancti
1446 1423 1544 1454 Pauli
1561 1424 1601 1454 de
1628 1424 1739 1459 Areis,
1763 1424 1915 1462 ejusdem
1940 1423 2097 1460 diocesis,
2119 1423 2324 1461 vertebatur,

1313 1478 1354 1507 ad
1370 1477 1485 1507 sedem
1504 1477 1726 1516 apostolicam
1743 1485 1803 1515 per
1817 1477 2081 1516 appellationem
2099 1477 2250 1517 legitime
2269 1477 2324 1508 de-

1313 1530 1438 1566 voluta,
1472 1530 1615 1560 dilectos
1645 1530 1734 1560 filios
1763 1530 1946 1569 magistros
1976 1530 2126 1564 Petrum,
2161 1530 2325 1561 decanum

1313 1583 1454 1614 ecclesie
1467 1592 1493 1613 s.
1507 1583 1617 1613 Ylarii
1633 1583 1857 1619 pictavensis,
1870 1583 1993 1622 primo,
2007 1584 2038 1613 et
2055 1583 2272 1622 postmodum
2286 1591 2325 1614 eo

1313 1637 1353 1667 de
1376 1639 1492 1667 nostra
1515 1637 1608 1667 curia
1628 1637 1815 1672 recedente,
1840 1636 2064 1675 Raynerium,
2082 1636 2199 1675 palatii
2218 1636 2327 1667 nostri

1313 1691 1505 1730 generalem
1522 1690 1710 1720 auditorem
1736 1698 1928 1724 causarum,
1954 1690 2148 1728 capellanos
2176 1692 2323 1726 nostros,

1313 1744 1469 1774 dedimus
1481 1743 1664 1777 auditores,
1683 1743 1771 1773 idern
1784 1743 1944 1782 magister
1957 1743 2163 1782 Raynerius,
2182 1743 2326 1783 cognitis

1314 1797 1423 1836 ipsius
1437 1805 1537 1827 cause
1550 1796 1683 1827 meritis
1701 1798 1733 1826 et
1747 1796 1835 1835 jtiris
1851 1797 1968 1827 ordine
1984 1796 2175 1832 observato,
2191 1797 2328 1827 canoni-

1312 1852 1422 1881 catum
1443 1852 1473 1880 et
1493 1850 1668 1880 ecclesiam
1693 1849 1900 1888 hujusmodi,
1921 1858 1995 1880 cum
2018 1850 2153 1889 juribus
2173 1852 2203 1880 et
2222 1849 2325 1890 perti·

1312 1904 1438 1934 nentiis
1457 1904 1540 1939 suis,
1556 1903 1664 1933 eidem
1676 1903 1858 1933 Guillelmo
1877 1912 1936 1942 per
1954 1903 2157 1934 sententiam
2175 1903 2328 1933 diffiniti-

1312 1965 1388 1987 vam
1423 1957 1620 1996 adjudicans
1653 1958 1685 1986 et
1717 1956 1757 1986 ad
1791 1956 1904 1995 ipsum
1938 1956 2107 1994 pertinere
2136 1956 2324 1991 declarans,

1313 2010 1401 2040 dicto
1420 2009 1563 2040 Raolino
1582 2018 1684 2047 super
1707 2010 1791 2047 ipsis
1812 2010 1908 2039 duxit
1930 2012 2131 2048 perpetuum
2149 2010 2325 2040 silentium

1314 2063 1566 2101 imponendum,
1587 2065 1683 2101 prout
1708 2063 1741 2092 in
1759 2063 1986 2092 instrumento
2004 2062 2138 2101 publico
2155 2063 2232 2093 inde
2248 2071 2326 2093 con-

1314 2117 1410 2151 fecto,
1425 2116 1573 2155 sigillato
1583 2115 1696 2154 sigillo
1708 2115 1816 2153 ipsius
1833 2115 1986 2154 magistri
2001 2115 2176 2154 Raynerii,
2191 2116 2325 2154 plenius

1313 2170 1436 2200 dicitur
1451 2169 1628 2199 contineri.
1649 2169 1854 2207 Nositaqne.
1876 2169 1983 2207 ipsius
2002 2169 2178 2199 Guillelmi
2196 2170 2325 2208 suppli-

1313 2222 1503 2253 cationibus
1541 2222 1705 2255 inclinati,
1743 2222 1945 2252 sententiam
1979 2222 2186 2259 hujusmodi,
2226 2225 2324 2262 prout

1314 2276 1450 2315 provide
1472 2276 1539 2306 lata
1564 2278 1627 2312 est,
1657 2278 1763 2305 ratam
1788 2278 1817 2305 et
1844 2276 1975 2305 sirmam
2003 2275 2164 2306 habentes
2191 2285 2227 2306 ac
2251 2285 2325 2306 eam

1312 2331 1512 2360 auctoritate
1544 2329 1728 2368 apostolica
1753 2330 2003 2363 coritii'iiiaiites,
2038 2329 2244 2360 fraternitati
2268 2332 2324 2360 tue

1314 2383 1512 2413 mandamus
1530 2383 1691 2421 ‹piatinus
1711 2383 1897 2421 predictam
1916 2383 2119 2413 sententiam
2145 2391 2203 2421 per
2222 2385 2253 2414 te
2270 2383 2325 2414 vel

1313 2445 1370 2475 per
1387 2437 1491 2466 alium
1508 2436 1619 2466 debite
1638 2436 1830 2466 executioni
1846 2436 2066 2469 demandans,
2085 2436 2214 2466 dictum
2231 2436 2327 2467 Guil-

1312 2490 1451 2520 lelnmm
1485 2490 1517 2519 in
1546 2490 1800 2528 possessionem
1831 2490 1882 2520 vel
1913 2489 2010 2528 quasi
2045 2489 2265 2520 canonicatus
2293 2491 2325 2520 et

1312 2543 1465 2574 beneticii
1501 2543 1727 2582 predictorum
1756 2552 1792 2572 ac
1817 2542 1946 2581 jurium
1979 2544 2009 2572 et
2040 2542 2323 2580 pertinentiarum

1312 2597 1476 2635 ipsorum,
1495 2598 1607 2627 amoto
1626 2596 1666 2626 ab
1690 2596 1739 2626 eis
1760 2596 1848 2626 dicto
1867 2595 2012 2626 Raolino
2033 2598 2065 2626 et
2084 2595 2237 2634 quolibet
2256 2595 2325 2626 alio

1312 2649 1430 2680 illicito
1450 2650 1634 2685 detentore,
1655 2649 1794 2679 inducas
1815 2651 1847 2679 et
1865 2649 2028 2681 defendas
2045 2649 2233 2683 inductum,
2259 2657 2326 2679 non

1312 2702 1465 2734 obstante
1494 2703 1523 2733 si
1551 2720 1600 2733 —.
1637 2703 1910 2733 contradictores
1939 2704 2000 2732 etc.
2035 2710 2142 2741 usque
2175 2709 2326 2740 compes·

1311 2756 1427 2787 cendo.
1446 2756 1604 2787 Invocato
1627 2773 1674 2784 —.
1699 2756 1823 2786 Datum
1844 2755 1932 2794 apud
1954 2754 2246 2789 Urbemveterem,
2263 2754 2324 2784 ka-

1312 2810 1421 2840 lendis
1439 2810 1571 2848 aprilis.
1593 2818 1679 2839 anno
1698 2809 1810 2839 tertio.
1831 2820 1845 2835 1»
