2519 3262
237 202 296 233 394

328 285 424 316 2333
728 281 852 313 Orvicto,
878 281 907 309 18
924 281 1075 308 decembre
1099 281 1175 308 1263.

276 369 386 395 Oceano
412 370 439 394 ct
463 367 587 402 capitulo
611 366 811 393 Leodicnsibus
832 365 959 400 indulget
981 368 1011 392 ut
1031 365 1058 392 in
1079 365 1248 392 {nanifestos

237 420 423 451 occupaturos
445 416 582 442 honorum
601 414 763 441 Leodicnsis
784 414 921 441 ccclesiae
940 413 1248 441 excommunicationis

238 466 410 493 sententiani
427 464 610 499 promulgare
632 463 847 496 valcant.tl³1=:c.
862 464 906 494 29,
923 462 970 490 sol.
992 464 1054 494 208,
1074 469 1103 489 n⁰
1125 462 1212 494 1112.)

278 583 292 601 «
315 572 436 601 Derane
457 575 483 599 cl
505 569 639 609 rapilulo
663 568 886 598 Leodiensibus.
906 568 1096 598 Desideriis
1126 569 1248 599 vestris

238 634 339 663 super
354 643 400 654 —.
418 624 502 653 Sane
517 623 634 662 petitio
652 623 763 652 vestra
778 621 875 651 nobis
889 621 1039 652 exhibita
1055 621 1248 652 continebat

238 678 326 718 quod
347 677 499 707 nonnulli
516 676 628 706 clerici
646 677 677 705 ct
700 675 778 705 laici
798 675 944 714 partium
969 676 1172 709 vestrarum,
1191 675 1247 713 qui

236 731 425 771 gloriantur
442 738 516 760 cum
534 728 765 759 malefecerint
781 729 811 758 et
827 728 980 758 exultant
999 728 1032 758 in
1052 728 1153 758 rebus
1172 737 1247 767 pes-

237 785 347 820 simis,
370 783 456 813 bona
474 783 583 822 ipsius
602 782 742 812 ecclesie
763 790 937 820 occupare,
955 781 1113 812 invadere
1137 791 1173 811 ac
1191 782 1247 811 de-

236 838 344 869 tinere
374 838 405 866 et
440 835 679 866 nichilominus
711 835 797 865 alias
831 834 927 864 vobis
959 834 1104 873 dampna
1132 835 1247 874 gravia

235 891 386 930 irrogare
417 890 628 928 presumunt,
650 889 683 918 111
706 890 856 918 vestrum
881 889 913 918 et
935 888 1083 926 predicte
1106 889 1246 919 ecclesie

234 943 460 983 prejudicium
480 943 511 972 et
529 950 720 981 gravamen.
737 941 846 977 Quare
865 941 962 971 nobis
979 941 1154 972 humiliter
1168 951 1246 980 sup-

235 1157 346 1188 officio
364 1156 550 1192 constituti,
569 1155 862 1185 archidiaconatus
882 1154 1031 1184 officium
1049 1155 1083 1184 in
1105 1155 1247 1185 ecclesia

235 1210 365 1250 prefata
380 1209 562 1248 gessimus,
585 1208 663 1244 sibi,
682 1208 925 1238 adversitatum
943 1208 1080 1246 repulso
1100 1208 1246 1245 turbine,

235 1264 415 1303 augmenta
441 1262 579 1292 honoris
607 1262 638 1291 et
667 1261 835 1291 commodi
866 1270 1098 1300 procuremus,
1122 1262 1245 1292 vestris

235 1379 290 1401 res
306 1369 469 1399 bonorum
490 1369 636 1407 predicte
662 1368 802 1398 ecclesie
828 1370 859 1398 et
887 1368 1037 1398 notorios
1055 1368 1247 1398 malefacto-

235 1431 290 1453 res
320 1424 461 1458 vestros,
484 1421 550 1451 nisi
574 1430 591 1451 a
610 1421 706 1451 vobis
734 1421 891 1451 canonice
921 1421 1053 1457 moniti,
1087 1422 1246 1459 occupata
1276 1425 1277 1431 ¹

234 1475 429 1515 hujtlsmodi
446 1474 542 1504 vobis
557 1474 768 1504 restituerint
784 1475 815 1504 et
834 1474 873 1504 de
890 1474 1046 1512 dampnis
1066 1473 1170 1504 illatis
1194 1482 1246 1504 vo-

233 1529 288 1560 bis
305 1528 529 1559 satisfecerint
550 1528 783 1566 congruenter,
801 1526 891 1556 infra
909 1528 1154 1566 competentem
1182 1528 1246 1557 ter-

233 1635 376 1675 possitis
389 1633 751 1664 excommunicationis
764 1635 793 1663 et
810 1633 1045 1672 suspensionis
1060 1633 1245 1664 sententias

233 1688 448 1728 promulgare
480 1696 515 1717 ac
547 1696 603 1716 eas
631 1695 737 1725 usque
766 1686 807 1717 ad
837 1686 1105 1717 satisfactionem
1132 1687 1245 1717 condi-
1275 1695 1276 1699 ¹

232 1750 333 1781 gnam
356 1741 554 1771 auctoritate
574 1742 690 1770 nostra
714 1740 835 1777 facere,
854 1739 1080 1779 appellatione
1102 1741 1242 1775 remota,

232 1794 480 1826 inviolabiliter
502 1793 674 1823 observari
697 1792 792 1823 vobis
811 1793 1009 1823 auctoritate
1033 1793 1243 1832 presentium

233 1848 464 1886 indulgemus.
489 1846 584 1876 Nulli
602 1855 679 1885 ergo
699 1864 746 1874 —.
766 1846 891 1876 Datum
915 1847 1003 1885 apud
1029 1845 1245 1877 Urbemvete-

232 1909 319 1937 rem,
341 1909 384 1930 xv
402 1899 564 1930 kalendas
578 1899 737 1938 januarii,
757 1908 844 1930 anno
859 1899 968 1929 tertio.
990 1909 1004 1928 n

765 2067 888 2097 tlt-victo,
912 2068 944 2093 28
959 2067 1073 2093 octobre
1093 2068 1169 2095 1203.

321 2069 418 2100 2364

265 2151 397 2186 Egidium
424 2151 550 2185 Martini,
582 2151 718 2177 clericum
750 2151 986 2181 Ulixhoncuscni,
1014 2152 1043 2178 iu
1071 2152 1240 2179 canonicum

228 2200 357 2237 ejusdem
377 2200 514 2227 ecclesiae
531 2199 725 2234 recipiendum
739 2208 801 2227 csse
815 2200 954 2231 decernit,
974 2201 1117 2228 sententia
1137 2210 1187 2236 pro
1208 2210 1240 2228 co

227 2258 244 2277 a
266 2251 302 2281 J„
322 2252 487 2276 sanctorum
504 2250 625 2276 Cosmae
643 2251 667 2275 et
689 2249 819 2276 Damiani
839 2249 960 2276 diacono
974 2250 1125 2284 cardinali,
1153 2251 1239 2283 edita,

226 2299 400 2326 auctoritate
438 2298 597 2332 apostoliea
631 2298 814 2325 confirmata.
846 2299 925 2333 (linc.
955 2299 1000 2332 29,
1036 2298 1082 2326 sol.
1118 2300 1169 2327 268
1200 2305 1239 2332 v0,

225 2352 258 2374 no
275 2347 365 2382 1113.)

266 2463 282 2483 t(
302 2453 416 2493 lz'qidio
436 2453 575 2489 Martini,
596 2452 705 2482 clerico
720 2452 928 2483 Ultrboncnsi.
944 2453 1028 2483 Cum
1043 2462 1061 2483 a
1077 2453 1174 2484 nobis
1188 2473 1236 2484 —-.

225 2506 425 2545 Exposuisti
448 2506 617 2545 siquidem
642 2506 739 2536 nobis
758 2506 858 2545 quod,
879 2515 954 2536 cum
974 2515 1034 2537 nos
1051 2507 1236 2538 venerabili

225 2560 322 2590 fratri
347 2561 462 2589 nostro
488 2582 494 2587 .
510 2583 515 2587 .
544 2559 796 2598 archiepiscopo
814 2559 1046 2595 Bracharensi‚
1065 2559 1127 2590 sub
1146 2562 1236 2591 certa

225 2611 333 2643 forma
354 2613 479 2642 nostris
502 2612 717 2642 dedissemus
740 2612 864 2642 litteris
889 2612 921 2642 in
952 2613 1122 2643 mandatis
1146 2615 1181 2644 ut
1204 2616 1235 2645 te

224 2666 260 2695 in
279 2665 394 2704 aliqua
413 2665 632 2695 ecclesiarum
652 2665 893 2696 cathedralium
918 2666 1011 2704 regni
1028 2666 1232 2705 Portugalie.

223 2727 284 2758 per
302 2728 337 2749 se
354 2719 406 2748 vel
426 2727 484 2757 per
500 2719 617 2755 alium,
630 2719 733 2757 recipi
751 2718 876 2749 faciens
893 2719 925 2748 in
942 2719 1139 2749 canonicum
1154 2721 1234 2751 etin

223 2771 376 2807 fratrem,
392 2771 453 2801 tibi
471 2772 511 2801 de
528 2771 697 2810 prebenda
717 2771 745 2801 si
767 2781 833 2810 qua
850 2773 928 2802 tunc
947 2774 1080 2803 vacaret
1108 2772 1233 2804 ibidem

224 2824 278 2855 vel
298 2825 550 2863 quamprimum
566 2825 606 2854 ad
626 2824 657 2854 id
677 2833 712 2855 se
730 2825 865 2855 otl'erret
885 2825 1109 2864 oportunitas,
1121 2827 1233 2864 provi-

223 2878 329 2914 deret,
364 2878 628 2908 contradictores
662 2879 738 2913 etc„
770 2886 877 2916 usque
912 2879 1167 2916 compescendo,
1200 2881 1233 2911 et

986 198 1229 229 REGIS'I‘RES
1260 196 1476 228 D’URBAIN
1509 197 1566 227 IV.

1306 280 1476 319 quondam
1503 280 1669 310 Martinus
1700 280 1893 318 Symeonss,
1910 281 2020 310 rector
2044 280 2185 310 ecclesie
2211 280 2317 310 sancti

1304 333 1480 363 Michaelis
1508 333 1547 363 de
1582 333 1780 369 Reverdola,
1814 333 1866 363 cui
1899 333 2010 363 dictus
2041 333 2317 371 archiepiscopus

1305 394 1406 424 super
1424 386 1484 416 hoc
1500 386 1716 416 commiserat
1734 386 1825 416 vices
1842 394 1933 422 suas,
1950 386 2079 425 eligens
2097 395 2133 415 ac
2152 385 2269 416 volens
2286 389 2316 415 te

1306 439 1338 468 in
1358 439 1508 475 fratrem,
1525 440 1556 469 et
1584 439 1782 469 canonicum
1809 439 1913 478 recipi
1940 441 1972 469 et
1997 438 2058 468 tibi
2087 438 2256 477 provideri
2278 438 2317 469 de

1304 491 1485 531 prebenda,
1511 491 1609 530 juxta
1640 492 1835 521 mandatuin
1863 491 2099 530 apostolicum,
2119 491 2150 521 in
2181 490 2318 523 Clixbo

1305 545 1401 574 nensi
1427 545 1568 575 ecclesia
1593 553 1656 583 que
1683 545 1716 574 in
1741 544 1858 575 eodem
1886 553 1987 583 regno
2015 544 2184 581 consistit,
2205 553 2317 574 coram

1305 598 1415 636 ipsius
1439 597 1682 628 Ulixbonensis
1699 598 1841 628 ecclesie
1862 598 2010 636 capitulo
2029 597 2165 627 easdem
2188 599 2320 636 aposto-

1276 666 1278 671 ›
1305 650 1387 680 licas
1405 652 1436 680 et
1454 650 1538 680 facte
1558 650 1622 680 sibi
1643 650 1895 680 commissionis
1919 650 2052 680 litteras
2075 649 2115 679 ab
2137 650 2318 689 archiepis-

1305 712 1386 742 copo
1404 703 1568 741 predicto,
1582 703 1879 743 Iegisset,tandern
1899 703 2091 742 hujusmodi
2111 702 2242 741 negotio
2262 711 2320 742 per

1304 756 1567 794 appellationem
1585 755 1665 785 dicti
1683 756 1821 795 capituli
1842 756 1883 786 ad
1899 757 2014 786 sedem
2030 756 2251 795 apostolicam
2273 755 2318 786 le-

1304 809 1420 848 gitime
1448 809 1617 844 devoluto,
1643 818 1703 839 nos
1728 809 1761 839 in
1787 819 1825 840 eo
1849 809 2011 840 dilectum
2036 809 2144 839 filium
2165 811 2319 839 nostrum

1303 863 1346 896 .J.‚
1356 865 1550 892 sanctorum
1565 863 1685 893 Cosme
1696 864 1727 893 et
1739 863 1896 893 Damiani
1907 863 2085 893 diaconum
2099 862 2317 898 cardinalem,

1276 941 1277 948 ,
1304 916 1535 945 concessimus
1544 915 1698 954 partibus
1710 916 1911 946 auditorem.
1923 916 2015 946 Idem
2028 924 2107 946 vero
2122 915 2318 952 cardinalis,

235 997 390 1036 Plicastis
414 997 449 1026 ut
475 995 651 1034 providere
672 994 768 1024 vobis
791 996 823 1024 et
849 995 958 1024 eidem
979 994 1119 1025 ecclesie
1146 1004 1247 1034 super
1276 989 1277 1012 ἶ
1305 968 1376 998 Viso
1394 969 1619 998 instrumento
1636 969 1876 1007 appellationi*
1889 969 2052 1008 eju'gdem’
2066 978 2102 999 ac
2116 969 2155 999 de
2167 968 2317 1007 appella'

234 1051 296 1081 hoc
312 1051 450 1088 paterna
477 1048 707 1079 sollicitudine
725 1056 933 1078 curaremus.
952 1048 1036 1078 Cum
1058 1049 1172 1087 itaque
1193 1057 1245 1079 res
1276 1063 1277 1074 2

234 1104 291 1143 pia
303 1102 547 1142 etdignissima
564 1102 716 1132 videatur
738 1103 774 1131 ut
793 1110 864 1138 nos,
885 1101 941 1140 qui
959 1101 1051 1135 olim,
1072 1101 1105 1131 in
1123 1102 1246 1132 minori
1276 1114 1277 1131 1

1304 1021 1394 1051 tione
1420 1023 1494 1060 ipsa
1521 1021 1671 1061 legitime
1696 1022 1839 1061 cognito,
1855 1022 1976 1060 primo,
1998 1022 2153 1060 exigente
2172 1021 2317 1060 justitia,

1304 1075 1476 1113 negotium
1506 1075 1618 1113 ipsum
1649 1076 1689 1105 ad
1709 1076 1823 1105 sedem
1851 1075 1991 1105 candem
2020 1084 2096 1105 esse
2121 1075 2318 1105 devolutum

1305 1127 1468 1166 legitime,
1487 1136 1525 1158 ac
1546 1128 1666 1158 deinde
1691 1128 1776 1158 visis
1795 1131 1827 1158 et
1852 1128 2035 1158 intellectis
2061 1127 2197 1167 J'uribus
2219 1130 2251 1158 et
2271 1136 2320 1158 ra·

1304 1180 1454 1211 tionibus
1472 1181 1552 1216 tuis,
1576 1183 1607 1212 te
1628 1184 1795 1220 presente,
1815 1190 1851 1211 ac
1870 1182 2002 1212 nemine
2020 1183 2235 1220 comparente
2258 1189 2317 1220 pro

1276 1243 1277 1260 1
1304 1233 1490 1264 venerabili
1519 1234 1622 1265 fratre
1652 1236 1767 1265 nostro
1803 1235 1960 1274 episcopo
1994 1237 2025 1265 et
2064 1235 2138 1273 ipso
2171 1234 2318 1272 capitulo

343 1317 347 1322 .
411 1316 415 1321 .
470 1316 474 1320 .
566 1315 570 1320 .
636 1315 640 1320 .
708 1314 713 1319 .
804 1314 809 1319 .
939 1315 964 1320 ..
1276 1310 1277 1313 η
1304 1286 1609 1323 Ulixbonensibus,
1629 1296 1821 1326 quanquam
1844 1288 1877 1317 in
1900 1288 2071 1317 audientia
2094 1287 2228 1326 publica
2248 1287 2319 1325 plu-

235 1315 544 1355 supplicationibus
564 1315 727 1351 inclinati,
748 1316 783 1345 nt
802 1323 835 1344 111
856 1316 1055 1344 manitestos
1073 1317 1246 1353 occupato·
1276 1322 1277 1328 ¹

1304 1340 1372 1370 ries
1389 1341 1615 1378 peremptorie
1629 1340 1722 1370 citati
1743 1341 1866 1370 suerint
1879 1343 1921 1375 et,
1936 1342 2011 1379 post
2028 1342 2176 1379 pretixos
2191 1341 2240 1370 eis
2253 1343 2316 1371 ter-

1304 1393 1427 1428 minos,
1447 1393 1576 1423 diutius
1593 1393 1793 1431 exspectati,
1822 1394 2058 1424 sententiando
2084 1393 2317 1432 pronuntiavit

1303 1447 1335 1475 te
1364 1446 1434 1475 fore
1462 1446 1694 1484 recipiendum
1721 1446 1754 1476 in
1776 1446 1907 1485 prefata
1931 1446 2155 1477 L'lixbonensi
2175 1446 2317 1477 ecclesia

1304 1498 1338 1528 in
1369 1499 1568 1529 canonicum
1586 1500 1617 1529 et
1636 1499 1670 1529 in
1695 1499 1846 1533 fratrem,
1865 1508 1902 1529 ac
1918 1499 1980 1530 tibi
1998 1499 2244 1538 providendum
2261 1499 2318 1530 de-

272 1582 278 1588 .
533 1580 538 1585 .
775 1580 780 1584 .
929 1580 934 1585 .
957 1580 962 1585 .
1160 1589 1163 1590 7
1275 1566 1276 1586 ³
1304 1552 1408 1582 crevit
1429 1553 1469 1582 de
1492 1552 1673 1591 prebenda,
1693 1553 1791 1591 siqua
1807 1554 1902 1582 vacat
1921 1553 1962 1582 ad
1984 1561 2125 1591 presens
2145 1553 2177 1583 in
2201 1562 2240 1583 ea
2263 1552 2318 1583 vel

233 1590 377 1618 mlnum,
395 1589 494 1620 quem
511 1589 560 1610 eis
579 1581 802 1618 peremptorie
817 1580 984 1610 duxeritis
1000 1580 1244 1619 prefigendnm,
1275 1596 1276 1605 ι

1304 1605 1556 1644 quamprimum
1584 1606 1624 1635 ad
1652 1606 1684 1635 id
1711 1606 1870 1636 obtulerit
1897 1614 1933 1636 se
1955 1605 2109 1642 facultas,
2133 1606 2316 1636 secundum

1304 1658 1494 1688 litterarum
1523 1659 1765 1689 continentiam
1793 1659 1988 1693 earundem,
2013 1661 2111 1698 prout
2138 1659 2170 1689 in
2193 1660 2314 1689 instru-

1303 1713 1416 1741 mento
1442 1711 1576 1750 publico
1597 1712 1748 1742 confecto
1774 1712 1908 1746 exinde,
1935 1712 2045 1751 ipsius
2065 1712 2249 1742 cardinalis
2274 1712 2317 1742 si-

1303 1764 1421 1803 gillato
1437 1765 1550 1804 sigillo
1567 1765 1703 1804 plenius
1723 1766 1924 1796 continetur.
1935 1766 2006 1796 Nos
2025 1766 2138 1805 igitur,
2152 1765 2221 1796 tuis
2238 1774 2316 1805 sup-

1302 1818 1545 1856 plicationibus
1557 1819 1723 1853 inclinati,
1739 1819 1828 1858 quod
1843 1818 1884 1849 ab
1899 1819 2016 1849 eodem
2034 1819 2196 1849 cardinali
2214 1827 2316 1858 super

1302 1872 1362 1902 hoc
1380 1872 1505 1902 sactum
1515 1873 1578 1909 est,
1593 1874 1703 1902 ratum
1719 1872 1880 1903 habentes
1897 1874 1928 1903 et
1943 1873 2091 1908 firmum,
2105 1873 2190 1902 illud
2204 1874 2313 1903 aucto-

1273 1944 1274 1949 =
1302 1926 1401 1956 ritate
1433 1925 1617 1964 apostolica
1648 1926 1900 1959 confirmamus,
1931 1926 1963 1956 et
1994 1927 2163 1964 presentis
2196 1926 2311 1964 scripti

1301 1978 1489 2017 patrocinio
1507 1979 1768 2009 communimus

1341 2032 1506 2061 Tenorem
1521 2032 1737 2062 instrumenti
1753 2032 1904 2070 ejusdem
1921 2032 2136 2070 presentibus
2155 2032 2195 2062 de.
2211 2032 2312 2063 verbo

1271 2115 1272 2118 Ἴ
1300 2084 1340 2113 ad
1357 2084 1498 2114 verbum
1515 2085 1619 2114 inseri
1638 2085 1811 2122 facientes,
1829 2086 1884 2124 qui
1902 2085 1980 2115 talis
1996 2088 2048 2116 est
2065 2095 2070 2114 :

1339 2147 1355 2167 «
1374 2137 1412 2167 In
1431 2137 1566 2167 nomine
1582 2138 1694 2167 Patris
1709 2140 1739 2168 ct
1758 2138 1837 2168 Filii
1853 2140 1886 2168 et
1904 2138 2053 2176 Spiritus
2069 2139 2182 2170 Sancti
2200 2147 2310 2170 amen.

1299 2190 1387 2221 Olim
1409 2190 1648 2220 sanctissimus
1668 2193 1762 2229 pater
1778 2193 1807 2221 et
1827 2191 1997 2223 dominus.
2014 2192 2173 2222 dominus
2190 2192 2311 2231 Urba-

1299 2244 1388 2280 nus]‚
1409 2243 1523 2273 divina
1538 2244 1751 2282 providentia
1770 2253 1855 2283 papa
1874 2245 2149 2280 IlH,venerabi1i
2169 2246 2256 2284 patri
2278 2271 2283 2276 .
2303 2270 2309 2276 .

1298 2295 1551 2335 archiepiscopo
1568 2297 1804 2333 Bracharensi,
1818 2298 1890 2327 suis
1904 2297 1966 2327 sub
1986 2300 2075 2328 certa
2095 2298 2202 2328 forma
2220 2299 2311 2330 dedit

1268 2356 1270 2391 j
1296 2349 1422 2379 litteris
1450 2349 1483 2379 in
1512 2350 1680 2379 mandatis
1710 2352 1745 2380 ut
1777 2350 1936 2389 Egidium
1965 2351 2115 2386 Martini,
2149 2352 2309 2382 clericum

1296 2402 1575 2438 Ulixhonensem,
1591 2411 1650 2441 per
1674 2412 1708 2433 se
1733 2403 1785 2433 vel
1805 2412 1864 2442 per
1881 2403 1986 2434 alium
2014 2404 2048 2434 in
2067 2404 2181 2443 aliqua
2208 2405 2309 2436 eccle-

1296 2455 1424 2485 siarum
1448 2455 1691 2485 cathedralium
1719 2457 1811 2495 regni
1838 2457 2030 2496 l‘ortugalie
2058 2457 2162 2496 recipi
2185 2458 2309 2489 faceret

1295 2508 1328 2538 in
1345 2508 1542 2538 canonicum
1560 2510 1590 2538 et
1606 2509 1639 2538 in
1659 2509 1809 2545 fratrem,
1823 2510 1921 2548 eique
1939 2510 1978 2540 de
1994 2509 2174 2548 prebenda,
2187 2511 2215 2541 si
2231 2514 2309 2542 tunc

1294 2562 1427 2591 vacaret
1445 2561 1570 2591 ibidem
1592 2562 1644 2592 vel
1662 2563 1832 2601 quamcito
1851 2563 1890 2593 ad
1910 2563 1941 2593 id
1967 2571 2003 2593 se
2025 2564 2159 2594 offerret
2177 2567 2310 2603 oportu-

1294 2615 1394 2650 nitas,
1412 2615 1614 2653 provideret.
1643 2616 1719 2651 Sed,
1750 2616 1866 2646 eodem
1890 2616 2143 2655 archiepiscopo
2165 2617 2308 2648 Martino

1292 2668 1484 2706 Symeonis,
1505 2669 1626 2699 rectori
1651 2669 1792 2699 ecclesie
1812 2669 1919 2699 sancti
1938 2669 2113 2699 Michaelis
2129 2669 2170 2700 de
2187 2670 2309 2701 Rever-

1292 2720 1378 2754 dola,
1409 2721 1499 2751 vices
1527 2730 1606 2751 suas
1635 2722 1667 2752 111
1696 2721 1756 2752 hoc
1787 2722 1920 2761 negotio
1947 2722 2189 2758 committente,
2219 2723 2306 2753 idem

1292 2775 1411 2810 rector,
1424 2774 1464 2803 ad
1477 2774 1742 2805 Ulixbonensem
1760 2775 1950 2811 ecclesiam,
1966 2775 1999 2805 in
2011 2775 2100 2806 dicto
2111 2784 2212 2815 regno
2228 2777 2307 2807 Por-

1290 2826 1417 2865 tugalie
1429 2829 1644 2859 existentem,
1662 2828 1886 2867 personaliter
1903 2829 2064 2859 accedens
2082 2837 2119 2859 ac
2139 2829 2254 2860 volens
2273 2831 2306 2860 et

1289 2880 1419 2919 eligens
1429 2880 1538 2910 eidem
1548 2881 1583 2911 E.
1598 2881 1630 2911 111
1645 2881 1717 2920 ipsa
1731 2881 1885 2918 ecclesia,
1897 2882 2303 2921 auctoritateapostolica,
