2519 3262
1073 201 1312 239 TROISIEME
1339 200 1501 237 ANNEE.

244 300 345 330 super
363 291 424 322 hoc
450 301 509 331 per
532 293 623 323 sedis
650 293 834 331 apostolice
861 292 1107 331 providentiam
1127 291 1256 330 suppli—

243 346 338 376 casti.
364 346 434 376 Nos
463 346 589 385 itaque,
618 348 674 377 tue
703 346 893 376 devotionis
916 346 1099 384 puritatem
1131 346 1255 382 tueque

244 399 365 429 merita
392 398 573 437 probitatis
602 407 730 429 necnon
760 399 899 428 scientie
923 399 1048 428 donum
1067 398 1099 427 et
1122 405 1255 426 morum

242 451 465 486 honestatem,
479 451 604 491 quibus
619 452 773 490 preditus
787 460 862 481 esse
872 450 1071 482 dinosceris,
1084 449 1254 479 attenden-

242 507 293 535 tes
311 506 343 535 et
359 505 511 535 volentes
528 505 618 544 quod
642 505 790 535 favorem
809 503 1033 542 apostolicum
1049 501 1111 532 tibi
1127 502 1255 532 sentias

243 558 442 597 gratiosum,
458 558 668 596 presentium
685 557 747 587 tibi
770 557 969 586 auctoritate
986 555 1203 585 concedimus
1220 556 1255 585 ut

244 611 436 641 sacristiam
455 611 685 641 Biterrensem
703 611 735 640 et
759 609 826 639 alia
845 608 1077 639 ecclesiastica
1093 607 1256 638 beneficia

242 673 317 702 qne,
348 665 424 702 post
449 663 579 693 obitum
606 662 747 693 Imberti
776 662 912 700 prefati,
933 661 1018 691 alias
1047 662 1206 691 canonice
1225 664 1255 691 te

244 717 371 747 asseris
389 717 594 751 assecutum,
626 715 731 745 libere
748 715 893 745 retinere
911 724 947 745 ac
971 715 1012 744 ad
1028 715 1131 744 aliam
1148 714 1254 753 digni-

242 771 357 805 tatem,
381 769 483 799 etiam
503 769 531 798 si
550 768 754 807 episcopalis
777 768 879 798 fuerit
898 770 930 798 et
947 768 1105 798 canonice
1123 768 1165 798 ad
1181 776 1254 798 eam

240 823 272 852 te
289 822 400 852 vocari
413 822 604 861 contigerit,
622 822 714 852 licite
732 821 846 852 valeas
863 821 1067 860 promoveri.
1084 821 1255 852 Nolumus

241 876 351 905 autem
362 875 451 914 quod
467 875 500 905 in
512 874 579 904 hiis
595 875 647 905 vel
665 884 706 906 ex
716 883 755 905 eo
773 875 861 914 quod
877 874 1073 914 hujusmodi
1091 873 1256 904 beneficia

240 930 272 958 et
299 928 365 958 alia
395 928 480 958 alias
511 928 647 958 obtenta
675 928 833 958 canonice
853 928 994 958 tenuisti
1022 927 1196 962 hactenus,
1223 929 1255 958 et

239 981 369 1011 fructus
396 981 579 1020 percepisti
601 990 642 1012 ex
659 982 720 1015 eis,
742 990 826 1020 quos
850 981 941 1012 licite
966 981 1125 1012 volumus
1143 982 1175 1011 te
1198 980 1254 1010 ha-

238 1033 328 1070 bere,
358 1034 508 1073 predicta
527 1034 724 1065 constitutio
750 1034 814 1064 tibi
832 1034 932 1071 obsit,
951 1035 1053 1064 etiam
1072 1034 1101 1064 si
1119 1034 1161 1064 ad
1180 1042 1253 1072 per-

239 1095 357 1117 sonam
376 1088 470 1117 tuam
487 1089 602 1126 posset
619 1088 768 1124 extendi,
785 1088 837 1118 vel
856 1096 915 1126 per
939 1096 1014 1118 eam
1035 1087 1173 1126 aliquod
1190 1087 1253 1117 tibi

239 1139 452 1170 obstaculum
468 1140 648 1180 interponi.
673 1141 768 1172 Nulli
786 1150 863 1180 ergo
887 1142 998 1171 nostre
1022 1140 1253 1171 concessionis

238 1194 300 1223 etc.
321 1193 445 1223 Datum
462 1194 551 1232 apud
565 1194 854 1230 Urbemveterem,
870 1203 926 1224 xvi
940 1194 1102 1224 kalendas
1120 1193 1251 1232 aprilis,

240 1254 326 1276 anno
344 1246 456 1277 tertio.
478 1257 491 1275 >³

812 1418 937 1452 Orvieto,
957 1419 987 1445 18
1004 1426 1081 1444 mars
1101 1418 1178 1445 1204.

330 1420 425 1451 1413

274 1503 411 1538 Magistro
431 1502 553 1529 Johanni
572 1504 606 1529 de
627 1503 754 1530 Essarcis
777 1503 886 1530 confert
910 1503 1113 1529 canonicatum
1130 1505 1157 1529 et
1174 1510 1252 1536 prae-

239 1552 361 1579 bendam
379 1553 407 1578 in
424 1552 545 1579 ecclesia
563 1560 585 1578 s.
603 1552 719 1578 Vcdasti
737 1552 953 1578 Suessionensis
970 1553 1103 1578 vacantes
1120 1559 1170 1586 per
1184 1551 1252 1578 libe-

238 1609 301 1628 ram
336 1601 565 1635 resignationem
596 1600 729 1635 magistri
759 1600 886 1635 Dionysii
921 1601 956 1627 de
990 1601 1129 1631 Essarcis,
1161 1600 1251 1634 ipsius

236 1650 374 1677 ,lobannis
391 1650 534 1684 germani.
554 1650 635 1683 (nan.
656 1650 699 1679 29,
721 1649 767 1676 sol.
790 1650 839 1676 128
857 1656 893 1681 v0,
916 1650 1037 1683 110403.)

279 1768 292 1787 «
318 1758 466 1797 Maye'slro
484 1757 619 1788 ‘Iohanni
643 1757 677 1787 de
698 1757 853 1790 Essrzrcis,
878 1756 986 1786 clerico
1006 1755 1166 1785 Jlelclensis
1190 1755 1253 1785 dio-

238 1812 320 1842 cesis.
341 1812 426 1842 Cum
443 1811 587 1841 dilectus
605 1811 697 1840 filius
714 1828 763 1839 -.
781 1811 904 1841 Datum
926 1810 1014 1849 apud
1033 1809 1251 1840 Urbemvete-

236 1874 318 1902 rem,
337 1873 382 1895 xv
399 1864 563 1895 kalendas
582 1864 709 1903 aprelis
729 1864 810 1902 (sic),
829 1872 915 1894 anno
932 1863 1045 1893 tertio.
1066 1873 1080 1891 »

325 2042 421 2073 1414
815 2040 939 2071 (strvieto,
958 2040 988 2067 18
1002 2048 1080 2066 mars
1099 2039 1178 2067 1264.

270 2125 464 2160 infrascriptis
485 2125 648 2161 praedictae
676 2125 833 2152 committit
855 2125 1053 2152 executionem
1074 2123 1248 2152 collationis-

232 2175 310 2209 (Rae.
331 2176 376 2206 129,
394 2175 444 2202 sol.
464 2175 512 2203 128
533 2180 570 2208 v⁰‚
588 2180 617 2201 11Ω
631 2174 707 2206 464.)

275 2293 290 2309 «
308 2305 314 2311 .
334 2307 339 2311 .
358 2281 469 2312 decano
496 2281 686 2318 Beloacensi,
717 2286 744 2310 et
764 2306 770 2312 .
789 2304 797 2312 .
823 2281 992 2310 subdecano
1017 2280 1247 2310 Aurelianensi.

235 2336 319 2365 Cum
336 2335 481 2366 dilectus
491 2335 583 2365 filius
597 2353 646 2364 —.
659 2335 783 2366 Datum
798 2335 885 2374 apud
896 2334 1188 2372 Urbemveterem,
1204 2343 1249 2364 xv

233 2388 397 2419 kalendas
414 2388 546 2427 aprilis,
566 2396 653 2419 anno
672 2388 784 2419 tertio.
806 2398 821 2417 »

818 2559 942 2590 Orrieto,
960 2561 976 2587 6
995 2567 1074 2586 mars
1096 2559 1172 2586 1264.

328 2562 423 2593 1415

268 2646 406 2680 Magistro
432 2644 555 2671 Johanni
581 2645 616 2670 de
647 2644 740 2670 Monte
760 2644 880 2677 Albano,
909 2645 1046 2671 canonico
1075 2644 1248 2678 Conchensi,

232 2696 395 2730 portionem
410 2697 438 2721 et
453 2693 661 2728 praestimonia
674 2701 746 2727 quae
764 2693 792 2719 in
809 2694 932 2720 ecclesia
952 2694 1089 2720 Toletana
1106 2702 1157 2728 per
1171 2702 1249 2721 mor-

231 2747 292 2771 tem
316 2744 462 2778 quondam
484 2742 608 2769 Mathiae
634 2744 747 2772 vacant,
779 2741 900 2768 confert.
930 2743 1008 2775 (Rea.
1034 2744 1078 2775 29,
1109 2742 1158 2769 fol.
1189 2744 1249 2774 129,

236 2798 267 2819 n⁰
282 2793 358 2826 405.)

274 2909 290 2929 «
308 2898 457 2939 Magistro
494 2898 630 2929 Johanui
658 2898 694 2928 de
719 2896 969 2934 Monte-Albano,
999 2898 1147 2928 canonico
1171 2897 1249 2928 Con-

2270 218 2324 246 199

1313 290 1424 319 eliensi.
1461 291 1593 320 Meritis
1628 291 1810 321 laudabilis
1841 295 2106 324 conversationis
2138 314 2172 316 —
2205 298 2323 327 {minin

1312 343 1399 382 apud
1417 343 1706 381 Urbemveterem,
1725 355 1744 373 11
1765 354 1870 375 nonas
1890 347 2014 380 martii,
2036 356 2121 378 anno
2141 350 2247 379 tertio.
2267 360 2282 377 »

1896 503 2020 531 ‹iri-iem,
2042 507 2058 531 ϋ
2078 513 2156 531 mar<
2178 506 2252 532 1:⁴21.

1406 503 1500 533 1416

1348 584 1541 619 Infrascriptis
1559 585 1723 619 praedictae
1752 587 1911 613 committit
1931 588 2128 614 executionem
2150 589 2322 616 collati-vnis.

1313 633 1388 663 (nm
1406 634 1449 665 29,
1467 633 1515 660 sol.
1535 634 1593 667 129,
1613 639 1644 660 110
1660 634 1733 665 4ϋο.)

1352 750 1366 768 «
1384 739 1608 769 Archidiacono
1629 739 1665 770 de
1678 740 1811 770 Alema:
1832 747 1859 771 et
1878 741 1992 780 Eyiclio
2008 743 2159 777 Hodoi-ici,
2179 745 2324 773 canonico

1314 792 1470 823 Toletano.
1493 794 1625 823 Meritis
1644 794 1828 824 laudabilis
1844 796 2112 826 conversationis
2131 814 2180 827 —.
2200 798 2323 828 Datum

1312 846 1401 885 apud
1414 846 1706 883 Urbemveterem,
1724 857 1745 877 11
1766 856 1872 878 nonas
1889 849 2016 886 martii,
2036 858 2122 880 anno
2141 851 2250 881 tertio.
2270 860 2285 879 »

1872 1007 1998 1034 Orvieto.
2021 1009 2050 1034 11
2074 1017 2151 1035 mars
2174 1010 2249 1036 1204.

1404 1006 1497 1037 1417

1345 1088 1551 1115 Archidiacono
1575 1090 1608 1115 de
1633 1089 1766 1116 'l'rivinno
1793 1093 1819 1117 et
1849 1091 1959 1117 cantori
1984 1092 2120 1126 Burgensi
2151 1094 2264 1119 mandat
2294 1096 2321 1119 ut

1309 1137 1449 1171 magistro
1465 1138 1649 1169 tiundisalvo‚
1669 1138 1817 1173 capellano
1832 1140 2001 1174 apostolico,
2018 1141 2125 1167 decano
2141 1142 2278 1168 'solt-tuno
2296 1145 2322 1168 ct

1309 1186 1511 1213 archidiacono
1536 1187 1672 1214 Modicus-i
1706 1188 1734 1214 in
1760 1188 1881 1215 ecclesia
1905 1188 2075 1223 Conchensi,
2103 1191 2274 1217 decanatum
2295 1194 2320 1217 et

1308 1235 1574 1263 archidiaconatum
1601 1237 1750 1272 resignare
1770 1241 1880 1272 parato,
1903 1239 1938 1264 de
1963 1238 2058 1272 aliquo
2088 1239 2323 1266 archidiaconatu

1308 1292 1373 1310 cum
1388 1285 1604 1319 praestimoniis
1620 1286 1748 1313 cedentis
1764 1287 1981 1314 veldecedentis
1997 1288 2156 1314 inecclesia
2175 1288 2321 1320 Toletana,

1309 1333 1344 1360 de
1362 1333 1478 1360 Alcaraz
1492 1337 1518 1361 et
1537 1335 1571 1361 dc
1590 1335 1742 1362 Caiatrava
1757 1335 2042 1363 archidiaconatibus
2068 1338 2205 1364 duntaxat
2224 1345 2322 1371 excep-

1308 1383 1356 1410 tis.
1375 1383 1523 1417 providere
1538 1387 1700 1418 procurent.
1721 1385 1798 1419 (Rae.
1818 1386 1863 1417 29,
1881 1385 1927 1412 fol.
1949 1387 2008 1413 129,
2025 1390 2056 1412 11ο
2073 1387 2147 1417 >tom

1349 1499 1363 1518 «
1395 1490 1622 1520 Arclzidiacono
1648 1491 1684 1520 de
1715 1491 1872 1527 Trivirmo,
1904 1498 1932 1521 et
1959 1515 1964 1521 .
1986 1516 1992 1522 .
2018 1493 2139 1521 cantori
2161 1492 2319 1530 Bittffc‘nsi.

1309 1543 1504 1580 Apostolice
1527 1543 1747 1583 benignitatis
1772 1544 1925 1574 affectum
1943 1563 1991 1575 —.
2011 1546 2135 1575 Datum
2156 1546 2242 1584 apud
2262 1546 2321 1575 lsr-

1308 1595 1550 1631 bemveterem,
1569 1605 1587 1625 v
1603 1597 1678 1627 idus
1698 1597 1824 1633 martii,
1841 1606 1927 1628 anno
1944 1598 2054 1628 tertio.
2075 1609 2088 1625 n

1887 1751 2012 1783 Orvieto,
2031 1753 2061 1779 11
2075 1760 2152 1779 mars
2171 1752 2246 1779 12131.

1402 1753 1496 1783 1418

1342 1835 1458 1865 jacobo,
1485 1834 1633 1869 capellano
1665 1843 1688 1862 s.
1721 1835 1813 1869 Egidii
1838 1835 1918 1870 juxta
1939 1835 2093 1862 ecclesiam
2122 1845 2145 1862 s.
2175 1836 2320 1862 Lainberti

1307 1884 1485 1916 Leodiensis,
1513 1892 1612 1918 papae,
1630 1884 1697 1910 dum
1729 1886 1805 1910 essct
1836 1884 1864 1910 in
1888 1884 1995 1910 minori
2025 1884 2119 1911 officio
2136 1885 2320 1917 constitutus,

1307 1932 1488 1967 acceptabili,
1509 1933 1709 1959 canonicatum
1733 1935 1759 1959 et
1775 1933 1968 1967 praebendam
1994 1934 2133 1960 ecclesiae
2149 1942 2172 1960 s.
2193 1933 2320 1968 Dionysii

1306 1981 1482 2013 Leodiensis,
1496 1984 1631 2008 vacantes
1647 1989 1696 2016 per
1711 1984 1837 2009 mortem
1854 1983 1951 2009 Jacobi
1966 1983 2000 2008 de
2018 1982 2106 2017 Hoyo,
2119 1982 2227 2009 confert
2244 1985 2268 2009 vt
2287 1983 2320 2009 de

1306 2031 1372 2060 hiis.
1400 2031 1497 2057 Jacobi
1522 2031 1652 2073 1101111110,
1667 2031 1783 2058 investit
1799 2031 1971 2064 ι10111111110111,
1988 2031 2158 2058 canonicum
2182 2031 2320 2058 ewlesiae

1307 2089 1330 2107 s.
1362 2080 1501 2107 Johannis
1527 2079 1705 2113 Leodiensis,
1743 2080 1896 2107 ostiarium
1927 2080 2102 2115 capellaniae
2133 2081 2318 2115 apostolicae.

1308 2129 1384 2164 (Rau.
1400 2130 1445 2160 29,
1463 2129 1511 2155 fol.
1532 2129 1580 2157 129
1598 2134 1638 2161 νο,
1656 2135 1686 2155 n⁰
1702 2129 1777 2162 408.)

1347 2249 1359 2263 «
1380 2236 1506 2272 Jacobo,
1532 2236 1692 2276 capellano
1716 2246 1739 2267 s.
1766 2235 1878 2275 Eqidii
1904 2237 1995 2274 [urla
2017 2236 2173 2266 ecclesiam
2190 2246 2212 2265 s.
2234 2237 2321 2266 Lam-

1307 2289 1385 2319 berti
1411 2289 1593 2319 Leodiensis.
1613 2289 1677 2320 Tui
1697 2289 1737 2319 ab
1755 2289 1836 2319 olim
1853 2306 1901 2318 —.
1922 2289 2047 2320 Datum
2069 2290 2157 2328 apud
2180 2289 2320 2320 [31110111-

1306 2345 1466 2379 veterem,
1483 2352 1503 2373 v
1520 2343 1596 2373 idus
1615 2343 1742 2378 martii,
1761 2351 1848 2373 anno
1868 2343 1979 2373 tertio.
1999 2351 2016 2371 »

1881 2495 2005 2530 Orvieto,
2023 2496 2053 2523 11
2072 2504 2152 2523 mars
2169 2496 2246 2524 1204.

1399 2498 1494 2529 1419

1342 2580 1538 2615 lnfrascriptis
1559 2580 1721 2614 praedictae
1744 2580 1903 2607 committit
1927 2581 2125 2608 executionem
2146 2580 2320 2607 collationis.

1307 2630 1386 2665 (Rae,
1405 2631 1449 2660 29,
1464 2629 1514 2657 sol.
1534 2630 1582 2656 129
1601 2635 1638 2660 v0,
1653 2635 1683 2656 11ο
1697 2629 1775 2664 469.)

1347 2749 1361 2767 «
1382 2738 1502 2768 Decano
1532 2748 1554 2767 s.
1593 2737 1684 2766 Pauli
1714 2742 1741 2766 et
1774 2737 1911 2767 „Iohanni
1937 2736 1973 2767 de
2006 2737 2143 2776 Tomyris,
2174 2737 2322 2767 canonico

1306 2803 1329 2822 s.
1348 2792 1434 2821 Petri
1455 2791 1650 2821 ecclesiarum
1667 2790 1890 2821 Lcodiensiwn.
1910 2790 2034 2821 Dileeti
2055 2790 2116 2820 filii
2135 2790 2251 2821 Jacobi
2270 2808 2319 2819 -.

1305 2846 1430 2876 Datum
1452 2845 1540 2883 apud
1563 2843 1853 2880 Urbemveterem,
1876 2853 1895 2873 v
1915 2844 1992 2874 idus
2012 2843 2137 2880 martii,
2158 2852 2243 2873 anno
2261 2845 2321 2873 ter-

1305 2899 1365 2929 tio.
1383 2908 1400 2928 »
