2659 3242
177 271 237 299 300

202 468 277 495 1264

182 517 271 551 janv.
294 514 342 542 21.

206 701 282 729 1264
394 714 431 719 ω

185 751 273 786 janv.
294 750 345 777 31.

212 935 288 964 1264
409 950 449 953 --

191 984 270 1012 ievr.
312 984 344 1011 4.

220 1561 294 1589 1264
418 1573 458 1580 -«

200 1611 280 1638 revr.
304 1609 353 1637 13.

230 1798 305 1825 1264
432 1811 473 1816 -—

209 1847 288 1874 fevr.
313 1846 361 1874 19.

237 2230 310 2256 isui
434 2245 452 2247 ᾗ
470 2244 474 2246 v

217 2279 295 2306 ievr.
318 2278 368 2303 ⁵28.

244 2465 318 2492 1264
443 2480 481 2484 -ν

223 2514 302 2541 avril
342 2514 373 2540 3,

245 2640 319 2667 1264
441 2652 482 2658 -—

226 2689 306 2716 avril
329 2688 376 2715 12.

364 463 492 493 Orm'eio.

1018 255 1190 286 TABLES
1207 254 1267 285 DU
1288 251 1506 284 REGISTRE
1525 247 1735 280 D’URBAIN
1754 247 1799 278 1v

1107 351 1194 376 Pages.
1215 347 1350 369 Numeros.

1146 412 1210 432 tome
1232 409 1261 430 lv

586 460 745 489 Omnibus
770 456 971 485 ecclesiarum
1000 459 1054 480 seu
1081 452 1166 483 mo-1
1203 449 1356 482 6712975

551 508 763 536 nasteriorum
792 503 944 540 praelatis
969 501 1150 536 episcopum

547 555 829 586 sancti-Andreae,
853 551 1017 586 negotium
1043 547 1153 575 Crucis
1385 560 1386 586 1

549 607 580 634 in
609 604 715 632 Scotia
744 603 902 637 agentem,
925 598 1139 626 commendat.
1385 591 1387 638 1

1149 647 1213 666 tome
1235 643 1263 665 iv

586 680 749 722 'Abbatem
774 699 798 718 s.
820 688 993 723 Augustini
1011 685 1171 718 canturi-1
1208 683 1361 717 6812976
1385 715 1387 720 ,

553 744 666 771 riensis
697 740 866 769 constituit
899 737 1153 766 conservatorem

554 794 708 820 bonorum
727 792 758 817 et
776 787 1015 824 privilegiorum
1031 791 1154 812 monas-

552 842 625 869 terii
666 848 689 867 s,
731 838 899 867 Trinitatis
936 833 1152 862 Cadomensis.

1155 882 1219 901 tome
1241 878 1269 899 lv

600 929 702 956 Priori
729 935 752 955 s.
778 926 868 954 Petri
893 925 931 952 de
953 923 1048 950 ealce
1072 922 1181 952 Sues-l
1221 930 1231 943 n

561 979 716 1007 sionensis
744 976 876 1003 mandat
907 976 941 1001 ut
972 973 1003 1000 in
1032 972 1159 999 ecclesia

561 1036 584 1056 s.
610 1028 700 1055 Petri
725 1027 756 1053 in
780 1023 923 1052 Periusio
949 1020 1162 1049 suessionensi

562 1078 593 1105 in
626 1076 813 1104 canonicum
844 1073 940 1108 recipi
970 1070 1066 1098 faciat
1095 1076 1163 1104 per-

564 1132 678 1154 sonam
717 1124 877 1155 idoneam,
918 1122 958 1148 ab
998 1119 1158 1148 abbatissa

560 1173 750 1202 monasterii
774 1179 798 1199 s.
821 1171 942 1198 Mariae
966 1168 1165 1196 suessionen-

559 1225 614 1257 sis,
636 1223 757 1250 ordinis
778 1228 801 1248 s.
822 1218 999 1251 Benedicti,
1021 1222 1165 1252 praesen-

564 1274 677 1300 tatam.

610 1320 800 1355 Magistrum
830 1321 862 1346 et
891 1318 1007 1345 fraires
1033 1312 1193 1349 hospita-l
1222 1323 1231 1335 n
1272 1310 1371 1345 12978

559 1371 599 1398 lis
620 1377 644 1397 s.
666 1369 801 1396 Antonii
821 1366 1011 1395 Viennensis
1032 1363 1164 1392 diocesis

561 1426 578 1446 a
619 1417 779 1446 solutione
817 1418 975 1443 certarum
1016 1418 1163 1449 procura-

564 1468 691 1496 tionum
719 1465 843 1493 eximit.

1165 1276 1228 1294 tome
1248 1271 1276 1292 lv

1163 1510 1228 1530 tome
1249 1507 1278 1529 iv

603 1557 762 1593 Episcopo
789 1556 927 1584 Reatino
954 1552 1086 1581 mandat
1114 1549 1178 1582 iri-l
1228 1560 1238 1573 >³
1272 1546 1373 1581 12979

569 1607 678 1634 hibeat
711 1605 861 1634 Reatinis
893 1610 933 1632 ne
965 1602 1168 1638 capitaneum

569 1655 690 1691 eilgant
733 1654 787 1690 qui
829 1659 942 1681 causas
984 1649 1171 1687 appellatio-

570 1711 646 1733 num
679 1704 861 1738 cognoscat.

1172 1747 1236 1768 tome
1258 1744 1287 1766 lv

619 1793 740 1821 Abbati
781 1789 984 1819 Molesmensi
1027 1787 1194 1822 indulget!
1227 1783 1381 1818 6912980

577 1846 613 1871 ut
632 1844 665 1870 in
683 1842 826 1878 quolibet
843 1840 1038 1868 monasterio
1055 1837 1175 1866 monia-

573 1893 651 1920 lium
671 1890 866 1919 monasterio
884 1887 1086 1917 Molesmensi
1104 1886 1175 1915 sub·

574 1942 671 1976 J'ecto,
703 1947 799 1967 unam
830 1945 997 1974 personam
1029 1936 1175 1964 idoneam

578 1990 611 2017 in
641 1989 831 2017 monacham
862 1987 961 2021 recipi
991 1986 1094 2012 tacere
1122 1990 1176 2010 va-

579 2040 655 2071 leat,
680 2045 752 2064 cum
777 2042 933 2063 consensu
959 2034 1179 2069 priorissarum

578 2089 610 2114 et
643 2087 859 2114 conventuum
892 2083 1075 2111 eorumdem
1115 2088 1180 2108 mo-

579 2135 800 2163 nasteriorum.

1181 2179 1244 2198 tome
1266 2176 1295 2198 lv

622 2225 748 2251 Decano
770 2225 802 2250 et
823 2222 964 2257 capitulo
984 2219 1193 2250 Laudunen-l
1232 2227 1242 2241 ι

584 2274 671 2301 sibus
695 2272 834 2306 indulget
863 2273 898 2298 ut
921 2268 1111 2304 generaliter
1135 2268 1182 2294 uti

580 2323 710 2350 valeant
733 2321 828 2348 certis
850 2319 1024 2354 privilegiis
1045 2317 1121 2353 ipsis
1144 2316 1182 2343 ab

583 2370 759 2407 apostolica
792 2369 865 2397 sede
896 2367 1061 2395 concessis.

1185 2416 1248 2434 tome
1270 2413 1298 2434 lv

626 2461 786 2488 Abbatem
830 2466 853 2485 s.
895 2457 979 2493 Lupi
1020 2456 1201 2488 Trecensis1
1239 2452 1419 2500 70129841

590 2518 607 2537 a
632 2510 790 2537 solutione
812 2509 970 2535 certarum
993 2506 1186 2541 procuratio-

587 2566 661 2587 num
692 2558 815 2586 eximit.

1188 2591 1251 2610 1ome
1273 2587 1301 2609 lv

627 2635 785 2671 Episcopo
808 2633 973 2667 Anagnino
995 2633 1026 2659 et
1050 2630 1180 2658 Nicolao
1199 2627 1202 2660 ἰ
1249 2640 1259 2652 »
1298 2628 1392 2660 12985

592 2685 631 2712 de
659 2683 815 2717 Anagnia,
845 2681 1008 2716 capellano
1039 2679 1189 2715 apostoli-

590 2739 637 2766 co,
671 2731 804 2759 mandat
839 2732 874 2757 ut
907 2729 1117 2756 castellanum
1150 2727 1189 2754 de

590 2782 726 2808 Lariano
764 2780 796 2806 in
833 2779 1063 2814 possessionem
1099 2776 1189 2804 indu-

591 2831 642 2857 cat
676 2829 901 2857 nonnullorum
936 2827 1101 2854 feudorum
1135 2833 1189 2861 per

593 2884 762 2906 commune
776 2877 910 2905 velletri
935 2876 1077 2904 indebite
1101 2881 1190 2903 occu—

593 2929 750 2962 patorum.

1266 919 1270 950 1
1288 916 1365 944 2977
1391 951 1393 959 ‚

1288 2218 1291 2248 ι
1309 2216 1381 2243 *2981
1414 2208 1415 2258 ξ

1435 446 1509 473 1264

1414 495 1482 530 Juin
1507 495 1553 521 13.

1444 925 1520 952 1264

1425 974 1494 1008 J'uin
1519 975 1565 1001 14.

1449 1457 1525 1484 1264

1426 1506 1496 1541 juin
1520 1508 1566 1535 19.

1459 1894 1535 1921 1264

1439 1943 1544 1978 juillet
1571 1944 1613 1969 1⁶¹

1415 2306 1417 2316 ⁴
1469 2329 1544 2356 1264

1447 2379 1563 2412 juillet.
1586 2379 1635 2406 20.

1474 2723 1548 2751 1264

1452 2772 1558 2807 Juniei
1579 2772 1629 2799 28.

1596 444 1723 473 Orview.

2337 341 2424 368 Pagos.
2446 341 2582 364 Numeros.

2377 405 2441 425 tone
2462 403 2492 424 lv

1821 445 1947 471 Decano
1981 445 2130 471 ecclesiae
2163 451 2186 471 s.
2221 445 2393 479 Stephani1
2432 443 2586 477 7112986

1783 493 1946 521 'srecensis
1982 495 2014 520 et
2051 493 2202 527 magistro
2240 494 2379 521 Jobanni

1777 543 1920 575 Garsiae,
1941 542 2093 569 canonico
2114 544 2134 569 's
2140 543 2270 575 recensi,
2291 550 2379 569 man-

1779 591 1835 618 dat
1868 593 1903 618 ut
1936 591 2230 618 excommunicatos
2260 591 2380 618 denun-

1779 640 1862 667 tient
1886 640 2036 667 abbatem
2061 641 2247 667 monasterii
2279 648 2302 668 s.
2327 641 2382 668 Jo-

1780 688 1893 715 bannis
1928 689 1960 715 in
1995 688 2136 715 Abbatia
2178 689 2383 716 Laudunensi

1779 737 1912 771 ejusque
1937 737 2079 764 lautores
2112 737 2166 772 qui
2191 738 2382 765 horrendum

1781 785 1881 813 scelus
1914 786 1946 812 in
1979 786 2155 820 capitulum
2195 786 2384 814 Laudunen-

1782 841 1815 862 se
1835 835 2071 862 commiserunt.

2386 888 2450 908 tome
2471 886 2501 908 iv

1824 927 2017 955 Narnienses
2040 928 2179 955 absolvit
2204 935 2221 955 a
2245 928 2402 961 censuris!
2440 927 2595 961 7312987

1793 978 1824 1004 et
1861 978 2228 1005 excommunicationum
2265 979 2389 1005 senten-

1790 1026 1845 1052 tiis
1863 1026 1896 1053 in
1915 1033 1977 1060 eos,
1998 1027 2122 1054 ratione
2141 1027 2329 1060 injuriarum
2349 1027 2389 1054 ab

1789 1075 1834 1101 eis
1863 1076 2111 1103 Sancti-Gemini
2144 1076 2255 1103 incolis
2286 1076 2391 1103 illata-

1792 1130 1874 1157 rum,
1890 1125 2067 1152 revocando
2081 1125 2188 1152 omnia
2202 1132 2219 1151 a
2241 1124 2393 1152 Narnien-

1793 1173 1880 1200 sibus
1915 1175 2026 1201 contra
2064 1174 2232 1201 libertates
2269 1174 2392 1201 Sancti-

1793 1222 1918 1249 Gemini
1946 1223 2143 1257 attemptata
2171 1224 2204 1249 et
2231 1222 2394 1250 declaran-

1792 1270 1832 1297 do
1853 1271 1892 1297 ab
1913 1270 2025 1297 incolis
2045 1271 2295 1299 Sancti-Gemini
2314 1270 2394 1298 Nar-

1792 1320 1956 1347 niensibus
1987 1321 2163 1348 exercitum
2197 1322 2394 1348 tantummo-

1791 1369 1831 1396 do
1856 1371 1888 1396 et
1913 1369 2098 1397 masnadam
2134 1369 2253 1397 deberi.

2393 1419 2458 1439 tone
2479 1417 2509 1439 lv

1832 1458 1993 1494 Episcopo
2019 1459 2150 1494 Signino
2175 1459 2309 1487 mandat
2335 1458 2391 1490 uti
2439 1468 2450 1481 ι
2503 1465 2606 1499 12983

1794 1509 1984 1536 sententiam
2012 1515 2030 1536 a
2054 1509 2105 1543 G„
2130 1509 2220 1537 tituli
2244 1517 2268 1538 s.
2301 1509 2400 1540 Marci

1794 1558 1980 1593 presbytero
2031 1558 2197 1592 cardinali,
2248 1559 2401 1589 adversus

1794 1605 1976 1634 Com-adum
2001 1608 2040 1635 de
2064 1609 2220 1643 sculcula,
2246 1616 2302 1645 pro
2334 1617 2401 1638 mo-

1797 1658 1937 1685 nasterio
1962 1664 1986 1685 s.
2011 1657 2100 1685 Petri
2124 1658 2163 1685 de
2185 1658 2397 1694 Villamagna‚

1800 1706 1921 1734 ordinis
1949 1713 1973 1734 s.
2001 1707 2178 1741 Benedicti,
2215 1708 2402 1743 Anagninae

1803 1754 1946 1789 diocesis,
1983 1756 2094 1790 latam,
2133 1757 2314 1784 executioni
2350 1757 2404 1784 de-

1803 1805 1946 1833 mandet.

2404 1858 2468 1877 tome
2490 1855 2519 1877 lv

1838 1893 2073 1923 Commissariis
2097 1895 2297 1931 inquisitioni
2319 1895 2419 1931 epis-1
2460 1907 2470 1917 u
2512 1895 2616 1928 12989

1806 1944 1878 1978 copi
1911 1943 2127 1972 But-benensis
2160 1944 2326 1979 deputatis
2359 1944 2405 1971 in-

1805 1992 1915 2026 dulget
1953 1994 1988 2020 ut
2025 1993 2140 2020 tratres
2175 1993 2334 2020 Minor-um
2371 1995 2401 2021 et

1806 2041 2065 2069 Praedicatorum
2092 2042 2237 2069 ordinum
2266 2042 2306 2069 ad
2340 2049 2408 2077 per-

1807 2090 1980 2118 hibendum
2014 2091 2234 2118 testimonium
2275 2091 2409 2119 veritati

1807 2139 1997 2174 compellere
2021 2140 2163 2174 valeant,
2189 2146 2253 2167 non
2279 2139 2407 2167 obstan-

1807 2190 1839 2216 te
1873 2189 2017 2224 quolibet
2050 2189 2209 2216 contrario
2244 2189 2410 2224 privilegio

1807 2238 1925 2266 eisdem
1967 2238 2132 2266 ordinibus
2171 2245 2328 2266 concesso

2410 2288 2474 2308 tome
2495 2286 2525 2307 lv

1845 2328 2026 2356 Johannem
2045 2327 2083 2354 de
2100 2326 2247 2360 Mai-erio,
2265 2327 2403 2354 Pandul-
2419 2329 2422 2361 1
2462 2327 2498 2353 74
2516 2329 2520 2360 !
2538 2325 2621 2354 2990

1817 2378 1882 2404 rum
1912 2377 1951 2404 de
1977 2376 2089 2403 Alatro
2117 2382 2239 2403 necnon
2267 2376 2412 2403 dominos

1811 2434 1921 2454 roccae
1944 2426 2104 2458 Accari...,
2128 2425 2286 2452 Maniredi
2309 2425 2412 2452 tauto-

1812 2483 1870 2509 res,
1907 2475 2077 2502 denunciat
2121 2474 2414 2502 excommunicatos

1812 2525 1872 2552 nisi
1895 2525 1976 2551 intra
1999 2523 2152 2551 kalendas
2175 2523 2301 2557 augusti
2324 2529 2414 2557 apos-

1813 2574 1908 2601 tolico
1933 2573 2117 2608 conspectui
2143 2579 2175 2599 se
2201 2573 2414 2607 praesentent,

1814 2622 1998 2657 apostolicis
2040 2621 2201 2649 mandatis
2244 2621 2390 2656 pai-lturi.

2415 2679 2480 2699 tame
2501 2676 2530 2698 iv

1852 2721 2010 2748 Omnibus
2043 2719 2098 2754 qui
2132 2719 2284 2746 adversus
2317 2717 2430 2749 Man-1
2464 2716 2615 2749 7512991

1820 2769 1955 2802 fredum,
1990 2768 2165 2803 principem
2197 2767 2416 2800 Tarentinum,

1817 2818 1949 2853 ejusque
1987 2817 2158 2852 complices
2194 2818 2227 2844 et
2266 2816 2417 2848 fautores,

1817 2870 1883 2896 tam
1913 2868 1945 2894 in
1974 2866 2172 2894 Patrimonio
2203 2865 2232 2892 b.
2262 2864 2350 2892 Petri
2378 2864 2411 2891 in

1816 2916 1931 2945 Tuscia
1954 2922 2049 2951 quam
2073 2915 2104 2941 in
2127 2914 2244 2941 ducato
2268 2912 2412 2948 spoleta-
