2519 3262
273 282 311 311 34
976 277 1055 308 LES
1078 276 1322 308 REGISTRES
1344 276 1555 308 D’URBAIN
1578 278 1637 308 Iv.

808 372 932 403 Viterbc,
950 373 981 399 21
1001 372 1114 407 janvier
1131 373 1207 399 1202.

365 376 460 407 2884

309 459 405 486 Ordini
422 459 602 485 Cisterriensi
620 457 940 493 libertates‚privilegia
956 460 983 485 et
1000 457 1199 485 immunitates
1215 464 1281 483 con·

274 508 383 536 firmat.
403 509 499 543 (Anca.
518 508 588 534 ΝΑΤ.
608 516 622 533 ι,
640 507 700 539 ²252,
721 513 752 533 ηο
769 508 808 542 9.)

313 614 327 633 ((
364 603 503 633 lli-banus
531 604 698 643 episcopus,
735 613 837 633 servus
872 613 1027 633 servorum
1063 603 1129 638 Dei,
1159 602 1279 632 dilectis

272 657 348 697 filiis
366 683 371 688 .
391 682 397 688 .
416 657 516 686 abbati
534 656 674 687 Cistercii
690 657 813 697 ejusque
829 656 1022 686 coabbatibus
1039 662 1065 685 et
1085 656 1280 685 conventibus

272 710 419 740 universis
446 709 653 740 Cisterciensis
671 709 796 744 ordinis,
814 709 938 739 salntem
968 715 995 738 et
1013 709 1210 748 apostolicam
1235 709 1280 738 be·

272 763 481 793 nedictionem.
501 763 584 794 Cum
604 772 622 793 a
647 762 743 793 nobis
762 781 810 791 ——.
830 764 952 793 Datum
978 762 1135 798 viterbii,
1154 772 1200 792 xn
1219 762 1279 792 ka-

271 817 389 848 lendas
409 816 582 852 februarii,
606 817 820 855 pontiticatns
842 816 948 846 nostri
975 824 1061 845 anno
1086 816 1195 854 primo
1216 816 1238 845 ¹.
1262 825 1277 845 »

360 972 456 1003 2835
844 969 956 997 Viterbe
974 972 990 995 (3
1010 969 1112 996 sevrier
1128 971 1204 997 1262.

302 1055 419 1082 Militiae
442 1054 549 1089 Templi
571 1054 804 1089 lerosolymitani
833 1054 958 1089 indulget
986 1056 1012 1080 ut
1031 1055 1064 1080 ad
1083 1054 1273 1081 exhibendum

265 1106 293 1130 et
309 1104 513 1138 praestandum
528 1103 664 1138 pecuniae
678 1111 808 1130 summas
824 1105 873 1130 aut
888 1103 1050 1130 exactiones
1068 1111 1272 1137 quascumque,

266 1161 444 1188 quacumque
460 1161 546 1179 causa
563 1152 725 1187 impositas,
743 1151 862 1178 minime
878 1154 1042 1179 teneantur.
1064 1153 1163 1186 (Anca.
1186 1160 1222 1178 ne
1238 1161 1272 1178 LA

267 1202 629 1229 {laura-Ganosxa11'106.
646 1202 730 1228 Aaou.
750 1201 821 1228 ΝΑΤ.
842 1209 855 1227 L
874 1201 936 1233 254,
956 1206 985 1227 n⁰
1004 1201 1058 1236 10.)

306 1305 322 1326 ‹<
340 1294 479 1324 lav-banus
490 1295 770 1335 episcopus‚servus
779 1304 929 1324 servorum
942 1294 1005 1332 Des,
1017 1294 1133 1324 dilectis
1144 1294 1218 1334 filiis
1236 1317 1242 1323 .
1264 1320 1270 1325 .

265 1349 411 1387 mayistro
427 1354 455 1378 et
467 1348 618 1388 fratribus
634 1348 738 1377 domus
754 1348 865 1378 Militie
887 1347 1004 1388 Templi
1019 1347 1271 1383 Jerosolimitani,

264 1401 389 1432 salutem
412 1407 438 1432 cl
467 1401 665 1442 apostolicam
696 1401 941 1432 benedictionem.
962 1402 1092 1437 Quanto
1116 1401 1272 1432 devotius

265 1456 379 1486 divino
400 1474 445 1486 —.
464 1455 552 1486 Hinc
566 1456 616 1485 est
633 1455 719 1493 quod
732 1463 805 1491 ηοε,
822 1455 946 1485 vestris
963 1455 1094 1485 devotis
1104 1454 1271 1493 supplica-

265 1509 414 1540 tionibus
448 1508 612 1544 inclinafi,
652 1508 693 1538 ad
732 1508 839 1538 instar
873 1508 983 1538 felicis
1027 1507 1272 1538 recordationis

264 1562 449 1593 Alexandri
462 1570 556 1601 pape,
574 1561 823 1600 predecessoris
837 1561 954 1592 nostri.
967 1562 1165 1591 auctoritate
1174 1561 1271 1592 vobis

264 1616 472 1654 presentium
484 1615 699 1654 indulgemus
710 1615 794 1645 utad
807 1614 1085 1645 contribuendum
1100 1613 1134 1644 in
1151 1615 1271 1654 aliqui-

264 1669 327 1699 bus
351 1669 467 1705 talliis‚
490 1669 640 1699 collectis
670 1677 730 1698 seu
756 1668 897 1706 pecunie
923 1667 1067 1697 summis
1090 1669 1146 1698 aut
1173 1676 1269 1698 exac-

264 1722 413 1753 tionibus
432 1722 519 1757 aliiS,
543 1729 741 1761 quocunque
760 1721 895 1751 nomine
915 1722 1125 1757 censeantur,
1151 1722 1207 1751 aut
1229 1721 1271 1751 ad

264 1775 490 1806 exhibendum
512 1775 564 1806 vel
581 1775 800 1814 prestandum
827 1774 961 1804 easdem
978 1783 1037 1812 pro
1061 1774 1180 1813 quavis
1198 1783 1269 1813 per-

264 1838 357 1865 sona,
386 1838 426 1860 ex
454 1837 664 1868 quacumque
686 1837 786 1858 causa
808 1828 900 1867 ipsas
933 1827 1059 1866 imponi
1085 1827 1268 1866 contingat,

264 1883 393 1913 ratione
426 1882 658 1918 ecclesiarum,
694 1882 870 1912 domorum
902 1879 960 1911 s'eu
993 1890 1269 1920 quarumcunque

264 1936 518 1975 possessionum
538 1937 739 1971 vestrarum,
757 1935 895 1965 minime
914 1934 1095 1965 teneamini
1111 1943 1170 1964 nec
1185 1935 1225 1964 ad
1237 1935 1271 1965 id

265 1989 423 2028 compelli
449 1989 663 2027 aliquatenus
685 1987 827 2018 valeatis
854 1988 1051 2017 auctoritate
1078 1987 1269 2017 litterarum

265 2042 448 2081 apostolice
473 2042 564 2071 sedis
586 2041 638 2070 vel
665 2041 852 2079 legatorum
876 2040 985 2078 ipsius
1011 2040 1269 2078 impetraturum

264 2096 317 2126 vel
338 2096 440 2126 etiam
466 2095 767 2133 impetramtarum,
789 2093 915 2132 absque
945 2093 1082 2131 speciali
1112 2094 1269 2124 mandato

264 2149 355 2179 sedis
366 2148 527 2187 ejusdem,
540 2147 680 2177 faciente
690 2147 823 2186 plenam
834 2148 865 2177 et
877 2155 1072 2185 expressam
1083 2147 1122 2176 dc
1138 2146 1268 2176 indulto

264 2202 456 2241 hujusmodi
477 2202 693 2231 mentionem.
709 2201 780 2231 Nos
797 2200 885 2230 enim
905 2199 1268 2230 excommunicationis

264 2259 295 2286 et
322 2254 490 2285 interdicti
515 2254 711 2290 sententias,
735 2253 764 2283 si
788 2262 871 2292 quas
897 2253 930 2282 in
954 2261 1013 2283 vos
1035 2253 1087 2282 vel
1115 2253 1267 2292 aliquem

262 2311 423 2345 vestrum,
451 2309 566 2338 contra
591 2309 741 2338 tenorem
767 2306 889 2337 indulti
914 2306 1117 2345 hujusmodi,
1143 2315 1161 2336 a
1185 2315 1266 2345 quo*

262 2372 362 2402 quam
393 2361 600 2401 promulgari
625 2360 813 2399 contigerit,
842 2359 1055 2390 decernimus
1086 2359 1201 2389 irritas
1235 2361 1267 2390 et

262 2416 389 2446 inanes.
416 2415 510 2445 Nulli
534 2423 623 2453 ergo.
648 2431 696 2442 —.
721 2413 756 2444 Si
781 2413 858 2452 quis
884 2429 931 2441 —.
959 2413 1082 2443 Datum
1109 2412 1265 2449 Viterbii,

261 2479 316 2498 vin
342 2468 418 2498 idus
435 2467 607 2503 februarii,
628 2466 844 2506 pontificatus
861 2466 967 2496 nostri
985 2474 1070 2496 anno
1086 2466 1206 2504 primo.
1228 2476 1242 2495 ›)

812 2621 936 2652 viterbo,
958 2623 972 2647 Τ
989 2620 1093 2647 ferrici·
1112 2621 1191 2648 1262.

349 2624 445 2655 288ss

294 2708 431 2743 Episcopo
445 2707 608 2734 Mimatensi
623 2707 741 2733 mandat
756 2705 881 2740 inquirat
895 2706 929 2732 de
948 2705 1114 2732 excessibus
1131 2705 1264 2733 enormi-

258 2758 308 2783 bus
322 2755 510 2784 liuthenensis
523 2755 659 2790 episcopi.
677 2756 775 2790 (Aaou.
798 2763 834 2781 nu
857 2755 943 2782 Cui-tu.
960 2754 1066 2781 (lartul.
1085 2755 1118 2780 de
1139 2754 1263 2781 l'arclie-

258 2805 343 2833 vache
359 2806 392 2832 de
410 2805 533 2839 Bourges
547 2813 573 2839 p.
589 2804 650 2837 ⁴182,
666 2808 697 2830 n⁰
710 2803 785 2838 446.)

288 2907 310 2930 1.
328 2907 388 2930 :tux
403 2904 539 2930 Archives
554 2903 731 2930 Nationales.
748 2910 762 2927 1.
780 2903 833 2929 255,
847 2909 875 2926 n⁶
889 2904 912 2930 9,
926 2909 954 2927 se
967 2905 1066 2927 trouve
1082 2910 1119 2927 un
1133 2903 1260 2927 vidimus

256 2951 288 2975 «te
305 2951 332 2974 la
347 2951 434 2974 meme
451 2949 527 2974 bulte
538 2948 602 2973 date
619 2948 656 2973 du
672 2950 686 2973 2
702 2948 860 2979 septembre
881 2948 947 2972 1279..

1377 380 1394 401 ((
1416 370 1558 401 Urbanus
1583 372 1755 412 episeopus,
1783 382 1885 402 servus
1909 383 2064 403 servorum
2094 374 2161 410 Dei,
2179 375 2346 405 venerabili

1336 424 1444 462 fratri,
1466 425 1606 464 episcopo
1630 425 1825 464 Mymalensi,
1846 426 1971 455 salutem
1997 432 2026 456 et
2048 427 2244 466 aposlolicam
2262 428 2344 458 bene-

1338 476 1511 507 dictionem.
1529 478 1693 513 Quoniam
1719 479 1807 509 inter
1829 481 1939 510 cetera
1960 479 2103 511 salutem
2127 481 2278 512 fidelium
2299 482 2344 512 as-

1337 530 1513 565 fectamus,
1534 531 1641 561 multa
1667 532 1792 562 mentis
1816 532 2006 563 turbatione
2025 542 2200 564 movemur
2217 543 2292 564 cum
2305 535 2346 565 de

1338 583 1423 622 ipsis
1440 593 1479 614 ea
1502 593 1564 614 nos
1582 584 1699 614 audire
1717 585 1880 624 contingit
1903 594 1967 624 que
1984 586 2018 616 in
2047 595 2184 616 suarum
2204 589 2346 626 vergunt

1336 637 1524 675 periculum
1557 637 1758 668 animarum.
1776 638 1840 669 Sed
1865 640 1944 668 tunc
1970 639 2212 670 vehementiori
2235 640 2345 670 cordis

1336 690 1510 721 affectione
1527 699 1708 729 gravamur
1731 700 1805 722 cum
1830 691 1870 722 de
1897 692 2038 731 prelatis
2057 692 2117 723 illa
2144 693 2272 723 nostris
2290 701 2344 723 au-

1335 742 1431 773 ribus
1451 743 1643 774 reseruntur
1666 752 1731 782 que
1751 744 1938 782 pontificali
1963 745 2123 784 derogant
2140 745 2295 784 dignitati
2313 747 2345 776 et

1334 795 1502 827 honestati
1518 797 1653 835 penitus
1669 797 1903 827 adversantur.
1919 798 2002 828 Cum
2019 798 2087 828 sint
2100 799 2190 828 enim
2208 798 2249 828 ad
2263 798 2344 829 alio-

1334 857 1408 879 rum
1426 850 1576 888 regimen
1602 850 1759 881 instituti.
1778 859 1816 880 eo
1833 850 1983 881 deterius
2000 850 2041 881 ab
2064 851 2150 890 ipsis
2169 851 2344 882 exceditur

1335 911 1400 941 quo
1417 905 1536 933 nocent
1550 903 1706 942 pluribus
1718 903 1956 942 delinquendo,
1968 903 2034 934 sibi
2047 904 2205 935 videlicet
2214 913 2251 935 ac
2265 904 2343 934 aliis

1334 964 1418 994 qnos
1450 957 1592 987 visendo
1626 965 1783 996 perverse
1812 957 1953 988 incitant
1982 957 2023 987 ad
2054 958 2276 996 peccandum3
2292 959 2342 988 tot

1333 1017 1477 1048 namque
1505 1009 1673 1040 mortibus
1691 1010 1784 1049 digni
1810 1012 1995 1040 noscuntur
2013 1010 2102 1049 quod
2124 1010 2166 1040 ad
2188 1010 2343 1041 subditos

1332 1062 1534 1100 perditionis
1551 1063 1724 1102 exemplar
1740 1063 1987 1094 transmittunt.
2006 1063 2089 1094 Cum
2104 1063 2217 1102 itaque
2233 1063 2273 1094 de
2289 1072 2342 1094 ve-

1332 1113 1475 1144 nerabili
1505 1115 1607 1145 fratrc
1633 1118 1762 1152 nostro,
1794 1116 1952 1155 episcopo
1982 1116 2204 1152 Ruthenensi,
2236 1116 2342 1147 multa

1331 1167 1429 1197 nobis
1454 1168 1605 1198 enormia
1627 1170 1658 1199 et
1679 1169 1796 1199 auditu
1819 1169 1922 1199 nimis
1942 1169 2109 1200 horrenda
2130 1170 2200 1209 jam
2224 1170 2340 1209 sepius

1330 1221 1455 1250 suerint
1472 1221 1643 1251 insinuata
1659 1222 1810 1258 sinistra,
1830 1222 1988 1253 videlieet
2008 1223 2097 1262 quod
2113 1223 2341 1253 excommuni-

1331 1275 1425 1303 catus
1449 1275 1481 1304 et
1506 1274 1715 1312 irregularis,
1740 1274 1853 1304 officia
1877 1275 1991 1305 divina
2013 1275 2212 1314 prophanat,
2239 1275 2341 1306 simo-

1331 1326 1461 1356 niacam
1481 1327 1682 1365 pravitatem
1704 1328 1837 1358 exercet
1865 1336 1901 1357 ac
1923 1328 2164 1359 incontinentie
2182 1328 2277 1362 vitio,
2301 1337 2340 1359 eo

1330 1380 2338 1420 presertimquod,proptersuihorribilemabominationem,

1329 1433 1504 1464 nominare
1530 1434 1704 1471 nonlicet,
1726 1434 1916 1473 perniciose
1942 1434 2084 1471 laborat,
2114 1435 2192 1465 aliis
2220 1435 2340 1465 multis

1330 1486 1532 1516 criminibus
1551 1487 1705 1517 irretitus
1723 1496 1787 1526 que
1809 1487 1921 1518 Deum
1940 1488 2112 1518 offendunt
2131 1490 2162 1519 et
2183 1488 2340 1519 homines

1330 1540 1572 1575 scandalizant,
1590 1549 1663 1576 nos,
1687 1540 1898 1571 attendentes
1915 1541 2004 1580 quod
2022 1541 2093 1577 hec,
2113 1541 2142 1571 si
2165 1549 2265 1580 opere
2289 1542 2337 1572 in·

1328 1593 1507 1623 veniantur
1526 1593 1677 1632 impleta,
1698 1595 1790 1624 tanto
1808 1594 1842 1624 in
1860 1602 1898 1624 eo
1917 1596 1995 1625 sunt
2009 1594 2131 1625 fortius
2143 1594 2340 1625 detestanda

1329 1647 1453 1685 quanto
1468 1647 1577 1685 magis
1594 1646 1635 1676 ab
1652 1646 1783 1677 illicitis
1802 1647 1995 1678 carnalibus
2013 1647 2194 1678 desideriis
2214 1656 2274 1687 per
2290 1657 2341 1679 re-

1328 1699 1489 1738 ligionem
1516 1701 1726 1739 assumptam
1748 1700 1918 1731 abstinere
1935 1702 2078 1737 tenetur,
2097 1702 2130 1731 et
2151 1701 2184 1731 in
2207 1701 2282 1740 ipso
2300 1709 2339 1732 eo

1328 1753 1454 1783 arctius
1477 1753 1648 1792 punienda
1665 1762 1730 1792 quo
1746 1753 1883 1792 gravius
1904 1754 2026 1790 Deum,
2053 1754 2220 1784 simulans
2245 1756 2339 1785 veste

1328 1806 1448 1836 humili
1465 1807 1552 1845 quod
1571 1815 1636 1836 non
1652 1808 1734 1839 erat,
1752 1806 1933 1837 offendisse
1948 1807 2122 1846 probatur,
2140 1816 2176 1837 ac
2186 1807 2339 1838 nolentes

1328 1859 1394 1889 ista
1422 1858 1485 1889 sub
1513 1859 1787 1890 dissimulatione
1808 1860 1965 1896 transire,
1986 1869 2026 1890 ne
2046 1860 2231 1891 incorrecta
2247 1869 2340 1899 pres-

1327 1913 1398 1942 tent
1410 1913 1583 1942 audaciam
1599 1913 1831 1943 committendi
1846 1913 1970 1952 pejora,
1989 1913 2193 1944 fraternitati
2208 1915 2262 1944 tue
2278 1922 2338 1952 per

1327 1966 1513 2004 apostolica
1531 1966 1657 2004 scripta
1672 1966 1705 1995 in
1722 1966 1846 1996 virtute
1863 1966 2053 1996 obedientie
2066 1966 2216 1996 districte
2230 1967 2335 2005 preci-

1327 2019 1449 2057 piendo
1472 2018 1673 2048 mandamus
1699 2020 1877 2057 quatenus,
1895 2019 1936 2049 ad
1958 2019 2210 2049 Ruthenensem
2231 2019 2334 2050 eccle-

1327 2071 1411 2101 siam
1425 2071 1648 2109 personaliter
1663 2072 1822 2102 accedens
1841 2073 1873 2102 et
1891 2071 2018 2102 habens
2032 2081 2089 2111 pre
2106 2072 2214 2103 oculis
2224 2073 2334 2103 solum

1325 2125 1446 2160 Deum,
1464 2124 1492 2154 si
1510 2124 1697 2162 predictum
1717 2125 1912 2163 episcopum
1933 2134 2035 2164 super
2051 2125 2231 2164 premissis
2247 2126 2336 2164 apud

1326 2178 1431 2208 bonos
1454 2180 1485 2207 et
1501 2186 1618 2216 graves
1635 2178 1806 2208 inveneris
1816 2178 2039 2211 diffamatum.
2059 2178 2211 2216 inquiras
2226 2187 2286 2218 per
2301 2181 2335 2210 te

1326 2231 1377 2260 vel
1389 2231 1474 2260 alios
1491 2230 1676 2269 tidedignos
1693 2239 1794 2269 super
1803 2231 1982 2270 premissis
1995 2233 2024 2261 et
2043 2231 2121 2261 aliis
2133 2231 2334 2262 criminibus

1325 2284 1364 2314 de
1386 2283 1509 2322 quibus
1532 2292 1607 2313 eum
1635 2284 1804 2314 inveneris
1821 2284 1980 2314 similiter
2001 2285 2222 2316 diffamatum.
2243 2285 2336 2316 solli-

1325 2337 1389 2367 cite
1414 2336 1601 2371 veritatem,
1626 2339 1656 2366 et
1677 2346 1740 2375 que
1762 2337 1944 2371 inveneris,
1971 2337 2161 2375 inscriptis
2186 2338 2331 2372 redacta,

1324 2398 1383 2428 per
1398 2390 1545 2428 aliquem
1566 2390 1696 2420 tidelem
1714 2390 1938 2427 transmittas,
1961 2391 2089 2429 prefixo
2113 2391 2221 2421 eidem
2244 2391 2330 2430 epis·

1325 2452 1406 2481 copo
1424 2443 1567 2473 termino
1586 2443 1812 2481 peremptorio
1832 2443 2034 2482 competenti
2055 2452 2121 2482 quo
2142 2452 2201 2483 per
2222 2452 2257 2474 se
2279 2445 2332 2475 vel

1323 2505 1382 2535 per
1407 2497 1658 2535 procuratorem
1682 2496 1840 2527 idoneum
1864 2499 2057 2535 compareat.
2083 2505 2194 2527 coram
2220 2497 2329 2533 nobis,

1323 2550 1517 2587 recepturus
1532 2549 1619 2588 quod
1638 2549 1772 2587 justitia
1790 2549 1957 2585 suadebit,
1982 2558 2047 2580 non
2070 2549 2224 2580 obstante
2242 2551 2331 2589 quod

1324 2610 1382 2641 per
1399 2602 1561 2641 quasdam
1583 2602 1667 2632 alias
1684 2602 1816 2633 litteras
1837 2603 2042 2641 apostolicas
2058 2603 2091 2633 in
2110 2603 2330 2642 inquisitione

1322 2655 1513 2693 hujusmodi
1532 2655 1571 2685 ad
1601 2656 1795 2686 citationem
1811 2657 1843 2686 et
1861 2655 2005 2694 quedam
2027 2655 2094 2686 alia
2121 2657 2171 2686 est
2197 2664 2331 2695 proces·

1323 2717 1409 2738 sum.
1428 2708 1525 2738 Diem
1549 2710 1659 2739 autem
1678 2709 1879 2748 prefixionis
1901 2708 2096 2748 hujusmodi
2121 2710 2151 2739 et
2168 2709 2329 2748 quicquid

1322 2769 1423 2799 super
1441 2760 1500 2791 hoc
1517 2761 1655 2792 duxeris
1674 2762 1876 2798 faciendum,
1903 2761 2000 2792 nobis
2016 2770 2076 2801 per
2098 2764 2175 2792 tuas
2195 2761 2328 2792 clausas

1320 2814 1463 2850 litteras,
1478 2814 1596 2845 harum
1616 2815 1739 2845 seriem
1759 2815 1982 2851 continentes,
2004 2815 2141 2845 studeas
2158 2814 2326 2846 intimare.

1320 2867 1442 2897 Datum
1461 2867 1618 2905 viterbii,
1634 2877 1677 2898 vn
1700 2868 1776 2898 idus
1797 2868 1969 2899 februarii.
1988 2868 2204 2908 pontificatus
2220 2867 2326 2899 nostri

1320 2929 1406 2950 anno
1425 2921 1545 2959 primo.
1565 2931 1581 2950 >›
