2519 3262
275 231 333 260 398

275 315 430 346 ol'ticialis
441 313 581 353 predicti
597 311 741 350 receptio
754 309 867 340 extitit
883 309 1048 343 revocata,
1063 307 1178 344 sicque
1195 305 1283 335 idem

275 369 432 399 ol'ticialis
457 377 498 397 ex
518 367 592 405 ipsa
614 374 675 395 sua
696 363 885 402 receptione
912 361 1044 391 nullum
1069 358 1283 389 commodum

275 423 383 460 potuit
399 421 559 451 obtinere.
575 420 685 454 Quare
698 417 849 456 prefatus
867 415 1047 454 episcopus
1063 412 1160 442 nobis
1176 412 1284 441 humi-

276 477 353 505 litcr
380 472 583 512 supplicavit
613 472 648 501 ut
675 470 860 500 memorato
896 468 1058 506 magistro
1088 473 1189 504 super
1222 464 1283 494 hoc

274 528 450 568 providere
472 528 611 565 paterna
636 522 865 554 sollicitudine
893 529 1100 551 curaremus.
1129 519 1198 549 Nos
1224 518 1283 548 ita-

275 590 350 620 que,
370 580 479 619 ipsius
496 577 645 618 episcopi
659 575 816 616 precibus
833 574 985 605 inclinati
1004 575 1035 603 ct
1050 572 1192 603 eundern
1212 571 1282 601 offi-

275 634 406 669 cialem,
429 632 470 663 ob
502 640 561 662 sue
586 629 765 670 probitatis
795 628 926 663 merita,
953 625 1129 666 apostolici
1157 624 1282 654 favoris

274 687 380 726 gratia
389 685 617 719 confoventes,
630 681 825 713 discretioni
838 682 894 712 tuc
905 680 1104 710 mandamus
1117 679 1283 717 quatenus

275 741 387 780 ipsum
409 739 441 769 in
467 738 597 777 prefata
617 736 759 767 ecclesia
783 735 823 765 de
842 743 927 764 novo
950 732 1150 763 auctoritate
1168 732 1284 760 nostra

274 802 333 832 per
350 794 381 823 te
401 792 453 821 vel
472 800 530 830 per
549 791 653 820 alium
672 788 776 827 recipi
796 787 900 818 facias
928 786 960 816 in
985 787 1181 815 canonicum
1199 784 1232 814 et
1250 784 1282 813 in

275 847 425 882 fratrem,
445 845 511 875 sibi
529 845 567 874 de
587 843 757 882 prebenda
776 842 905 879 integra
923 848 989 869 non
1007 837 1221 873 sacerdotali,
1241 836 1282 866 si-

274 908 339 938 qua
363 899 487 929 ibidem
507 898 601 927 vacat
627 896 668 926 ad
686 904 826 934 presens
849 894 902 924 vel
922 892 1172 932 quamprimum
1194 891 1234 920 ad
1254 890 1284 919 id

275 962 309 982 se
326 952 469 982 facultas
487 949 657 984 obtulerit,
675 949 812 979 studeas
831 947 1020 986 providere.
1037 946 1112 975 Non
1130 944 1284 974 obstante

273 1023 322 1035 —.
352 1005 475 1035 Datum
501 1003 589 1042 apud
617 1001 906 1036 Urbemveterem,
934 1009 954 1028 n
982 999 1058 1029 idus
1082 996 1283 1033 decembris,

275 1067 360 1088 anno
379 1058 490 1088 tertio.
511 1067 525 1086 »

786 1235 910 1265 Orvieto,
931 1237 947 1261 ῦ
963 1234 1113 1261 decembre
1134 1233 1213 1260 1203.

364 1241 462 1271 2378

311 1323 476 1358 Praeposito
492 1322 630 1350 ccclesiae
643 1321 829 1353 ’1’001111011515,
847 1319 1037 1346 'tornacensis
1053 1318 1185 1348 diocesis,
1205 1326 1285 1343 man-

278 1374 327 1400 dat
355 1375 385 1399 ut
409 1372 580 1407 magistrum
611 1370 791 1404 ltadulphum
820 1369 854 1395 de
879 1377 901 1394 s.
927 1369 1089 1394 Audomaro
1110 1367 1139 1393 in
1165 1366 1286 1393 ecclesia

276 1432 298 1449 s.
326 1421 430 1449 Mariae
452 1420 637 1451 Castelensis,
662 1420 791 1455 ejusdem
810 1418 944 1451 diocesis,
964 1417 990 1444 in
1010 1417 1181 1444 canonicum
1198 1415 1285 1450 recipi

276 1470 371 1497 saciat.
391 1471 471 1505 (REG-
487 1470 531 1501 29,
550 1469 597 1495 sol.
615 1469 676 1495 272,
693 1474 722 1494 11⁰
740 1467 829 1497 1427.)

317 1590 330 1608 1(
360 1579 520 1619 Prcposz'lo
546 1577 668 1607 ecclesie
695 1575 887 1612 Tecaltensis,
924 1574 1123 1604 Tornaccnsis
1148 1573 1284 1603 diocesis.

277 1633 419 1671 Adjutos
445 1640 577 1662 morum
602 1633 634 1661 et
656 1649 705 1658 —.
723 1631 807 1660 Cum
824 1630 949 1668 itaque,
969 1628 1056 1658 sicut
1073 1637 1131 1666 per
1156 1627 1287 1657 litteras

277 1688 429 1725 patentes
452 1685 634 1715 scolarium
659 1683 805 1713 nationis
828 1682 1093 1721 Picca[r]d0rum
1118 1680 1287 1711 Parisien-

280 1739 380 1774 sium,
400 1738 497 1769 nobis
514 1746 573 1776 pro
589 1737 710 1767 dilecto
728 1736 798 1766 filio
813 1735 973 1775 magistro
989 1735 1140 1765 Johanne
1163 1733 1287 1764 Radul-

276 1792 332 1831 phi
352 1792 391 1821 de
410 1801 436 1821 s.
459 1791 666 1826 Audomaro,
684 1790 806 1819 clerico
825 1788 1029 1818 Morinensis
1050 1787 1207 1821 diocesis,
1227 1787 1287 1817 hn-

278 1846 402 1876 militer
417 1844 695 1884 supplicantium,
717 1842 921 1882 accepimus,
943 1843 1033 1872 idem
1052 1842 1212 1880 magister
1231 1841 1288 1871 diu

278 1899 441 1929 institerit
457 1897 570 1928 studio
592 1897 784 1927 litterarum
803 1895 1051 1935 profeceritque
1070 1895 1118 1925 sic
1138 1894 1289 1924 laudabi-

278 1952 356 1982 liter
377 1952 411 1981 in
430 1951 547 1981 eodem
566 1950 653 1989 quod
677 1949 830 1980 Parisius
851 1949 989 1979 honeste
1006 1950 1236 1984 conversatus,
1255 1948 1289 1977 in

279 2004 409 2035 artibus
434 2003 581 2034 doctoris
605 2004 729 2033 meruit
752 2011 810 2041 per
835 2002 1009 2032 biennium
1031 2001 1114 2031 inibi
1139 2001 1288 2031 officium

279 2067 446 2093 exercere,
480 2057 680 2094 nullumque
713 2056 757 2086 sit
789 2055 991 2085 beneficium
1022 2054 1289 2085 ecclesiasticum

279 2112 469 2147 assecutus,
486 2119 545 2140 nos
563 2109 722 2139 clericum
737 2109 860 2147 ipsum,
872 2108 991 2138 horum
1007 2107 1288 2143 consideratione,

279 2173 407 2195 necnon
424 2163 465 2194 ob
483 2163 549 2193 alia
573 2172 632 2193 sue
650 2162 828 2201 probitatis
851 2161 972 2192 merita
993 2169 1094 2199 super
1117 2160 1242 2199 quibus
1259 2160 1289 2190 ei

280 2217 512 2249 testimonium
538 2215 734 2255 perhibetur
759 2214 940 2250 laudabile,
960 2214 1120 2252 specialis
1136 2222 1290 2252 preroga-

279 2271 348 2302 tiva
369 2271 475 2309 gratie
502 2271 758 2308 prosequentes,
787 2268 982 2298 discretioni
1010 2269 1064 2297 tue
1089 2266 1290 2297 mandamus

280 2323 439 2363 quatinus
455 2323 598 2353 eundem
616 2322 775 2352 clericum
793 2321 826 2351 in
845 2321 986 2351 ecclesia
1001 2329 1028 2350 5.
1045 2311 1150 2351 Mai-ie
1163 2319 1290 2349 Castel-

280 2377 384 2413 ensis,
407 2376 493 2406 dicte
515 2375 672 2412 diocesis,
694 2375 876 2405 dummodo
898 2374 1014 2413 plures
1033 2382 1133 2412 quam
1150 2373 1214 2403 duo
1232 2381 1291 2411 pro

282 2429 406 2469 quibus
424 2430 458 2459 in
482 2429 598 2459 cadem
621 2428 764 2458 ecclesia
778 2429 911 2458 nostras
930 2427 1062 2457 litteras
1079 2426 1291 2457 executorias

281 2482 518 2518 direxerimus,
535 2482 711 2511 vacaturas
727 2480 914 2519 prebendas
928 2480 1011 2510 inibi
1022 2487 1086 2510 non
1102 2480 1290 2518 expectent,

281 2544 339 2574 per
354 2536 384 2565 te
404 2535 454 2565 vel
473 2543 531 2573 per
549 2534 652 2564 alium
672 2542 730 2564 seu
746 2533 843 2570 alios,
864 2533 967 2572 recipi
987 2533 1091 2563 facias
1108 2533 1141 2562 in
1158 2533 1291 2563 canoni·

281 2596 356 2617 cum
376 2589 408 2618 et
425 2588 458 2617 in
480 2587 616 2618 fratrem
637 2586 770 2625 sibique
786 2587 826 2616 de
842 2586 1023 2625 prebenda,
1044 2586 1072 2615 si
1098 2586 1130 2615 in
1149 2585 1292 2616 ecclesia

282 2641 356 2680 ipsa
372 2642 466 2671 vacat
489 2641 530 2670 ad
550 2648 689 2679 presens
714 2640 765 2669 vel
790 2639 1042 2679 quamprimum
1067 2639 1109 2669 ad
1129 2639 1160 2669 id
1180 2647 1215 2669 se
1245 2639 1292 2669 sa-

283 2694 390 2724 cultas
409 2693 577 2729 obtulerit,
594 2693 770 2732 providere
788 2702 959 2732 procures.
977 2693 1052 2723 Non
1067 2692 1222 2723 obstante
1241 2711 1288 2723 —.

282 2748 405 2777 Datum
431 2747 520 2786 apud
544 2746 832 2783 Urbemveterem,
859 2746 957 2776 nonis
981 2745 1184 2782 decembris,
1205 2754 1292 2776 anno

284 2801 394 2831 tertio.
417 2808 434 2829 »

1025 219 1268 252 REGISTRES
1295 218 1508 249 D’L'RBAIN
1539 218 1596 247 IV.

1830 301 1953 333 Orvieto,
1973 304 2006 329 29
2024 302 2180 328 novembre
2199 302 2277 329 1203.

1429 305 1526 335 2379

1374 382 1494 409 officiali
1515 382 1668 409 l’arisiensi
1688 383 1806 409 mandat
1824 385 1852 408 ut
1869 382 2014 416 quamcito
2031 389 2148 408 causam
2175 383 2210 408 de
2229 381 2353 408 ccclesia

1339 432 1372 457 dc
1390 434 1542 465 Overtone,
1565 431 1770 458 Wintonicnsis
1796 431 1929 463 diocesis,
1948 430 2096 461 terminet,
2119 430 2179 465 ejus
2202 431 2228 457 in
2250 431 2350 457 codem

1339 480 1453 514 negotio
1470 480 1647 515 negligentia
1664 481 1819 514 increpata.
1840 480 1918 507 (Rae.
1934 480 1979 512 29,
1996 479 2042 506 sol.
2060 481 2112 506 272
2129 486 2166 511 νο,
2180 485 2209 505 n⁰
2225 479 2314 512 1428.)

1379 581 1395 601 «
1417 597 1421 602 .
1441 596 1446 601 .
1463 571 1593 611 officiali
1612 570 1790 600 Paris-tensi.
1811 571 1964 601 Dilectus
1982 571 2073 601 iilius
2089 571 2296 601 Guillclrnus
2311 570 2353 602 de

1339 624 1451 654 Monte
1462 624 1657 663 Gaugaerii,
1676 624 1872 662 capellanus
1885 625 2010 659 noster,
2024 623 2167 654 clericus
2182 623 2269 654 bone
2287 632 2352 654 me-

1340 678 1445 707 morie
1464 678 1516 711 A„
1548 677 1797 707 Wintoniensis
1825 677 1987 715 episcopi,
2010 679 2118 707 rector
2145 677 2286 707 ecclesie
2313 677 2353 708 de

1339 731 1518 763 Overtone,
1536 730 1789 760 XVintoniensis
1805 730 1964 766 diocesis,
1980 729 2077 760 nobis
2090 730 2247 768 exposuit
2264 731 2354 768 quod

1339 784 1420 813 olim
1439 786 1554 813 contra
1577 784 1719 813 eundem
1738 783 1946 822 episcopum,
1964 785 2041 814 tunc
2066 782 2222 818 electum,
2239 783 2354 821 gravis

1340 837 1587 875 persecutionis
1608 837 1801 875 insurgente
1819 828 1978 875 procella,
1999 845 2036 866 ac
2059 836 2175 866 eodem
2193 836 2352 875 episcopo

1340 899 1415 920 cum
1435 890 1584 929 predicto
1607 890 1780 929 capellano
1801 892 1831 919 et
1852 890 1930 919 aliis
1952 889 2180 919 familiaribus
2199 889 2282 925 suis,
2303 898 2354 919 oc-

1340 944 1474 974 casione
1488 943 1693 981 hujusmodi,
1710 946 1805 973 extra
1823 952 1962 982 regnum
1976 943 2096 981 Anglie
2110 942 2249 973 exulare
2265 951 2354 972 com-

1341 997 1450 1035 pulso,
1469 997 1631 1035 magister
1642 996 1813 1026 ι101111111105
1829 996 1867 1025 de
1884 996 2074 1032 Siccavilla,
2089 997 2196 1026 rector
2213 995 2354 1026 ecclesie

1341 1050 1501 1081 Omnium
1525 1050 1725 1080 Sanctorum
1748 1049 2050 1083 Londoniensium,
2079 1049 2220 1079 eandem
2249 1048 2355 1079 eccle-

1341 1103 1426 1133 siam
1438 1103 1477 1133 de
1490 1104 1668 1139 Overtone,
1681 1103 1798 1133 eodem
1812 1103 1984 1141 capellano
1998 1103 2031 1132 in
2042 1102 2146 1132 exilio
2159 1101 2355 1141 hujusmodi

1342 1157 1537 1191 constituto,
1557 1158 1682 1186 temere
1710 1157 1823 1186 contra
1849 1156 2019 1195 justitiam
2046 1156 2233 1194 occupavit.
2258 1156 2351 1186 Post-

1342 1210 1478 1239 modum
1498 1219 1588 1245 vero,
1619 1209 1803 1239 serenioris
1835 1218 1917 1239 aura
1947 1209 2111 1247 temporis
2141 1208 2352 1243 succedente,

1342 1263 1514 1302 predictus
1535 1262 1730 1301 capellanus
1749 1262 1882 1292 rediens
1900 1262 1941 1292 ad
1958 1263 2099 1292 eandem
2116 1261 2294 1292 ecclesiam
2313 1261 2354 1292 de

1341 1317 1520 1352 Overtone,
1540 1315 1649 1354 ipsius
1663 1315 1928 1354 possessionem,
1945 1315 2077 1346 nemine
2091 1315 2353 1351 contradicente,

1342 1369 1447 1399 libere
1473 1369 1706 1408 apprehendit.
1739 1369 1804 1399 Sed
1835 1369 1945 1399 dictus
1977 1369 2138 1407 magister
2170 1367 2353 1402 ι1011001105,

1342 1423 1493 1461 ejusdem
1511 1422 1652 1453 ecclesie
1671 1422 1711 1453 de
1729 1423 1898 1453 Overtone
1917 1422 2002 1452 falso
2019 1430 2176 1452 asserens
2196 1430 2232 1452 se
2250 1423 2356 1452 recto-

1341 1485 1426 1513 rem,
1448 1477 1480 1506 et
1496 1476 1586 1515 quod
1607 1476 1718 1506 dictus
1737 1475 1931 1514 capellanus
1949 1484 2051 1514 super
2072 1484 2110 1506 ea
2130 1474 2357 1514 injuriabatur

1342 1529 1464 1565 eidem,
1491 1529 1704 1568 capellanum
1730 1529 1844 1568 ipsum
1871 1538 1973 1568 super
2002 1529 2060 1559 hoc
2090 1537 2202 1558 coram
2225 1551 2256 1557 ..
2283 1527 2353 1558 offi-

1342 1583 1419 1614 ciali
1435 1581 1641 1612 venerabilis
1655 1582 1890 1612 fratrisnostri
1912 1605 1917 1611 .
1936 1606 1942 1612 .
1961 1582 2218 1612 Cantuariensis
2230 1581 2356 1612 archie-

1342 1637 1485 1675 piscopi,
1505 1636 1557 1666 sui
1576 1635 1842 1675 metropolitani,
1856 1636 1895 1665 ad
1910 1644 2022 1674 quem,
2041 1635 2082 1665 de
2097 1635 2236 1674 antiqua
2252 1636 2284 1664 et
2300 1643 2354 1673 ap-

1342 1689 1480 1728 probata
1505 1691 1537 1720 et
1557 1689 1718 1719 hactenus
1736 1689 1874 1727 pacifice
1901 1688 2079 1719 observata
2099 1688 2355 1724 consuetudine,

1342 1743 1536 1782 hujusmodi
1563 1751 1743 1773 causarum
1763 1742 1909 1781 cognitio
1936 1741 1969 1771 in
1996 1742 2146 1780 predicta
2163 1741 2302 1777 diocesi,
2321 1741 2355 1771 in

1344 1806 1409 1836 qua
1425 1797 1513 1827 dicta
1532 1796 1675 1827 ecclesia
1691 1796 1730 1826 de
1753 1796 1920 1827 Overtone
1937 1795 2105 1830 consistit,
2123 1795 2357 1825 XVintoniensi

1343 1850 1422 1880 sede
1440 1851 1588 1883 vacante,
1607 1857 1670 1888 que
1689 1851 1767 1879 tunc
1782 1848 1919 1879 vacabat
1939 1849 2074 1885 dicitur,
2091 1848 2272 1887 pertinere,
2292 1856 2358 1878 non

1343 1912 1384 1933 ex
1410 1903 1620 1941 delegatione
1649 1902 1836 1941 apostolica
1865 1902 1969 1932 traxit
1998 1902 2032 1932 in
2063 1910 2209 1932 causam.
2237 1901 2358 1931 Dictus

1344 1959 1455 1986 autem
1482 1956 1676 1995 capellanus
1694 1956 1734 1985 ab
1761 1956 1878 1985 eodem
1905 1955 2056 1991 officiali,
2081 1964 2122 1985 ex
2145 1964 2182 1985 eo
2206 1955 2358 1985 sentiens

1345 2009 1492 2039 indebite
1510 2018 1544 2039 se
1557 2009 1689 2048 gravari
1709 2009 1798 2047 quod
1818 2008 1906 2038 idem
1925 2008 2082 2038 officialis
2099 2009 2132 2038 in
2151 2016 2252 2037 causa
2272 2008 2356 2046 ipsa,

1345 2062 1403 2093 lite
1431 2062 1570 2091 minime
1597 2063 1794 2096 contestata,
1823 2063 1927 2091 testes
1954 2062 2062 2100 partis
2090 2061 2230 2091 adverse
2256 2069 2358 2100 super

1344 2115 1523 2154 principali
1552 2117 1666 2145 contra
1693 2115 1862 2153 justiliam
1891 2114 2100 2150 admittebat,
2127 2115 2219 2144 nulla
2249 2115 2358 2153 ipsius

1345 2169 1510 2207 capellani
1533 2168 1744 2198 contumacia
1768 2176 1826 2197 seu
1851 2167 1917 2197 alia
1942 2177 2043 2198 rausa
2067 2167 2262 2198 rationabili
2286 2168 2359 2198 exi-

1345 2225 1453 2261 gente,
1473 2222 1570 2252 duxit
1593 2221 1635 2251 ad
1656 2221 1769 2251 sedem
1792 2221 2013 2260 apostolicam
2037 2221 2286 2260 appellandum.
2314 2223 2359 2252 At

1346 2275 1435 2305 idem
1455 2274 1622 2310 officialis,
1647 2275 1763 2304 eadem
1786 2274 2012 2313 appellatione
2031 2276 2235 2314 contempta,
2255 2275 2288 2304 in
2309 2283 2360 2305 ca-

1345 2329 1518 2368 pellanum
1548 2328 1691 2358 eundem
1724 2328 2099 2362 excommunit-ationis,
2129 2330 2159 2358 et
2191 2328 2358 2367 prefatam

1346 2382 1525 2412 ecclesiam
1550 2382 1590 2411 de
1617 2382 1783 2412 Overtone
1809 2381 1977 2412 interdicti
2003 2381 2190 2412 sententias
2209 2381 2357 2420 promul-

1346 2435 1446 2475 gavit.
1477 2436 1562 2465 Sane
1590 2444 1662 2469 nos,
1694 2435 1734 2465 ad
1769 2435 2051 2474 supplicationem
2082 2435 2162 2465 dicti
2192 2434 2359 2473 capellani

1346 2489 1530 2519 asserentis
1550 2489 1639 2527 quod
1669 2489 1754 2527 ipse,
1773 2490 1909 2527 propter
1931 2488 2097 2519 malitiam
2117 2490 2148 2519 01
2174 2488 2360 2527 potentiam

1346 2543 1426 2573 dicti
1453 2542 1604 2581 magistri
1625 2542 1801 2578 Johannis,
1821 2550 1885 2571 non
1903 2544 2034 2580 poterat
2056 2542 2089 2571 in
2111 2541 2181 2572 illis
2203 2541 2360 2580 partibus

1347 2605 1442 2627 suam
1457 2596 1627 2635 justitiam
1646 2595 1809 2632 obtinere,
1830 2595 1892 2625 tibi
1915 2595 2072 2626 dedimus
2091 2595 2218 2625 nostris
2236 2595 2361 2626 litteris

1347 2650 1381 2679 in
1398 2649 1566 2680 mandatis
1585 2650 1631 2685 ut,
1651 2649 1679 2678 si
1703 2649 1811 2679 dictas
1831 2648 2194 2679 excommunicationis
2211 2650 2242 2678 et
2260 2648 2360 2678 inter-

1347 2702 1427 2733 dicti
1459 2702 1644 2732 senteutias
1683 2701 1744 2732 tibi
1775 2703 1946 2732 constaret
1980 2703 2056 2740 post
2093 2701 2358 2740 appellationem

1347 2754 1542 2794 hujusmodi
1559 2763 1633 2785 0550
1650 2755 1748 2791 latas,
1763 2754 1967 2784 demmtians
1988 2762 2045 2784 eas
2071 2754 2208 2793 penitus
2231 2762 2297 2784 non
2311 2755 2355 2785 te·

1348 2817 1426 2839 nere
1450 2817 1486 2838 ac
1506 2816 1667 2838 revocans
1694 2808 1726 2837 in
1753 2809 1879 2838 statum
1904 2807 2056 2837 debitum
2091 2807 2254 2846 quicquid
2285 2809 2360 2846 post

1347 2861 1608 2901 appellationem
1633 2861 1827 2899 hujusmodi
1852 2861 2024 2890 invenires
2044 2862 2169 2890 temere
2186 2862 2361 2899 attempta-

1347 2916 1429 2950 tum,
1445 2923 1582 2945 causam
1595 2914 1730 2945 audires
1743 2913 1883 2945 eandem
1897 2915 1927 2945 01
1944 2922 2029 2949 eam,
2048 2913 2135 2943 infra
2151 2922 2210 2944 sex
2226 2921 2361 2944 menses
