2519 3262
257 246 315 274 346

258 328 330 367 ejus
347 328 550 367 appenditiis
576 327 616 357 ad
640 327 807 365 prefatum
837 327 1077 357 monasterium
1100 327 1214 366 quiete
1233 329 1265 357 et

258 381 362 411 libere
380 384 410 410 et
426 381 498 410 sine
513 380 775 410 contradictione
790 379 904 418 aliqua
918 382 1114 411 revertetur
1138 381 1173 410 In
1185 389 1265 419 quo-

259 444 330 464 rum
355 435 504 464 omnium
523 434 756 464 testimonium
776 435 806 463 et
832 433 1034 463 evidentiam
1064 434 1263 472 pleniorem,

258 489 431 526 presentes
456 487 587 517 lilteras
612 487 720 516 eidem
737 486 920 517 (tuillelmo
938 487 1140 517 tradidimus
1157 487 1263 525 sigilli

258 541 361 571 nostri
380 540 566 570 munimine
591 539 775 569 roboratas.
795 540 919 569 Datum
937 541 1024 579 apud
1045 540 1263 570 Urbemvete-

258 603 327 625 rem
340 602 425 624 anno
442 593 577 624 Domini
593 597 802 627 m⁰cc⁰nxuu⁰,
819 602 886 622 xvii
904 593 1064 623 kalendas
1077 593 1168 629 maii,
1185 601 1262 631 pon-

258 648 402 677 tificatus
423 646 551 676 domini
574 646 699 676 Urbani
718 655 801 685 pape
820 657 869 676 1111
888 655 974 677 anno
990 647 1099 676 tertio,
1122 656 1135 675 »

295 700 389 731 Nulli
412 708 489 738 ergo
519 701 632 729 nostre
663 699 929 729 confirmationis
959 717 1006 729 —.
1026 701 1149 730 Datum
1176 700 1263 738 apud

258 753 544 789 [Irbeniveterem,
569 762 626 782 vni
650 752 810 782 kalendas
842 752 1056 791 septembris,
1092 762 1179 783 anno
1200 755 1265 783 ter-

257 807 313 837 tio.
337 815 353 835 ))

345 973 442 1004 2142
732 972 856 1004 orvieto,
872 973 916 999 1⁸¹⁴
932 972 1093 1007 septembre
1112 973 1188 999 1202.

289 1058 400 1083 Decano
421 1057 559 1084 ecclesiae
575 1056 766 1091 Embicensis,
782 1057 964 1091 Maguntinae
988 1056 1121 1087 diocesis,
1141 1058 1261 1084 mandat

255 1107 283 1132 ut
299 1106 475 1133 Bernardum
490 1107 523 1133 de
539 1106 669 1140 Rostorp,
686 1105 821 1133 clericum
843 1106 1024 1140 Maguntinae
1051 1105 1186 1137 diocesis,
1203 1107 1264 1133 nul-

255 1155 313 1182 lum
338 1154 429 1182 adhuc
445 1155 613 1182 beneficium
631 1158 806 1183 assecutum,
823 1155 851 1181 in
873 1155 995 1181 eccli-sia
1016 1155 1154 1181 Miudensi
1173 1155 1201 1181 in
1217 1164 1264 1182 ca-

254 1203 387 1230 nonicum
406 1203 492 1237 recipi
509 1203 606 1231 saciat.
623 1204 699 1239 (Rea.
716 1204 759 1231 29.
779 1203 826 1230 sol.
840 1203 892 1230 223
910 1208 949 1234 νῦ,
968 1209 996 1229 n‘·
1013 1204 1105 1238 1191.)

294 1319 309 1338 ((
324 1334 328 1338 .
343 1335 348 1340 .
366 1308 477 1339 decano
495 1309 615 1339 ecclesie
632 1309 830 1345 Emhircnsis,
850 1309 1029 1347 Maquntim‘
1047 1309 1185 1340 diocesis.
1204 1310 1263 1340 Di-

252 1362 377 1393 lectum
404 1363 513 1393 tilium
537 1363 745 1393 Bernardum
767 1379 813 1394 -.
829 1363 952 1393 Datum
969 1363 1057 1402 apud
1073 1362 1261 1394 Urbemve·

252 1417 370 1452 terem,
387 1416 542 1446 kalendis
559 1416 772 1454 septembris,
790 1424 877 1446 anno
893 1416 1005 1446 tertio.

340 1587 438 1617 2¹43
844 1584 966 1615 Orvieto,
984 1587 1017 1612 ΞΗ
1037 1585 1093 1611 mai
1112 1585 1189 1612 1264.

287 1670 478 1704 infrascriptis
496 1671 613 1696 mandat
629 1672 658 1696 ut
672 1670 830 1696 Johanncin
851 1670 981 1696 Beissenc
997 1670 1024 1696 in
1042 1670 1260 1705 possessionem

253 1720 367 1746 miltant
387 1719 564 1753 capellaniae
585 1719 722 1745 ecclesiae
739 1720 772 1745 de
789 1719 911 1750 Clariuc,
932 1719 1147 1746 Lemovicensis
1162 1719 1259 1746 dioce-

252 1768 300 1795 sis.
320 1769 398 1800 (lli-113.
420 1770 464 1799 29,
481 1768 528 1795 sol.
550 1770 602 1795 223
624 1773 662 1799 νῦ,
684 1769 821 1801 1101192.)

291 1886 307 1905 «
325 1898 348 1904 ..
367 1876 468 1904 (thlmli
485 1875 660 1904 monasterii
675 1875 773 1904 sancti
791 1875 968 1913 .·1zq]zcsce'rzi,
984 1899 989 1904 .
1007 1898 1014 1904 .
1037 1874 1259 1904 archidiacono

252 1929 395 1964 Mai-vlia,
424 1934 494 1959 et..
521 1928 654 1968 officiali
683 1928 955 1958 Lenzovicensilms.
980 1929 1136 1958 Dllectus
1168 1928 1260 1958 filius

250 1983 420 2013 ,lohannes
436 1983 606 2018 Beissenc‚
626 1991 752 2020 pauper
766 1982 908 2011 clericus
920 1981 1174 2011 Lemovicensis
1193 1982 1260 2011 dio-

251 2037 350 2071 cesis,
372 2036 404 2066 in
424 2038 539 2066 nostra
553 2035 729 2074 proposuit
744 2035 915 2073 presentia
935 2035 1140 2064 constitutus
1156 2035 1258 2073 quod,

251 2098 289 2120 eo
319 2090 506 2127 exponente
536 2088 618 2118 olim
649 2088 746 2118 nobis
779 2088 866 2126 quod
888 2089 1052 2126 perpetua
1070 2087 1260 2125 capellania

250 2143 391 2173 ecclesie
416 2143 456 2172 de
473 2142 620 2178 (Uarine,
649 2141 800 2180 ejusdem
817 2141 974 2175 diocesis,
998 2142 1089 2170 tanto
1111 2142 1260 2179 tempore

250 2197 426 2226 vacaverat
444 2195 533 2234 quod
560 2195 633 2233 ejus
654 2195 789 2225 collatio
804 2194 844 2223 ad
863 2202 934 2229 nos,
953 2194 1139 2224 secundum
1158 2194 1259 2223 Late-

249 2248 403 2278 raneusis
429 2249 555 2278 statuta
580 2247 726 2283 concilii,
746 2247 895 2285 legitime
928 2246 1086 2276 devoluta
1103 2246 1259 2284 quodque

250 2301 336 2331 idem
362 2301 493 2331 nullum
522 2302 593 2331 erat
620 2300 727 2330 adbuc
753 2299 953 2330 beneficium
988 2299 1259 2329 ecclesiasticum

248 2356 435 2391 assecutus,
466 2363 542 2385 eum
570 2363 629 2393 per
654 2354 812 2384 dilectum
841 2353 950 2383 tilium
973 2353 1170 2392 magistrum
1198 2353 1260 2383 Pe-

247 2410 347 2444 trum,
377 2408 649 2438 archidiaconum
676 2407 889 2438 Brnliensem
919 2406 953 2436 iu
979 2406 1121 2436 ecclesia
1148 2407 1261 2445 Agen-

248 2462 355 2498 nensi,
370 2461 557 2492 examinari
585 2461 727 2491 fecimus
744 2460 934 2499 diligenter,
952 2461 984 2490 et
1011 2459 1091 2499 quia
1108 2459 1184 2498 ipse
1210 2468 1261 2489 re-

247 2517 363 2555 pertus
381 2515 443 2546 suit
455 2515 606 2554 ydoneus
623 2515 663 2544 ad
679 2513 872 2554 huJusmodi
887 2513 1087 2544 beneficium
1102 2512 1239 2543 obtinen
1250 2530 1262 2534 -

247 2570 339 2605 dum,
369 2568 491 2598 dilecto
514 2568 584 2598 filio
605 2593 610 2598 .
629 2590 636 2597 .
664 2567 776 2598 abbati
802 2567 842 2598 de
865 2567 998 2601 Valeta‚
1016 2565 1260 2597 Cisterciensis

247 2622 389 2657 ordinis,
404 2621 552 2660 predicte
565 2621 723 2656 diocesis,
743 2620 869 2651 nostris
889 2619 952 2650 sub
968 2621 1057 2650 certa
1075 2619 1181 2649 forma
1198 2619 1261 2650 de—

247 2676 360 2706 dimus
378 2675 503 2705 litteris
517 2675 551 2705 in
567 2674 736 2704 mandatis
755 2675 802 2710 ut,
827 2673 856 2703 si
872 2674 962 2704 esset
979 2673 1035 2709 ita,
1054 2672 1179 2702 dictam
1197 2681 1234 2702 ca
1250 2687 1260 2694 ·

248 2728 429 2768 pellaniam
444 2727 553 2758 eidem
568 2727 701 2763 clerico,
718 2728 829 2757 amoto
846 2726 886 2757 ab
902 2735 941 2757 ea
958 2725 1107 2765 quolibet
1131 2725 1213 2755 illici
1225 2727 1260 2756 to

248 2782 432 2818 detentore,
463 2781 661 2811 auctoritate
693 2781 808 2810 nostra
832 2789 890 2819 per
926 2788 961 2810 se
980 2779 1031 2810 vel
1060 2787 1119 2818 per
1152 2778 1259 2808 alium

248 2836 398 2867 conferre
423 2835 455 2865 et
484 2834 657 2873 assignare
685 2834 828 2869 curaret,
846 2833 1025 2872 ipsumque
1043 2832 1076 2862 in
1104 2832 1260 2871 ejusdem

248 2888 433 2928 capellanie
451 2887 702 2926 possessionem
721 2886 894 2917 induceret
914 2888 946 2916 et
970 2887 1123 2916 tueretur
1142 2885 1258 2915 induc-

249 2944 331 2977 tum,
367 2941 628 2972 contradictores
671 2948 729 2979 per
762 2948 939 2970 censuram
972 2939 1235 2970 ecclesiasticam
1250 2964 1257 2976 ,

1009 243 1253 274 REGISTRES
1281 244 1493 274 D’URBAIN
1524 244 1581 274 lv.

1325 327 1549 366 appellatione
1579 327 1779 366 postposita,
1802 327 2055 366 compescendo.
2089 327 2226 360 Verum3
2251 327 2328 357 licet

1323 380 1433 410 dictus
1461 381 1605 410 clericus
1632 380 1780 419 prefatas
1806 381 1938 411 litteras
1970 380 2082 410 abbati
2101 382 2329 419 presentasset

1323 433 1444 469 eidem,
1469 434 1624 472 dictaque
1651 434 1838 472 capellania
1863 436 1954 464 tanto
1972 436 2123 472 tempore
2143 433 2331 463 vacavisset

1323 487 1362 517 de
1376 486 1451 525 jure
1469 487 1557 526 quod
1572 487 1645 526 ejus
1662 488 1733 517 erat
1751 487 1792 516 ad
1811 495 1873 517 nos
1889 487 2045 517 devoluta
2063 486 2210 521 collatio,
2229 488 2329 525 prout

1323 540 1481 579 superius
1491 541 1541 570 est
1552 547 1764 578 expressum,
1777 540 1865 570 idem
1880 541 1991 570 tamen
2003 539 2106 569 abbas
2119 539 2264 570 Geraldo
2274 539 2335 569 Vi-

1322 594 1418 632 gerii‚
1432 593 1554 624 clerico
1566 593 1714 632 predicte
1737 593 1898 629 diocesis,
1918 593 1974 632 qui
2001 593 2165 632 prefatam
2185 592 2334 631 capella-

1323 647 1413 677 niam
1431 647 1470 676 de
1486 647 1572 677 facto
1589 647 1739 676 detinere
1756 646 1883 677 dicitur
1900 647 2107 685 occupatam,
2125 648 2241 676 contra
2255 646 2332 683 ‚jus-

1322 700 1432 730 titiam
1457 700 1623 735 deferens,
1646 700 1679 729 in
1708 699 1903 738 hujusmodi
1921 700 2054 738 negotio
2069 708 2133 729 non
2154 699 2333 738 processit.

1322 753 1431 789 Quare
1458 753 1568 783 dictus
1594 753 1765 783 Jobannes
1797 752 1895 783 nobis
1919 753 2094 782 humiliter
2127 751 2332 791 supplicavit

1322 809 1358 837 ut
1382 807 1559 846 providere
1591 807 1625 836 in
1650 806 1709 836 hac
1729 808 1821 845 parte
1838 806 1904 836 sibi
1923 808 2062 845 paterna
2084 806 2260 845 diligentia
2277 814 2334 836 cu-

1323 869 1486 890 raremus.
1505 860 1671 896 Quocirca
1689 860 1883 890 discretioni
1903 862 2013 890 vestre
2030 860 2230 890 mandamus
2253 867 2337 898 qua-

1321 914 1425 950 tinus,
1444 914 1472 944 si
1496 916 1546 944 est
1565 914 1622 950 ita,
1648 914 1679 943 in
1710 914 1843 951 negotio
1868 914 2059 952 procedatis
2084 913 2213 948 eodem,
2237 913 2335 951 juxta

1321 967 1473 1006 priorum
1488 967 1529 996 ad
1545 967 1687 997 eundem
1699 966 1853 996 abbatem
1867 967 2073 996 directarum
2089 965 2333 996 continentiam

1321 1021 1523 1051 litterarum.
1540 1020 1635 1056 Quod
1652 1021 1681 1050 si
1697 1029 1762 1050 non
1776 1028 1893 1050 omnes
1910 1020 1977 1050 hiis
1992 1019 2199 1059 exequendis
2215 1020 2336 1058 potue-

1321 1074 1397 1104 ritis
1413 1074 1589 1110 interesse,
1610 1074 1674 1104 duo
1689 1075 1841 1104 vestrum
1858 1082 1897 1104 ea
1911 1072 2152 1104 nichilominus
2165 1081 2335 1112 exequan-

1321 1129 1387 1158 tur.
1408 1127 1532 1157 Datum
1559 1127 1647 1165 apud
1667 1126 1956 1163 L'rbemveterem,
1976 1136 2022 1157 xn
2047 1126 2211 1157 kalendas
2224 1126 2331 1165 junii,

1322 1189 1408 1211 anno
1427 1180 1538 1211 tertio.
1559 1190 1573 1209 n

1412 1341 1508 1371 2144
1876 1339 1999 1370 Orvieto,
2021 1340 2055 1367 23
2065 1339 2160 1374 juillet
2182 1339 2258 1366 1264.

1356 1424 1484 1455 Alsonso,
1500 1423 1661 1451 Pictavensi
1685 1427 1713 1451 et
1729 1423 1891 1451 Tholosano
1916 1424 2026 1455 comiti,
2049 1424 2178 1459 indulget
2195 1427 2224 1451 ut
2238 1424 2266 1451 in
2283 1432 2338 1451 ca·

1319 1474 1402 1509 pellis
1420 1474 1508 1508 ipsius
1526 1474 1559 1500 de
1573 1473 1679 1508 palatio
1692 1473 1864 1505 Pleiai-ensi,
1879 1474 1911 1501 de
1929 1476 2024 1501 castro
2037 1473 2180 1508 Rupcllae‚
2195 1474 2230 1500 de
2248 1473 2337 1501 Nior·

1318 1523 1368 1556 tio,
1389 1524 1423 1550 de
1446 1523 1618 1550 Monsterolo
1641 1526 1667 1550 et
1685 1524 1720 1549 de
1734 1523 2052 1554 Castro-Xanctonensi‚
2072 1522 2282 1549 Xanetonensis
2298 1525 2330 1550 et

1319 1572 1495 1599 Pictavensis
1506 1571 1666 1606 dioecesum,
1684 1572 1799 1603 11115505,
1814 1576 1942 1606 ternpore
1955 1572 2113 1603 interdicti,
2130 1571 2268 1598 celebrari
2282 1571 2309 1598 sa
2319 1586 2331 1594 -

1319 1629 1382 1648 cere
1396 1621 1498 1648 valeat·
1517 1622 1595 1655 (1100.
1610 1622 1654 1651 29,
1674 1621 1722 1647 fol.
1739 1622 1802 1655 224,
1818 1627 1847 1647 n⁰
1864 1622 1953 1650 1193.)

1360 1739 1373 1757 «
1394 1727 1509 1757 Dilecto
1536 1727 1602 1767 filio
1621 1726 1717 1756 nobili
1738 1727 1803 1756 viro
1827 1725 1969 1765 Alfimw,
1996 1726 2171 1755 pictavensi
2193 1730 2220 1755 e!
2239 1724 2332 1755 Tolo-

1319 1792 1393 1812 sano
1422 1781 1535 1811 comiti.
1561 1781 1644 1811 Cum
1671 1789 1851 1819 personam
1875 1781 1968 1810 tuam
1996 1797 2044 1810 ——.
2078 1779 2204 1809 Datum
2237 1779 2326 1818 apud

1322 1835 1611 1871 Urbemveterem,
1633 1844 1650 1863 x
1670 1834 1833 1864 kalendas
1850 1833 1995 1872 augusti,
2014 1842 2100 1863 anno
2119 1833 2230 1863 tertio.
2251 1842 2265 1861 »

1409 2003 1451 2033 2.
1462 2002 1507 2033 45
1881 1999 2006 2032 Orvieto‚
2019 1999 2053 2026 23
2064 1998 2158 2033 juillet
2179 1998 2256 2025 1264.

1354 2085 1452 2111 Eidem
1471 2084 1599 2119 indulget
1628 2092 1660 2110 110
1686 2084 1749 2118 quis
1766 2083 1854 2119 judex
1877 2083 2099 2113 ecclesiasticus,
2123 2091 2174 2117 pro
2200 2082 2326 2118 cujusvis

1317 2133 1445 2168 privatae
1473 2141 1610 2168 personat}
1628 2133 1744 2165 delicto,
1761 2132 1903 2163 civitates,
1926 2136 2034 2165 eastra,
2056 2132 2150 2158 villas,
2170 2135 2262 2158 terras
2283 2132 2326 2158 vel

1318 2183 1379 2209 loca
1393 2182 1482 2216 ipsius
1496 2181 1696 2213 comitatuum,
1711 2181 1868 2215 apostolica
1886 2181 1928 2208 vel
1947 2181 2002 2208 alia
2024 2182 2123 2215 quavis
2141 2182 2330 2212 auctoritate,

1318 2231 1512 2258 ecclesiastico
1546 2238 1705 2265 supponere
1733 2230 1885 2257 interdicto
1910 2234 2086 2264 praesumat.
2111 2230 2218 2264 absque
2245 2228 2326 2257 sedis

1316 2280 1489 2314 apostolicae
1508 2280 1622 2306 lieentia
1638 2279 1766 2313 speciali.
1782 2279 1938 2305 dummodo
1957 2278 2054 2305 ballivi
2073 2282 2099 2305 et
2117 2278 2262 2305 officiales
2277 2287 2330 2305 co-

1316 2329 1395 2356 mitis
1411 2338 1460 2364 pro
1480 2328 1583 2356 delicto
1597 2328 1787 2355 satisfaciant.
1808 2329 1886 2359 (liae.
1902 2329 1947 2359 29,
1969 2328 2017 2354 sol.
2037 2328 2099 2354 224-
2118 2333 2146 2353 n⁰
2167 2327 2254 2355 1194.)

1355 2436 1509 2468 «Eidem.
1525 2436 1611 2467 Cum
1634 2445 1814 2476 personam
1837 2438 1930 2467 tuam
1946 2453 1994 2464 -.
2016 2436 2141 2466 Datum
2158 2435 2247 2474 apud
2269 2435 2329 2466 Ur-

1316 2491 1554 2527 bemveterem,
1572 2499 1593 2520 x
1612 2489 1774 2520 kalendas
1793 2490 1939 2529 augusti.
1958 2498 2046 2519 anno
2066 2489 2179 2519 tertio,
2199 2498 2216 2518 »

1407 2651 1504 2682 2146
1880 2646 2003 2679 orriolo,
2019 2648 2053 2675 23
2065 2647 2159 2683 juillet
2177 2647 2254 2674 1:364.

1352 2735 1451 2761 Eidem
1472 2742 1572 2761 omnes
1597 2733 1754 2761 libertates,
1774 2733 1972 2760 immunitates
1993 2731 2120 2766 aliasque
2143 2731 2251 2767 gratias
2270 2739 2319 2766 per

1316 2783 1428 2811 litteras
1447 2783 1604 2811 Innocentii
1629 2791 1673 2810 uu
1690 2785 1719 2809 et
1736 2782 1887 2809 Alexandri
1915 2789 1959 2808 nu
1978 2789 2130 2808 concessas
2154 2781 2317 2808 confirmat.

1317 2833 1397 2868 (nno.
1413 2833 1457 2864 29,
1475 2832 1523 2859 fol.
1543 2832 1605 2859 224.
1624 2836 1657 2858 11⁰
1679 2831 1773 2864 1195.)

1355 2948 1370 2967 «
1390 2936 1510 2968 Eidem.
1530 2938 1614 2969 Cum
1635 2945 1814 2977 personam
1838 2938 1930 2966 tuam
1955 2953 2002 2964 —.
2026 2935 2110 2966 Data
2127 2934 2287 2974 predicta.
2307 2944 2321 2961 n
