2659 3242
114 182 169 209 120

130 424 196 451 1263

109 480 179 499 nov.
206 474 234 499 6.

142 1164 155 1177 1)

142 1505 157 1520 >)

143 1993 156 2007 n

144 2238 156 2251 Ιὶ

143 2481 158 2496 »

215 824 228 838 2)

216 1164 229 1177 ))

216 1505 228 1518 i)

220 1994 231 2006 n

270 423 389 448 orvieto.

932 175 1088 206 TABLES
1114 175 1165 206 DU
1188 174 1390 206 REGISTRE
1413 175 1601 206 D'L'RBAIN
1628 175 1668 205 IV

1057 271 1132 296 Pagos.
1165 270 1181 289 N
1186 270 1275 288 ulum-0⁵.

428 323 586 357 Dionysio,
618 321 808 348 parisiensis
839 320 986 351 diocesis,
1020 319 1065 346 di-

429 372 544 399 mittat.

465 421 504 448 Ut
517 420 680 447 Galterum
696 419 1060 452 clei-ieum‚germanum
1079 419 1083 451 1
1122 416 1170 443 ’4411
1187 417 1191 447 1
1224 415 1276 441 2⁴:28
1300 424 1301 434 ι

427 467 596 504 Arnulplii⁷
617 468 773 503 quondam
807 466 955 494 officialis
988 467 1063 493 Leo-

425 518 554 551 diensis,
574 525 628 552 per
650 517 780 544 Petrum
799 515 1059 544 archidiaconum

427 566 622 594 Broliensem
639 565 908 595 c·xa1ninat11m‚in
926 564 1060 592 eeclesia

426 624 450 643 s.
479 614 660 642 Pharaildis
679 614 862 648 Gandensis,
882 613 1063 640 Tornacen-

427 665 469 691 sis
488 664 634 698 diocesis,
647 663 746 698 recipi
763 663 859 690 saciat
878 663 909 689 in
931 662 1061 689 canoni-

427 722 498 741 cum
541 713 666 740 mandat
705 712 871 739 scolastico
908 711 1059 738 ecclesiae

425 771 448 790 s.
470 761 562 790 Pauli
583 760 775 789 Leodiensis.

460 811 611 845 Episcopo
643 808 839 836 Ariminensi
868 807 995 834 mandat
1027 808 1082 838 ut!
1113 807 1187 840 4421
1220 805 1273 833 938

425 860 611 887 Malatestae
631 859 763 892 ejusque
782 857 858 884 filiis
876 856 1011 883 Johanni
1031 859 1061 883 et

424 909 522 936 Paulo
548 907 661 942 viginti
692 906 788 933 libras
825 906 864 932 ab
899 905 1060 940 aliquibus

425 957 628 985 monasteriis
657 959 687 982 et
713 956 854 982 ecclesiis
879 955 1059 989 provinciae

425 1005 624 1033 Romaniolae
645 1004 724 1031 solvi
747 1003 853 1031 faciat.
875 1003 941 1029 loco
959 1002 1062 1030 eccle-

424 1056 488 1082 siae
514 1062 537 1081 s.
564 1053 739 1080 Salvatoris
768 1051 918 1078 dominici
943 1051 1058 1086 Sepul—

424 1103 504 1137 cliri,
524 1102 736 1129 Ariminensis
751 1101 895 1128 diocesis.

458 1152 583 1178 Decano
597 1155 625 1178 et
640 1150 863 1178 archidiacono
880 1149 1059 1176 Leodiensi-
1075 1149 1080 1182 1
1118 1148 1165 1174 121
1185 1148 1189 1179 1
1207 1147 1273 1175 1138

1080 1106 1141 1125 tome
1157 1105 1185 1125 111

409 1200 480 1227 'bus
505 1200 632 1226 mandat
646 1202 693 1229 ut,
715 1200 805 1235 prius
831 1200 955 1226 cassata
977 1197 1058 1225 ordi-

424 1249 548 1277 natione
565 1257 582 1275 a
600 1248 758 1276 canonicis
775 1247 925 1276 ecclesiae
943 1256 967 1274 s.
987 1247 1058 1273 Cas-

426 1298 503 1324 toris
537 1298 569 1324 in
606 1297 805 1324 Continentia
842 1295 878 1322 de
917 1295 1058 1330 ejusdem

425 1346 576 1374 ecclesiae
599 1345 796 1381 praebendis,
819 1346 850 1372 in
876 1345 983 1372 eadem
1008 1352 1060 1371 ec-

421 1394 520 1422 clesia
545 1396 645 1430 recipi
673 1395 791 1421 faciant
811 1394 843 1420 in
873 1393 1058 1420 canonicum

424 1444 610 1478 magistrum
627 1443 835 1470 Bernardum.
1076 1448 1137 1467 tome
1153 1448 1184 1467 111

459 1493 576 1520 Jacobo
606 1493 703 1528 Petri,
725 1493 872 1519 canonico
907 1491 1057 1518 ecclesiae
1075 1492 1079 1523 1
1112 1491 1271 1524 37012237

423 1551 447 1570 s.
483 1541 637 1569 Johannis
669 1541 888 1576 Evangelistae
926 1539 1062 1573 Reatini,

424 1591 549 1618 mandat
575 1594 609 1618 ut
632 1598 649 1617 a
670 1591 863 1624 Beffltramo,
882 1589 998 1617 clerico
1013 1597 1059 1616 ec-

423 1639 536 1666 clesiae
573 1647 597 1666 S.
640 1639 783 1666 Liberati
824 1639 861 1665 de
897 1638 1059 1669 Balviano,

423 1689 572 1716 Reatinae
598 1688 743 1720 diocesis,
773 1687 926 1714 familiari
951 1686 1008 1719 M„
1033 1694 1057 1714 S.

424 1737 542 1764 Mariae
567 1737 599 1764 in
620 1737 748 1764 Porticu
773 1736 896 1764 diaconi
918 1735 1063 1763 cardina-

425 1787 474 1821 lis,
498 1787 710 1820 resignatione
739 1788 877 1820 recepta,
899 1785 1003 1812 locum
1029 1788 1058 1812 et

424 1836 611 1863 beneficium
653 1835 700 1862 sic
733 1837 891 1868 vacantes,
932 1834 1061 1860 obtentu

425 1885 562 1918 ejusdem
586 1883 766 1916 cardinalis,
784 1883 887 1910 Tadeo
905 1882 1056 1911 Mathaeiv

427 1933 541 1960 clerico
562 1932 705 1967 Reatino,
719 1932 872 1959 conferat.

460 1982 648 2013 Gottifredo,
671 1990 696 2008 s,
728 1980 854 2014 Georgii
880 1979 918 2006 ad
944 1979 1081 2011 Veluml
1115 1979 1187 2012 2071
1222 1979 1273 2006 435
1299 1983 1300 1991 ¹

426 2032 565 2058 Aureum
587 2029 718 2056 diacono
743 2029 910 2061 cardinali,
935 2036 1059 2055 correc-

427 2081 543 2108 tionem
561 2083 590 2107 ct
604 2078 862 2106 reformationem
876 2077 1059 2104 monasterii

425 2128 638 2158 sublacensis,
883 2125 1057 2154 Benedicti.

426 2177 607 2204 committit.

672 2127 792 2154 ordinis
825 2135 849 2153 s,

462 2226 615 2260 Magistro
631 2224 802 2252 Guillelino
821 2224 858 2251 de
875 2224 1057 2258 Matiscone,
1076 2224 1080 2254 Ι
1112 2223 1164 2250 440
1182 2224 1186 2253 Ι
1219 2223 1272 2249 925
1298 2259 1299 2264 1

427 2275 577 2302 canonico
624 2274 819 2308 Beli-acensi,
863 2276 893 2299 et
932 2272 1062 2299 officiali

426 2324 555 2357 majoris
587 2323 864 2350 archidiaconatus
897 2321 1058 2348 Remensis

426 2373 597 2400 committit
629 2371 846 2399 executionem
882 2370 1060 2398 collationis

426 2428 459 2448 n⁰
474 2422 528 2449 924
544 2421 696 2455 signatae.

462 2471 558 2499 Adae.

424 2519 647 2554 solymitanae,
690 2517 787 2552 priori
825 2517 992 2543 domorum
1029 2518 1060 2544 et

424 2568 630 2595 ecclesiarum
643 2566 680 2593 ad
694 2565 835 2593 eamdem
849 2565 1013 2592 ecclesiam
1028 2565 1059 2591 in

426 2624 522 2649 regno
545 2615 674 2643 Siciliae
690 2614 931 2650 pertinentium,
951 2613 1056 2648 capel-

427 2666 496 2692 lano
527 2664 707 2699 apostolico,
735 2663 802 2690 loco
834 2663 943 2689 fratris
966 2662 1059 2690 Guil-

427 2714 512 2741 lelmi
556 2713 611 2749 qui
653 2721 708 2748 pro
757 2712 868 2739 abbate
908 2711 1057 2739 ecclesiae

425 2772 449 2790 s.
469 2761 612 2798 Sepulcri
629 2761 665 2787 de
683 2760 940 2796 Aquapendente,
962 2759 1060 2787 Urbe-

426 2815 555 2840 vetanae
586 2811 730 2845 diocesis,
756 2809 792 2837 ad
823 2808 1059 2844 Jerosolyniita-

426 2868 497 2889 nam
516 2859 681 2887 ecclesiam
701 2858 900 2894 pertinentis,
918 2866 949 2885 se
969 2864 1058 2891 gere-

595 2469 744 2496 canonico
783 2467 933 2495 ecclesiae
973 2467 1078 2500 Jero-l
1111 2466 1186 2499 4411
1218 2467 1271 2493 9:29
1298 2500 1299 2504 Ἰ

1352 515 1418 541 1263

1330 572 1399 590 nov.
1419 566 1446 590 7.

1365 720 1378 734 ))

1365 916 1377 929 ))

1365 1304 1377 1317 1)

1363 1499 1376 1512 ))

1364 2478 1376 2490 b)

1363 2864 1376 2879 ὶὶ

1442 721 1454 733 11

1440 916 1453 929 i)

1435 1304 1448 1317 ))

1439 2086 1451 2100 ι)

1431 2858 1458 2882 9.

1496 516 1612 542 nrt-icto.

2284 274 2360 300 Pasas.
2391 274 2502 295 sunem.

1650 320 1737 353 bata
1752 320 1826 347 licet
1838 324 1929 353 esset,
1942 324 2069 356 propter
2083 322 2151 356 ejus
2164 321 2290 350 diversa

1650 369 1799 404 crimina,
1828 370 2060 398 sententialiter
2092 373 2217 398 amotus
2250 371 2288 399 ab

1652 417 1741 445 illius
1765 418 1919 452 regimine
1939 429 1963 450 »,
1979 419 2117 451 ejusdem
2137 419 2290 448 ecclesiae

1650 467 1958 494 administrationem
1977 467 2159 496 committit.

1690 514 1844 549 Magistro
1879 515 2036 543 scolarum
2077 516 2305 550 Antiocheno‚l
2336 517 2412 550 4411
2445 517 2501 546 930

1652 563 1814 598 capellano
1829 565 2013 599 apostolico,
2025 568 2056 591 et
2071 564 2289 601 archipresby-

1652 616 1719 639 tero
1744 613 1942 640 Urbevetano
1975 614 2150 640 committit
2175 622 2285 641 execu-

1651 661 1768 689 tionem
1785 661 1903 696 negotii
1920 662 2073 696 praedict.
2304 670 2366 690 tome
2383 669 2415 690 111

1685 709 1811 737 Decano
1834 710 1985 739 ecclesiae
2006 711 2043 737 de
2069 711 2160 738 Polet
2179 714 2210 738 et
2230 712 2303 744 ξιτ-1
2338 711 2499 745 36412206

1649 757 1838 786 chidiacono
1868 759 2073 787 Macloviensi
2098 760 2226 787 mandat
2252 762 2289 788 ut

1649 808 1817 836 ecclesiam
1845 808 1881 835 de
1905 809 2040 841 Trecon.
2064 809 2288 836 Macloviensis

1648 857 1795 889 diocesis,
1809 865 1959 892 personae
1972 857 2100 885 idoneae
2113 857 2288 886 conferant.
2307 864 2369 885 tome
2379 864 2413 884 111

1687 906 1841 939 Magistro
1877 906 2024 933 Mathaeo
2059 907 2096 934 de
2133 906 2308 942 Rupibus,l
2340 906 2501 941 36412207

1647 955 1797 982 canonico
1815 954 1966 982 ecclesiae
1985 963 2010 982 s.
2037 954 2157 982 Mariae
2175 955 2212 982 de
2229 956 2287 983 Sa-

1647 1003 1686 1030 lis
1721 1003 1944 1038 Bituricensis,
1976 1003 2103 1031 obtentu
2139 1003 2286 1039 magistri

1649 1052 1734 1079 Petri
1762 1052 1943 1087 Bonaediei‚
1974 1052 2130 1087 capellani
2165 1056 2286 1088 aposto-

1650 1101 1715 1135 lici,
1737 1101 1902 1128 ecclesiam
1928 1101 1965 1128 de
1991 1101 2114 1137 Tufeio,
2137 1102 2287 1130 Cenoma-

1647 1150 1753 1176 nensis
1779 1149 1926 1182 diocesis,
1947 1153 2111 1178 vacantem
2136 1150 2218 1185 apud
2236 1159 2286 1178 se—

1647 1198 1717 1225 dem
1769 1198 1975 1233 apostolicam
2036 1207 2092 1235 per
2150 1203 2282 1227 mortem

1648 1246 1803 1274 Johannis
1816 1247 1853 1273 de
1869 1247 2025 1281 Cortagis,
2044 1248 2176 1276 confert.
2307 1255 2368 1275 tome
2383 1254 2414 1274 111

1683 1294 1850 1322 Cantorem
1891 1296 2041 1324 ecclesiae
2085 1305 2109 1324 s.
2155 1297 2305 1329 Georgii!
2339 1296 2500 1331 36412208

1647 1343 1900 1379 vindocinensis,
1921 1345 2122 1372 Carnotensis
2140 1345 2284 1380 diocesis,

1648 1393 1830 1428 praedictae
1872 1393 2051 1421 collationis
2083 1396 2284 1422 executorem

1648 1441 1791 1476 deputat.

1682 1491 1836 1526 Episcopo
1853 1491 2071 1526 Magalonensi
2091 1490 2221 1518 mandat
2243 1493 2301 1525 ut}
2338 1491 2413 1524 2221
2446 1491 2499 1520 458

1647 1541 1801 1574 quasdam
1822 1540 2029 1575 pecuniarum
2052 1548 2196 1568 summas
2225 1539 2288 1567 Bo·
2447 1541 2500 1576 [vu

1647 1593 1842 1617 naventurae
1876 1589 2080 1623 Bernardini,
2114 1589 2285 1617 Francisco

1647 1637 1754 1670 Guidi‚
1771 1638 1861 1665 Fatio
1877 1638 2024 1670 Junctae,
2041 1638 2201 1673 Hugolino
2216 1637 2288 1665 Bel-

1647 1687 1773 1721 monfis,
1794 1686 1981 1719 Bonsignori
2005 1687 2153 1721 Raynerii
2171 1690 2202 1714 et
2222 1687 2287 1714 Το-

1649 1735 1747 1762 lomeo
1767 1735 1927 1763 Manentis
1955 1740 1984 1763 et
2008 1735 2081 1762 aliis
2103 1743 2213 1763 eorum
2237 1743 2285 1763 so-

1647 1785 1716 1818 ciis,
1733 1784 1857 1812 civibus
1875 1787 1905 1811 et
1919 1783 2151 1812 mercatoribus
2171 1786 2284 1813 Senen-
2306 1777 2310 1780 ⁵

1645 1834 1744 1862 sibus.
1772 1833 1923 1860 ecclesiae
1961 1833 2120 1862 Romanae
2155 1833 2288 1862 devotis.

1645 1882 1768 1910 debitas
1785 1882 1824 1909 ab
1844 1881 2079 1916 archiepiscopo
2095 1881 2236 1917 Aquensi
2251 1885 2281 1909 et

1646 1931 1808 1959 nonnullis
1836 1931 2046 1965 suffraganeis
2077 1931 2145 1962 eius
2168 1937 2287 1957 necnon

1647 1983 1677 2006 et
1695 1979 1768 2007 aliis
1787 1978 2014 2006 ecclesiasticis
2031 1977 2160 2005 laicisve
2180 1986 2285 2014 perso·

1648 2028 1707 2062 nis,
1724 2027 1860 2062 persolvi
1878 2027 1984 2054 faciat.

1681 2075 1791 2102 Simile
1810 2075 1991 2102 mandatum
2013 2075 2116 2102 eidem
2137 2075 2282 2111 episcopo
2300 2075 2306 2108 1
2337 2075 2411 2108 2221
2442 2075 2498 2104 458

1645 2125 1675 2151 in
1694 2124 1859 2160 provincia
1876 2124 2042 2152 Januensi.
2433 2124 2499 2157 [vm

1682 2173 1723 2200 Ut
1739 2173 1920 2207 Rogerium,
1943 2176 2054 2205 natum
2072 2173 2226 2201 Guidonis
2246 2173 2284 2200 de
2301 2175 2306 2206 Ι
2338 2173 2391 2201 440
2407 2174 2413 2206 Ι
2443 2173 2498 2203 9&

1650 2223 1768 2256 (tumis,
1785 2222 1972 2257 professoris
1983 2223 2066 2256 juris
2083 2222 2200 2254 civilis,
2214 2230 2284 2250 con-

1649 2271 1841 2298 sideratione
1865 2271 2005 2305 ejusdem
2033 2271 2232 2306 professoris,
2250 2271 2282 2298 in

1647 2320 1781 2348 ecclesia
1810 2319 2003 2347 Vercellensi
2034 2320 2065 2346 in
2097 2319 2282 2347 canonicum

1647 2369 1747 2404 recipi
1771 2369 1866 2396 faciat
1887 2369 1941 2394 dat
1963 2369 2147 2396 mandatum
2175 2368 2282 2395 abbati

1648 2415 1871 2444 monasteriis.
1893 2415 2036 2442 Andreae
2059 2415 2279 2443 Vercellensis.
2299 2422 2360 2442 tome
2374 2421 2406 2442 111

1683 2464 1797 2492 Abbati
1829 2464 2014 2492 monasterii
2047 2472 2070 2491 ς.
2106 2464 2300 2498 Augustini!
2332 2463 2493 2499 38612337

1645 2513 1886 2541 Cantuariensis
1909 2517 1940 2540 et
1964 2513 2062 2548 priori
2083 2521 2108 2540 s.
2137 2512 2280 2541 Andreae

1643 2563 1794 2590 Rofl'ensis
1818 2551 1945 2589 mandat
1972 2566 2006 2590 ut
2037 2561 2121 2589 Adae
2141 2562 2178 2589 de
2200 2562 2279 2589 Can-

1643 2613 1749 2639 tuaria
1767 2612 1803 2638 de
1825 2612 1936 2646 aliqua
1952 2611 2204 2646 praebendarum
2223 2612 2279 2638 mi-

1644 2668 1754 2688 norum
1778 2661 1808 2687 in
1833 2659 1966 2687 ecelesia
1993 2669 2019 2687 s.
2044 2659 2137 2686 Pauli
2160 2660 2280 2687 Londo-

1647 2710 1773 2737 niensis.
1805 2709 1841 2735 ad
1873 2708 2073 2736 collationem
2105 2707 2215 2735 decani
2251 2711 2280 2735 et

1641 2757 1773 2793 capituli
1805 2757 1944 2791 ejusdem
1966 2756 2117 2784 ecclesiae
2139 2760 2279 2792 spectan-

1643 2807 1735 2834 tium.
1751 2805 1937 2842 provideant

1685 2854 1940 2889 Privilegiumde
1952 2854 2194 2890 participatione
2206 2854 2299 2888 cum!
2331 2853 2407 2886 2¹01
2438 2853 2492 2883 ⁴⁴6
