2519 3262
180 209 218 239 82
928 202 1169 233 lilisilssREs

180 310 228 321 ——.
250 293 371 322 Datum
385 290 473 329 apud
489 289 809 323 ῐ0711191111·9191·9111,11
821 287 983 317 kalendas
994 285 1083 325 julii,
1102 294 1188 316 anno

179 345 292 375 tertio.
316 353 331 373 11

771 498 896 530 Orvieto,
918 499 948 526 18
962 498 1023 533 juin
1041 497 1117 524 leot.

274 503 368 534 1090

220 577 398 605 Sententiam
430 576 612 603 dil'tinitivam
643 585 658 601 a
686 577 727 605 (1.,
751 575 827 602 1111111
856 583 879 601 s.
912 574 996 600 Marci
1024 573 1190 608 presbytero

183 626 333 658 cardinali,
349 626 455 652 editam
470 625 497 651 in
511 623 707 651 controversia
723 626 818 650 exorta
835 622 910 650 inter
928 622 1136 649 monasterium
1157 622 1190 647 (19
1222 635 1223 641 1

184 676 365 709 Villuntagna
392 676 417 700 ct
445 674 605 700 Conraduni
637 674 671 699 (19
701 672 842 703 sculcula,
859 672 1020 699 coufirmat.
1044 671 1124 705 tREG.
1146 671 1190 703 zu,
1222 685 1223 692 1

185 725 232 751 sol.
249 725 282 751 [11)
301 729 336 754 10,
355 728 383 749 ¹1⁰
402 723 472 756 139.)

225 834 237 851 «
260 823 372 852 Abbati
392 827 420 851 et
447 821 607 851 conventui
624 820 799 850 monasterii
816 819 914 849 sancti
934 819 1019 848 Petri
1041 818 1077 848 [Ie
1102 817 1193 847 Villa-

185 886 305 916 maqnn,
318 875 435 905 ordinis
445 875 543 905 sancti
559 874 726 910 Benedicti,
742 873 904 913 Anaqnine
918 872 1053 902 diocesis.
1069 872 1192 910 anue

179 929 306 968 judicio
322 929 372 958 vcl
389 928 578 963 concordia,
592 929 667 961 etc.,
685 935 791 965 usque
804 925 1017 956 communiri.
1034 924 1194 955 Exhibita

184 983 352 1021 siqnidem
378 981 475 1011 nobis
498 983 611 1011 vestra
634 981 749 1019 petitio
775 979 966 1010 continebat
989 979 1089 1017 quod,
1118 985 1193 1007 cuin

184 1036 310 1066 dudum
324 1035 410 1065 inter
425 1030 593 1073 quondam
610 1033 808 1069 Johannem,
823 1032 976 1062 abbatem
995 1030 1193 1061 monasterii

185 1082 1099 1125 vesti-anamiimipsius<monasteriaetnobilemvirum
1111 1083 1194 1113 Con·
1223 1114 1224 1125 ¹

185 1141 302 1171 radum
326 1141 365 1171 de
384 1140 551 1176 Sculcula,
575 1139 751 1178 Anagnino
771 1138 928 1171 diocesis,
949 1146 1060 1168 coram
1084 1136 1194 1166 felicis
1224 1160 1225 1164 ,

186 1193 427 1224 recordationis
453 1193 650 1223 Innocentio
672 1201 756 1231 papa
773 1192 849 1227 1111,
867 1191 1104 1230 predecessore
1121 1198 1195 1219 nos-

185 1250 246 1282 tro,
275 1255 375 1286 super
397 1246 599 1285 quibusdam
624 1246 725 1276 terris
750 1245 788 1274 ad
812 1244 1057 1274 monasterium
1083 1243 1195 1281 ipsum

186 1299 428 1339 spectantibus,
459 1299 591 1338 questio
624 1300 824 1334 verteretur,
861 1297 1079 1336 predecessor
1109 1296 1194 1334 ipse.

186 1355 364 1392 postquam
392 1353 463 1383 litis
483 1352 683 1382 contestatio
708 1352 793 1381 facta
817 1351 929 1381 extitit
947 1358 1059 1380 coram
1077 1358 1128 1385 eo,
1148 1349 1196 1378 di-

186 1407 308 1437 lectum
335 1406 443 1435 111111111
469 1406 620 1435 nostrum
645 1405 698 1439 O.,
723 1404 829 1434 sancti
852 1403 992 1433 Adriani
1018 1402 1197 1432 diaconum

187 1459 403 1494 cardinalem,
427 1458 517 1488 dedit
538 1458 571 1487 in
587 1466 687 1487 causa
712 1457 905 1495 hujusmodi
926 1455 1079 1494 partibus
1105 1454 1198 1484 audi-
1227 1472 1229 1492 ⁴,

186 1513 306 1542 torem.
326 1512 401 1548 Qui,
426 1511 568 1550 cognitis
587 1511 697 1549 ipsius
718 1518 817 1540 cause
844 1509 975 1539 meritis
994 1510 1025 1538 et
1040 1508 1128 1546 juris
1147 1516 1196 1537 or-

188 1565 264 1595 dine
281 1565 468 1599 observato,
491 1572 618 1594 necnon
636 1562 913 1602 procuratoribus
934 1562 1111 1600 utriusque
1128 1569 1200 1599 par-

186 1618 232 1649 tis
250 1617 476 1657 presentibus,
501 1617 588 1647 dicto
607 1625 739 1655 quoque
757 1615 862 1646 nobili
889 1624 950 1654 pro
972 1615 1117 1654 quadam
1139 1622 1200 1644 sua

188 1671 399 1702 contumacia
413 1671 446 1700 in
463 1671 596 1701 centum
612 1670 732 1699 solidis
750 1669 1006 1708 provesinorum
1019 1668 1103 1707 parti
1119 1667 1199 1697 dicti

190 1724 398 1760 monasterii,
422 1724 576 1763 exigente
601 1723 746 1762 justitia,
771 1723 1026 1760 condempnato‚
1047 1720 1201 1750 diffiniti·
1230 1738 1231 1752 1

189 1786 264 1807 vam
284 1786 343 1816 pro
357 1777 444 1807 dicto
459 1776 665 1807 monasterio
683 1775 885 1806 sententiam
904 1774 1142 1814 promulgavit.
1159 1773 1202 1803 Et

189 1831 268 1861 licet
286 1830 373 1860 idem
392 1830 517 1860 nobilis
541 1829 730 1868 appellasse
747 1838 764 1859 a
785 1829 873 1859 dicta
894 1828 1061 1858 sententia
1077 1827 1201 1857 dicere-

192 1885 256 1919 tur,
271 1883 350 1921 quia
362 1885 474 1913 tamen
486 1882 747 1921 appellationem
759 1890 866 1918 suam,
879 1890 953 1911 cum
966 1880 1124 1920 potuerit,
1136 1888 1201 1909 000

193 1934 1025 1974 11111101101910111151931110111101110599111115,(11910
1038 1934 1068 1963 J.
1083 1932 1201 1963 abbate

192 1989 282 2018 viam
308 1989 465 2018 universe
483 1987 594 2018 carnis
618 1988 783 2026 ingresso,
803 1996 863 2017 nos
882 1987 1030 2022 demum,
1051 1986 1091 2016 ad
1108 1987 1201 2016 tuam

1203 201 1418 231 D’URBAIN
1451 201 1508 230 lv.

192 2039 1201 2078 instantiani,ss1iabbas‚dilectofili0nostroG.‚titulisancti
1231 2040 1233 2080 J

1231 2085 1232 2106 1
1261 2098 1344 2128 pora
1368 2090 1575 2128 expectatus,
1600 2088 1694 2119 Unde
1716 2088 1868 2127 prefatus
1893 2087 1998 2117 abbas
2019 2097 2037 2118 a
2060 2088 2276 2118 sanctissimo

1231 2137 1232 2146 ³
1261 2144 1356 2182 patre
1378 2142 1514 2172 domino
1542 2141 1678 2171 I'rbano
1708 2149 1794 2180 papa
1812 2143 1931 2180 quarto
1950 2140 2060 2175 nobis,
2078 2140 2274 2178 Guillelnio,

195 2095 295 2125 Marci
310 2094 508 2134 presbytero
525 2093 700 2128 cardinali,
716 2093 948 2124 executionem
963 2093 1111 2131 predicte
1126 2101 1201 2122 sen-

190 2148 294 2178 tentie
323 2147 483 2177 duximus
510 2146 798 2176 committendam.
830 2145 988 2176 Partibus
1013 2145 1115 2184 igitur
1142 2153 1201 2184 per

190 2202 424 2240 procuratores
448 2200 599 2239 ydoneos
617 2208 727 2230 coram
746 2208 784 2230 eo
802 2199 975 2237 injudicio
994 2199 1199 2235 constitutis,

191 2254 278 2284 idem
294 2253 472 2292 presbyter
487 2253 681 2289 cardinalis,
695 2252 819 2283 auditis
837 2252 912 2282 binc
928 2253 1003 2282 inde
1017 2252 1201 2291 propositis

191 2308 222 2337 et
246 2307 334 2345 juris
361 2306 476 2336 ordme
503 2306 691 2341 observato,
714 2306 862 2336 decrevit
880 2305 1108 2344 supradictam
1127 2314 1200 2335 590-

189 2360 330 2390 tentiam
355 2360 546 2390 executioni
568 2359 638 2390 sore
658 2359 882 2390 mandandam
907 2368 941 2389 ac
968 2359 1107 2389 eandem
1128 2367 1200 2389 590-

189 2413 330 2443 tentiam
344 2413 551 2452 exequendo,
569 2414 718 2452 precepit
741 2414 841 2452 atque
858 2413 1031 2442 mandavit
1048 2421 1203 2451 procura-

189 2467 254 2496 tori
286 2466 411 2496 nobilis
445 2468 637 2502 memorati,
670 2466 768 2505 eique
801 2474 860 2505 per
888 2466 1016 2505 ipsum,
1046 2468 1082 2496 ut
1113 2466 1202 2495 idem

190 2519 315 2549 nobilis
348 2519 495 2558 predicte
528 2519 694 2550 sententie
725 2519 823 2558 plene
853 2520 981 2558 pareat,
1015 2520 1047 2549 et
1074 2527 1133 2557 per
1167 2527 1202 2548 se

190 2572 242 2601 vel
268 2580 327 2610 per
345 2572 448 2601 alium
472 2574 527 2602 aut
549 2573 555 2591 ¹
580 2572 665 2602 alios
691 2581 751 2602 vos
773 2573 830 2602 aut
851 2580 1081 2611 quoscumque
1102 2571 1200 2606 alios,

191 2626 302 2654 vestro
327 2625 473 2659 nomine,
494 2633 596 2664 super
623 2625 722 2655 dictis
748 2625 849 2655 terris
872 2633 937 2655 non
964 2624 1126 2663 impediat
1148 2623 1201 2655 vel

190 2677 344 2707 molestet
357 2679 386 2708 et
401 2678 501 2716 quod,
511 2678 598 2708 int'ra
612 2679 713 2708 unius
723 2679 852 2708 mensis
864 2678 1010 2717 spatium
1022 2680 1200 2717 postquam

1250 285 1378 314 solidos
1395 284 1429 314 in
1445 283 1568 322 quibus
1587 283 1658 321 ipse
1675 292 1733 321 per
1748 282 1979 321 supradictum
1996 282 2175 312 diaconum
2193 290 2262 311 car-

1249 337 1397 368 dinalem
1415 336 1526 367 extitit
1549 336 1826 374 condempnatus,
1846 344 1883 365 ao
1906 335 2006 365 etiam
2026 337 2150 365 certam
2169 334 2262 364 bladi

1214 411 1221 420 1
1250 390 1407 421 exhibeat
1421 389 1655 428 quantitatem.
1670 388 1827 419 Decrevit
1837 396 1970 427 quoque
1985 388 2071 418 idem
2086 387 2264 426 presbyter

1251 443 1433 474 cardinalis
1451 443 1491 472 ad
1508 442 1580 478 hoc,
1601 442 1629 471 si
1650 450 1734 480 opus
1752 441 1864 476 fuerit,
1883 441 2107 471 invocandum
2127 443 2156 470 et
2176 449 2264 470 90111-

1250 496 1443 536 pellendum
1467 495 1537 525 fore
1562 495 1731 524 auxilium
1757 493 1886 524 brachii
1913 494 2087 524 secularis.
2110 495 2205 531 prout
2231 493 2265 522 in

1250 549 1384 588 publico
1404 549 1630 578 instrumento
1649 547 1800 578 consecto
1824 547 1946 577 exinde
1966 556 2002 576 ac
2021 546 2134 585 sigillo
2156 547 2265 585 ipsius

1251 602 1443 642 presbyteri
1462 601 1645 631 cardinalis
1662 600 1824 639 sigillato,
1836 600 1971 639 plenius
1981 599 2266 629 c0n1111et1112x0s

1253 657 1378 695 itaque,
1398 655 1523 685 vestris
1539 653 1850 693 5111111119111100111115
1866 653 2030 688 inclinati,
2048 652 2135 692 quod
2155 652 2195 682 ab
2212 660 2267 682 eo—

1253 710 1328 740 dem
1348 707 1549 748 presbytero
1569 707 1731 737 cardinali
1761 715 1864 746 super
1888 707 2034 740 decreto,
2053 706 2210 736 mandato
2234 706 2268 736 et

1222 797 1223 800 Ἰ
1253 763 1408 802 precepto
1432 761 1643 791 executionis
1665 760 1860 799 hujusmodi
1881 760 2005 789 sactum
2026 761 2088 794 951,
2109 762 2218 788 ratum
2235 760 2267 789 et

1253 816 1388 846 firmum
1414 814 1586 849 habentes,
1608 814 1640 843 id
1666 813 1864 843 auctoritate
1882 812 2067 851 apostolica
2092 814 2268 842 contirma-

1253 877 1329 899 mus
1346 869 1377 898 et
1393 867 1562 906 presentis
1581 867 1698 905 scripti
1716 867 1903 905 patrocinio
1923 866 2184 896 communimus.

1293 922 1457 952 Tenorem
1477 922 1588 950 autem
1599 920 1710 959 ipsius
1727 919 1944 949 instrumenti
1960 919 2000 949 de
2017 918 2118 948 verbo
2137 918 2178 947 ad
2197 926 2271 948 ver-

1253 975 1333 1005 bum
1350 974 1566 1013 presentibus
1583 973 1725 1003 fecimus
1742 973 1908 1008 annotari,
1928 972 1983 1011 (1111
2003 971 2082 1001 111115
2097 973 2145 1001 est
2167 982 2172 1000 ε

1294 1038 1309 1057 1(
1333 1028 1370 1057 10
1389 1028 1523 1057 nomine.
1537 1027 1687 1059 Domini,
1709 1035 1818 1056 amen.
1833 1026 1959 1056 Exorta
1974 1025 2100 1055 (111(111111
2115 1025 2202 1054 inter
2220 1032 2268 1054 re-

1254 1081 1416 1119 ligiosum
1439 1080 1562 1114 virum,
1581 1079 1735 1109 abbatem
1755 1079 1954 1109 monasterii
1980 1078 2085 1108 sanvti
2114 1077 2205 1108 l‘etri
2229 1077 2269 1107 de

1254 1134 1481 1172 Villamagna.
1501 1133 1677 1172 Anagniae
1703 1132 1860 1167 (11099515,
1881 1132 2016 1162 nomine
2036 1131 2115 1161 dicti
2139 1138 2272 1161 monas-

1255 1187 1343 1223 terii,
1357 1195 1398 1217 ex
1414 1188 1508 1225 parte
1525 1195 1601 1220 una,
1613 1188 1641 1215 et
1659 1185 1806 1215 nobilem
1824 1184 2131 1220 virura,‹tomimnn
2146 1184 2269 1213 Conra-

1256 1240 1336 1270 dum
1345 1240 1385 1270 de
1395 1240 1563 1277 Sculcula,
1576 1239 1882 1274 dictesliocesismx
1900 1238 2016 1274 altera,
2029 1246 2140 1267 coram
2160 1237 2270 1267 felicis

1256 1293 1501 1324 recordationis
1522 1293 1659 1322 domino
1686 1292 1883 1322 Innocentio
1912 1300 1998 1330 papa
2028 1293 2146 1329 quarto
2169 1298 2271 1328 super

1257 1346 1458 1385 quibusdam
1483 1346 1585 1375 terris
1614 1345 1802 1384 designatis
1828 1345 1900 1374 suis
1926 1344 2050 1374 tinibus
2079 1343 2269 1382 questione,

1258 1400 1347 1429 idem
1365 1399 1524 1429 dominus
1547 1407 1644 1437 papa,
1666 1398 1725 1428 lite
1754 1407 1866 1427 corani
1896 1406 1934 1427 eo
1962 1397 2112 1435 legitime
2141 1398 2272 1426 9011195-

1258 1454 1336 1487 tata,
1349 1452 1483 1482 tandem
1496 1452 1635 1481 eandem
1647 1450 1832 1481 venerabili
1851 1451 1939 1489 patri
1949 1450 2086 1480 domino
2100 1450 2152 1485 0„
2165 1449 2273 1480 saneti

1258 1505 1401 1535 Adriani
1414 1505 1555 1535 diacono
1568 1505 1743 1536 cardinali.
1756 1504 1927 1534 commisit
1946 1503 2010 1533 fine
2027 1503 2140 1533 debito
2155 1503 2271 1533 termi-

1259 1558 1416 1588 nandam⁴
1434 1558 1525 1588 Idem
1541 1566 1620 1587 vero
1636 1557 1831 1592 cardinalis,
1846 1557 1908 1587 rite
1930 1557 1962 1586 in
1981 1565 2082 1586 causa
2108 1557 2180 1595 ipsa
2198 1564 2274 1595 pro-

1261 1611 1394 1647 cedens,
1416 1611 1532 1641 eodem
1551 1611 1656 1641 nobili
1678 1611 1711 1641 in
1735 1613 1867 1641 centum
1887 1610 2007 1640 solidis
2024 1610 2194 1648 provesin.
2213 1617 2273 1648 pro

1261 1665 1471 1695 contumacia
1487 1673 1527 1695 ex
1549 1666 1643 1703 parte
1665 1673 1726 1694 sua
1743 1664 1937 1698 commissa,
1958 1664 2114 1702 exigente
2125 1662 2273 1701 justitia,

1261 1718 1518 1756 condempnato‚
1546 1717 1690 1756 cognitis
1714 1726 1812 1748 cause
1842 1717 1975 1747 meritis
1999 1718 2030 1746 et
2053 1716 2141 1755 juris
2157 1715 2274 1746 ordine

1262 1770 1452 1805 observato,
1472 1771 1689 1801 diffinitivam
1709 1779 1769 1809 pro
1796 1771 1885 1800 dicto
1901 1769 2033 1806 abbate,
2051 1769 2186 1800 nomine
2204 1777 2275 1799 rno-

1262 1824 1402 1854 nasterii
1419 1824 1609 1859 memorati,
1622 1826 1737 1854 contra
1756 1824 1867 1862 ipsum
1882 1823 2274 1862 nobilem,procurat0re

1263 1885 1323 1907 suo
1350 1879 1518 1916 presente,
1538 1877 1741 1907 sententiam
1769 1877 2010 1918 promulgavit.
2038 1877 2077 1906 Et
2105 1884 2180 1906 cum
2199 1883 2274 1914 pre-

1263 1930 1353 1960 fatus
1384 1930 1510 1960 nobilis
1535 1930 1704 1960 diceretur
1729 1929 1770 1959 ab
1797 1929 1993 1968 hujusmodi
2022 1929 2188 1959 sententia
2220 1937 2275 1967 ap-

1262 1983 1421 2021 pellasse,
1445 1982 1707 2021 appellationem
1735 1984 1848 2012 tamen
1876 1982 1985 2021 ipsam
2015 1981 2175 2020 prosequi
2208 1989 2274 2011 non

1263 2036 1404 2069 curavit,
1422 2035 1579 2074 quamvis
1598 2035 1789 2065 facultatem
1809 2034 1974 2066 habuerit.
1994 2043 2054 2073 per
2071 2034 2276 2065 1001101901-

1261 2196 1352 2227 titnli
1371 2195 1477 2225 sancti
1496 2194 1600 2225 Marci
1620 2194 1817 2233 presbytero
1836 2194 2012 2229 cardinali,
2029 2193 2183 2224 mandari
2200 2197 2205 2215 ¹
2221 2193 2278 2224 ob—

1262 2249 1362 2280 tinuit
1381 2251 1417 2279 ut
1445 2249 1585 2279 candem
1611 2247 1814 2278 sententiam
1842 2247 2035 2277 executioni
2053 2246 2164 2277 debite
2185 2255 2278 2277 man—

1263 2303 1432 2332 daremus.
1460 2301 1620 2331 Partibus
1645 2301 1747 2339 igitur
1770 2309 1830 2339 per
1860 2303 2097 2339 procuratores
2125 2300 2277 2339 ydoneos

1263 2364 1375 2386 coram
1403 2354 1501 2385 nobis
1532 2355 1565 2384 in
1588 2354 1715 2393 J'udicio
1736 2354 1945 2389 900511111115,
1973 2355 2171 2393 procurator
2194 2353 2275 2384 dicti

1264 2409 1461 2439 monasterii
1481 2408 1678 2446 petitionem
1696 2416 1791 2437 suam
1812 2407 1915 2438 edidit
1936 2407 1999 2438 sub
2019 2407 2078 2437 hac
2101 2407 2207 2437 forma
2228 2417 2234 2436 :

1304 2473 1318 2490 ι(
1341 2462 1429 2492 Petit
1452 2462 1679 2492 'thomasinus
1706 2461 1829 2499 Spada.
1851 2463 2047 2499 procurator
2075 2459 2275 2490 monasterii

1266 2526 1279 2543 11
1300 2515 1523 2553 Villcmagne,
1541 2514 1670 2544 ordinis
1690 2514 1796 2544 sancti
1814 2514 1997 2549 Benedicti,
2012 2514 2188 2552 Anagniae
2205 2513 2276 2543 dio-

1265 2569 1397 2602 1199515,
1424 2578 1441 2598 a
1467 2567 1574 2598 vobis.
1603 2567 1787 2598 venerabili
1810 2570 1916 2606 patre.
1939 2567 2074 2597 domino
2100 2568 2153 2599 G..
2180 2565 2276 2597 tituli

1265 2632 1279 2649 11
1297 2622 1402 2652 sancti
1419 2621 1522 2652 Marci
1542 2621 1741 2660 presbytero
1755 2620 1930 2651 cardinali.
1950 2620 2104 2659 partibus
2122 2619 2276 2650 auditore

1264 2686 1278 2703 11
1297 2683 1467 2707 concesso.
1483 2677 1516 2704 ut
1534 2674 1747 2713 compellatis
1762 2676 1792 2704 et
1809 2682 1950 2703 censura
1966 2673 2196 2704 ecclesiastica
2207 2672 2276 2703 dis-

191 2731 231 2760 ad
256 2739 332 2760 enm
358 2730 550 2768 hujusmodi
578 2732 773 2762 mandatum
794 2731 985 2770 pervenerit
1008 2732 1039 2762 et
1066 2739 1200 2770 precep-
1230 2765 1232 2779 Ι
1264 2740 1277 2753 a
1297 2728 1455 2766 tringatis
1477 2728 1675 2758 auctoritate
1703 2727 1889 2766 apostolica
1908 2726 2055 2757 nobilem
2075 2726 2197 2757 virum.
2217 2725 2275 2756 do·

189 2784 274 2820 tum,
292 2783 387 2813 vobis
410 2783 460 2813 vel
479 2785 688 2822 procuratori
707 2787 820 2815 vestro
838 2784 1050 2823 supradictos
1065 2785 1199 2814 centum

223 2899 243 2922 1.
266 2898 301 2922 Le
319 2905 368 2922 ms.
389 2898 482 2929 repete
500 2905 551 2929 par
568 2905 668 2923 err-:ur
684 2900 740 2923 (iul.

1263 2781 1428 2811 uminum
1455 2781 1646 2811 Conradum
1679 2781 1719 2811 de
1751 2780 1919 2816 Sculcula,
1947 2788 1987 2810 ne
2018 2779 2179 2818 impediat
2213 2786 2273 2809 neo

1295 2899 1314 2921 1.
1333 2898 1369 2922 Le
1389 2899 1443 2921 mot
1461 2897 1586 2921 mandari
1604 2899 1646 2921 est
1661 2895 1764 2927 repete.
