<?xml version="1.0" encoding="UTF-8"?>
<!DOCTYPE html PUBLIC "-//W3C//DTD XHTML 1.0 Transitional//EN"
    "http://www.w3.org/TR/xhtml1/DTD/xhtml1-transitional.dtd">
<html xmlns="http://www.w3.org/1999/xhtml" xml:lang="en" lang="en">
 <head>
  <title>
</title>
<meta http-equiv="Content-Type" content="text/html;charset=utf-8" />
  <meta name='ocr-system' content='tesseract 3.04.00' />
  <meta name='ocr-capabilities' content='ocr_page ocr_carea ocr_par ocr_line ocrx_word'/>
</head>
<body>
  <div class='ocr_page' id='page_1' title='image "./lesregistresdurb34cath/lesregistresdurb34cath_0163.png"; bbox 0 0 2519 3262; ppageno 0'>
   <div class='ocr_carea' id='block_1_1' title="bbox 1082 215 2333 263">
    <p class='ocr_par' dir='ltr' id='par_1_1' title="bbox 1082 215 2333 263">
     <span class='ocr_line' id='line_1_1' title="bbox 1082 215 2333 263; baseline 0.006 -9"><span class='ocrx_word' id='word_1_1' title='bbox 1082 215 1321 255; x_wconf 76' lang='lat' dir='ltr'>TROISIEME</span> <span class='ocrx_word' id='word_1_2' title='bbox 1347 216 1510 254; x_wconf 79' lang='lat' dir='ltr'>ANNEE.</span> <span class='ocrx_word' id='word_1_3' title='bbox 2279 235 2333 263; x_wconf 81' lang='lat'>131</span> 
     </span>
    </p>
   </div>
   <div class='ocr_carea' id='block_1_2' title="bbox 252 306 1265 450">
    <p class='ocr_par' dir='ltr' id='par_1_2' title="bbox 252 306 1265 450">
     <span class='ocr_line' id='line_1_2' title="bbox 254 306 1265 346; baseline -0.002 -8"><span class='ocrx_word' id='word_1_4' title='bbox 254 307 339 338; x_wconf 87' lang='lat' dir='ltr'>mini</span> <span class='ocrx_word' id='word_1_5' title='bbox 365 316 428 346; x_wconf 87' lang='lat' dir='ltr'>que</span> <span class='ocrx_word' id='word_1_6' title='bbox 454 307 551 338; x_wconf 84' lang='lat' dir='ltr'>vobis</span> <span class='ocrx_word' id='word_1_7' title='bbox 575 316 594 338; x_wconf 87' lang='lat' dir='ltr'>a</span> <span class='ocrx_word' id='word_1_8' title='bbox 620 308 697 338; x_wconf 87' lang='lat' dir='ltr'>sede</span> <span class='ocrx_word' id='word_1_9' title='bbox 725 308 981 338; x_wconf 87' lang='lat' dir='ltr'>committuntur</span> <span class='ocrx_word' id='word_1_10' title='bbox 1012 307 1140 337; x_wconf 84' lang='lat' dir='ltr'>eadem.</span> <span class='ocrx_word' id='word_1_11' title='bbox 1168 306 1265 342; x_wconf 88' lang='lat' dir='ltr'>Quod</span> 
     </span>
     <span class='ocr_line' id='line_1_3' title="bbox 253 360 1263 399; baseline -0.002 -8"><span class='ocrx_word' id='word_1_12' title='bbox 253 361 283 391; x_wconf 90' lang='grc'>51</span> <span class='ocrx_word' id='word_1_13' title='bbox 314 369 380 391; x_wconf 83' lang='grc'><strong>11011</strong></span> <span class='ocrx_word' id='word_1_14' title='bbox 409 370 527 391; x_wconf 89' lang='lat' dir='ltr'>omnes</span> <span class='ocrx_word' id='word_1_15' title='bbox 553 379 602 391; x_wconf 93' lang='lat'>—.</span> <span class='ocrx_word' id='word_1_16' title='bbox 630 362 755 391; x_wconf 85' lang='lat' dir='ltr'>Datum</span> <span class='ocrx_word' id='word_1_17' title='bbox 779 361 868 399; x_wconf 88' lang='lat' dir='ltr'>apud</span> <span class='ocrx_word' id='word_1_18' title='bbox 890 360 1178 393; x_wconf 69' lang='lat' dir='ltr'>Urbemveterffln,</span> <span class='ocrx_word' id='word_1_19' title='bbox 1203 368 1263 389; x_wconf 89' lang='lat' dir='ltr'>x111</span> 
     </span>
     <span class='ocr_line' id='line_1_4' title="bbox 252 413 859 450; baseline -0.005 -6"><span class='ocrx_word' id='word_1_20' title='bbox 252 413 416 444; x_wconf 78' lang='lat' dir='ltr'>kalendas</span> <span class='ocrx_word' id='word_1_21' title='bbox 432 413 590 450; x_wconf 81' lang='lat' dir='ltr'>octobris,</span> <span class='ocrx_word' id='word_1_22' title='bbox 609 422 695 444; x_wconf 86' lang='lat' dir='ltr'>anno</span> <span class='ocrx_word' id='word_1_23' title='bbox 713 413 823 444; x_wconf 87' lang='lat' dir='ltr'>tertio.</span> <span class='ocrx_word' id='word_1_24' title='bbox 845 423 859 441; x_wconf 68' lang='grc'>1)</span> 
     </span>
    </p>
   </div>
   <div class='ocr_carea' id='block_1_3' title="bbox 768 597 1190 632">
    <p class='ocr_par' dir='ltr' id='par_1_3' title="bbox 768 597 1190 632">
     <span class='ocr_line' id='line_1_5' title="bbox 768 597 1190 632; baseline 0.002 -8"><span class='ocrx_word' id='word_1_25' title='bbox 768 597 894 632; x_wconf 81' lang='lat' dir='ltr'>Orvicto,</span> <span class='ocrx_word' id='word_1_26' title='bbox 907 598 924 624; x_wconf 82' lang='lat'>9</span> <span class='ocrx_word' id='word_1_27' title='bbox 939 598 1094 624; x_wconf 81' lang='lat' dir='ltr'>novembre</span> <span class='ocrx_word' id='word_1_28' title='bbox 1113 598 1190 625; x_wconf 78' lang='grc'><strong>1263.</strong></span> 
     </span>
    </p>
   </div>
   <div class='ocr_carea' id='block_1_4' title="bbox 346 601 440 631">
    <p class='ocr_par' dir='ltr' id='par_1_4' title="bbox 346 601 440 631">
     <span class='ocr_line' id='line_1_6' title="bbox 346 601 440 631; baseline 0 0"><span class='ocrx_word' id='word_1_29' title='bbox 346 601 440 631; x_wconf 80' lang='grc'><strong>1163</strong></span> 
     </span>
    </p>
   </div>
   <div class='ocr_carea' id='block_1_5' title="bbox 244 681 1263 1059">
    <p class='ocr_par' dir='ltr' id='par_1_5' title="bbox 244 681 1263 1059">
     <span class='ocr_line' id='line_1_7' title="bbox 282 681 1263 717; baseline -0.001 -8"><span class='ocrx_word' id='word_1_30' title='bbox 282 682 471 710; x_wconf 81' lang='lat' dir='ltr'>Thesaurario</span> <span class='ocrx_word' id='word_1_31' title='bbox 499 681 637 709; x_wconf 83' lang='lat' dir='ltr'>ecclesiae</span> <span class='ocrx_word' id='word_1_32' title='bbox 655 690 678 709; x_wconf 89' lang='lat' dir='ltr'>s.</span> <span class='ocrx_word' id='word_1_33' title='bbox 698 681 834 709; x_wconf 67' lang='lat' dir='ltr'>johannis</span> <span class='ocrx_word' id='word_1_34' title='bbox 855 682 1015 717; x_wconf 77' lang='lat' dir='ltr'>Maguntini</span> <span class='ocrx_word' id='word_1_35' title='bbox 1032 682 1150 709; x_wconf 81' lang='lat' dir='ltr'>mandat</span> <span class='ocrx_word' id='word_1_36' title='bbox 1165 684 1263 716; x_wconf 87' lang='lat' dir='ltr'>quate-</span> 
     </span>
     <span class='ocr_line' id='line_1_8' title="bbox 246 730 1262 765; baseline -0.001 -7"><span class='ocrx_word' id='word_1_37' title='bbox 246 740 299 759; x_wconf 85' lang='lat' dir='ltr'>nus</span> <span class='ocrx_word' id='word_1_38' title='bbox 317 732 446 758; x_wconf 81' lang='lat' dir='ltr'>Conrado</span> <span class='ocrx_word' id='word_1_39' title='bbox 458 731 491 758; x_wconf 89' lang='lat' dir='ltr'>de</span> <span class='ocrx_word' id='word_1_40' title='bbox 504 731 762 765; x_wconf 73' lang='lat' dir='ltr'>Helyeprimuensi,</span> <span class='ocrx_word' id='word_1_41' title='bbox 777 731 990 765; x_wconf 85' lang='lat' dir='ltr'>Herbipolensis</span> <span class='ocrx_word' id='word_1_42' title='bbox 1006 731 1138 759; x_wconf 68' lang='lat' dir='ltr'>diocesis,</span> <span class='ocrx_word' id='word_1_43' title='bbox 1152 730 1262 757; x_wconf 86' lang='lat' dir='ltr'>nullum</span> 
     </span>
     <span class='ocr_line' id='line_1_9' title="bbox 245 779 1262 814; baseline -0.001 -7"><span class='ocrx_word' id='word_1_44' title='bbox 245 781 337 807; x_wconf 84' lang='lat' dir='ltr'>adhuc</span> <span class='ocrx_word' id='word_1_45' title='bbox 359 779 530 807; x_wconf 83' lang='lat' dir='ltr'>beneficium</span> <span class='ocrx_word' id='word_1_46' title='bbox 546 779 776 807; x_wconf 79' lang='lat' dir='ltr'>ecclesiasticum</span> <span class='ocrx_word' id='word_1_47' title='bbox 799 782 940 810; x_wconf 84' lang='lat' dir='ltr'>assecuto,</span> <span class='ocrx_word' id='word_1_48' title='bbox 958 788 1008 814; x_wconf 76' lang='lat' dir='ltr'>per</span> <span class='ocrx_word' id='word_1_49' title='bbox 1024 780 1262 807; x_wconf 78' lang='lat' dir='ltr'>archidiaconum</span> 
     </span>
     <span class='ocr_line' id='line_1_10' title="bbox 246 828 1261 863; baseline 0.001 -8"><span class='ocrx_word' id='word_1_50' title='bbox 246 829 425 856; x_wconf 81' lang='lat' dir='ltr'>Broliensem</span> <span class='ocrx_word' id='word_1_51' title='bbox 444 828 546 855; x_wconf 88' lang='lat' dir='ltr'>idoneo</span> <span class='ocrx_word' id='word_1_52' title='bbox 564 832 689 863; x_wconf 87' lang='lat' dir='ltr'>reperto.</span> <span class='ocrx_word' id='word_1_53' title='bbox 711 837 798 856; x_wconf 87' lang='lat' dir='ltr'>unam</span> <span class='ocrx_word' id='word_1_54' title='bbox 816 829 849 855; x_wconf 89' lang='lat' dir='ltr'>de</span> <span class='ocrx_word' id='word_1_55' title='bbox 871 829 978 855; x_wconf 84' lang='lat' dir='ltr'>duabus</span> <span class='ocrx_word' id='word_1_56' title='bbox 999 828 1169 863; x_wconf 76' lang='lat' dir='ltr'>praebendis</span> <span class='ocrx_word' id='word_1_57' title='bbox 1190 837 1261 863; x_wconf 85' lang='lat' dir='ltr'>quae</span> 
     </span>
     <span class='ocr_line' id='line_1_11' title="bbox 245 876 1261 911; baseline 0.001 -8"><span class='ocrx_word' id='word_1_58' title='bbox 245 878 273 904; x_wconf 88' lang='lat' dir='ltr'>in</span> <span class='ocrx_word' id='word_1_59' title='bbox 296 877 417 904; x_wconf 86' lang='lat' dir='ltr'>ecclesia</span> <span class='ocrx_word' id='word_1_60' title='bbox 438 876 642 911; x_wconf 84' lang='lat' dir='ltr'>Wimpinensi‚</span> <span class='ocrx_word' id='word_1_61' title='bbox 664 877 892 904; x_wconf 82' lang='lat' dir='ltr'>Warmaciensis</span> <span class='ocrx_word' id='word_1_62' title='bbox 910 877 1047 907; x_wconf 82' lang='lat' dir='ltr'>diocesis,</span> <span class='ocrx_word' id='word_1_63' title='bbox 1062 880 1165 904; x_wconf 79' lang='lat' dir='ltr'>vacant</span> <span class='ocrx_word' id='word_1_64' title='bbox 1183 879 1211 904; x_wconf 85' lang='lat' dir='ltr'>et</span> <span class='ocrx_word' id='word_1_65' title='bbox 1226 878 1261 904; x_wconf 90' lang='lat' dir='ltr'>ad</span> 
     </span>
     <span class='ocr_line' id='line_1_12' title="bbox 244 926 1261 962; baseline 0 -9"><span class='ocrx_word' id='word_1_66' title='bbox 244 927 321 953; x_wconf 87' lang='lat' dir='ltr'>sedis</span> <span class='ocrx_word' id='word_1_67' title='bbox 339 926 514 961; x_wconf 85' lang='lat' dir='ltr'>apostolicae</span> <span class='ocrx_word' id='word_1_68' title='bbox 531 926 729 961; x_wconf 85' lang='lat' dir='ltr'>collationem,</span> <span class='ocrx_word' id='word_1_69' title='bbox 747 927 828 962; x_wconf 81' lang='lat' dir='ltr'>juxta</span> <span class='ocrx_word' id='word_1_70' title='bbox 850 927 1051 953; x_wconf 79' lang='lat' dir='ltr'>Lateranensis</span> <span class='ocrx_word' id='word_1_71' title='bbox 1070 928 1179 953; x_wconf 82' lang='lat' dir='ltr'>statuta</span> <span class='ocrx_word' id='word_1_72' title='bbox 1195 934 1261 953; x_wconf 88' lang='lat' dir='ltr'>con-</span> 
     </span>
     <span class='ocr_line' id='line_1_13' title="bbox 244 975 1261 1011; baseline 0 -9"><span class='ocrx_word' id='word_1_73' title='bbox 244 975 314 1006; x_wconf 87' lang='lat' dir='ltr'>cilii,</span> <span class='ocrx_word' id='word_1_74' title='bbox 334 975 485 1002; x_wconf 71' lang='lat' dir='ltr'>devolutae</span> <span class='ocrx_word' id='word_1_75' title='bbox 502 975 639 1009; x_wconf 83' lang='lat' dir='ltr'>existunt,</span> <span class='ocrx_word' id='word_1_76' title='bbox 657 976 785 1003; x_wconf 82' lang='lat' dir='ltr'>conferat</span> <span class='ocrx_word' id='word_1_77' title='bbox 803 978 829 1002; x_wconf 89' lang='lat' dir='ltr'>et</span> <span class='ocrx_word' id='word_1_78' title='bbox 848 976 988 1010; x_wconf 77' lang='lat' dir='ltr'>assignet.</span> <span class='ocrx_word' id='word_1_79' title='bbox 1005 976 1083 1011; x_wconf 71' lang='lat' dir='ltr'>(Bm.</span> <span class='ocrx_word' id='word_1_80' title='bbox 1099 976 1144 1008; x_wconf 85' lang='grc'>29,</span> <span class='ocrx_word' id='word_1_81' title='bbox 1163 975 1211 1002; x_wconf 84' lang='lat' dir='ltr'>fol.</span> <span class='ocrx_word' id='word_1_82' title='bbox 1227 976 1261 1003; x_wconf 74' lang='lat'>83</span> 
     </span>
     <span class='ocr_line' id='line_1_14' title="bbox 245 1025 421 1059; baseline 0.006 -9"><span class='ocrx_word' id='word_1_83' title='bbox 245 1030 282 1052; x_wconf 62' lang='grc' dir='ltr'>ψ’.</span> <span class='ocrx_word' id='word_1_84' title='bbox 301 1030 331 1051; x_wconf 84' lang='lat' dir='ltr'>n⁰</span> <span class='ocrx_word' id='word_1_85' title='bbox 344 1025 421 1059; x_wconf 81' lang='grc'><strong>212.)</strong></span> 
     </span>
    </p>
   </div>
   <div class='ocr_carea' id='block_1_6' title="bbox 241 1130 1259 1275">
    <p class='ocr_par' dir='ltr' id='par_1_6' title="bbox 241 1130 1259 1275">
     <span class='ocr_line' id='line_1_15' title="bbox 281 1130 1259 1170; baseline -0.001 -8"><span class='ocrx_word' id='word_1_86' title='bbox 281 1142 298 1162; x_wconf 89' lang='grc'>((</span> <span class='ocrx_word' id='word_1_87' title='bbox 320 1131 523 1161; x_wconf 65' lang='lat' dir='ltr'>Thessali-urio</span> <span class='ocrx_word' id='word_1_88' title='bbox 541 1130 663 1161; x_wconf 73' lang='lat' dir='ltr'>ecclesie</span> <span class='ocrx_word' id='word_1_89' title='bbox 677 1142 699 1160; x_wconf 89' lang='lat' dir='ltr'>s.</span> <span class='ocrx_word' id='word_1_90' title='bbox 713 1130 866 1160; x_wconf 59' lang='lat' dir='ltr'>„Iohannis</span> <span class='ocrx_word' id='word_1_91' title='bbox 882 1131 1072 1170; x_wconf 68' lang='grc' dir='ltr'><strong>1111191111τὶηῂ</strong></span> <span class='ocrx_word' id='word_1_92' title='bbox 1089 1131 1259 1161; x_wconf 78' lang='lat' dir='ltr'>Dilectum</span> 
     </span>
     <span class='ocr_line' id='line_1_16' title="bbox 241 1184 1257 1224; baseline -0.001 -9"><span class='ocrx_word' id='word_1_93' title='bbox 241 1185 352 1215; x_wconf 87' lang='lat' dir='ltr'>filium</span> <span class='ocrx_word' id='word_1_94' title='bbox 387 1185 580 1216; x_wconf 83' lang='lat' dir='ltr'>Conradum</span> <span class='ocrx_word' id='word_1_95' title='bbox 609 1204 658 1215; x_wconf 93' lang='lat'>—.</span> <span class='ocrx_word' id='word_1_96' title='bbox 694 1185 818 1215; x_wconf 88' lang='lat' dir='ltr'>Datum</span> <span class='ocrx_word' id='word_1_97' title='bbox 850 1185 939 1224; x_wconf 84' lang='lat' dir='ltr'>apud</span> <span class='ocrx_word' id='word_1_98' title='bbox 965 1184 1257 1221; x_wconf 87' lang='lat' dir='ltr'>Urbemveterem,</span> 
     </span>
     <span class='ocr_line' id='line_1_17' title="bbox 242 1238 847 1275; baseline 0 -7"><span class='ocrx_word' id='word_1_99' title='bbox 242 1247 264 1268; x_wconf 80' lang='lat' dir='ltr'>v</span> <span class='ocrx_word' id='word_1_100' title='bbox 278 1238 355 1268; x_wconf 90' lang='lat' dir='ltr'>idus</span> <span class='ocrx_word' id='word_1_101' title='bbox 371 1238 578 1275; x_wconf 82' lang='lat' dir='ltr'>novembris,</span> <span class='ocrx_word' id='word_1_102' title='bbox 600 1247 687 1269; x_wconf 89' lang='lat' dir='ltr'>anno</span> <span class='ocrx_word' id='word_1_103' title='bbox 702 1238 814 1268; x_wconf 87' lang='lat' dir='ltr'>tertio.</span> <span class='ocrx_word' id='word_1_104' title='bbox 834 1251 847 1265; x_wconf 73' lang='lat' dir='ltr'>n</span> 
     </span>
    </p>
   </div>
   <div class='ocr_carea' id='block_1_7' title="bbox 783 1423 1184 1453">
    <p class='ocr_par' dir='ltr' id='par_1_7' title="bbox 783 1423 1184 1453">
     <span class='ocr_line' id='line_1_18' title="bbox 783 1423 1184 1453; baseline 0.002 -3"><span class='ocrx_word' id='word_1_105' title='bbox 783 1424 906 1453; x_wconf 76' lang='lat' dir='ltr'>Orvieto,</span> <span class='ocrx_word' id='word_1_106' title='bbox 926 1424 959 1450; x_wconf 87' lang='grc'>22</span> <span class='ocrx_word' id='word_1_107' title='bbox 976 1423 1090 1450; x_wconf 84' lang='lat' dir='ltr'>octobre</span> <span class='ocrx_word' id='word_1_108' title='bbox 1108 1424 1184 1451; x_wconf 77' lang='grc'><strong>1263.</strong></span> 
     </span>
    </p>
   </div>
   <div class='ocr_carea' id='block_1_8' title="bbox 335 1426 431 1456">
    <p class='ocr_par' dir='ltr' id='par_1_8' title="bbox 335 1426 431 1456">
     <span class='ocr_line' id='line_1_19' title="bbox 335 1426 431 1456; baseline 0 0"><span class='ocrx_word' id='word_1_109' title='bbox 335 1426 431 1456; x_wconf 79' lang='lat'><strong>1164</strong></span> 
     </span>
    </p>
   </div>
   <div class='ocr_carea' id='block_1_9' title="bbox 239 1507 1258 1738">
    <p class='ocr_par' dir='ltr' id='par_1_9' title="bbox 239 1507 1258 1738">
     <span class='ocr_line' id='line_1_20' title="bbox 278 1507 1256 1543; baseline -0.002 -8"><span class='ocrx_word' id='word_1_110' title='bbox 278 1508 414 1543; x_wconf 76' lang='lat' dir='ltr'>Magistro</span> <span class='ocrx_word' id='word_1_111' title='bbox 430 1508 574 1535; x_wconf 84' lang='lat' dir='ltr'>scolarum</span> <span class='ocrx_word' id='word_1_112' title='bbox 586 1507 726 1535; x_wconf 85' lang='lat' dir='ltr'>ecclesiae</span> <span class='ocrx_word' id='word_1_113' title='bbox 742 1507 972 1543; x_wconf 81' lang='lat' dir='ltr'>Engolismcnsis</span> <span class='ocrx_word' id='word_1_114' title='bbox 986 1508 1104 1534; x_wconf 85' lang='lat' dir='ltr'>mandat</span> <span class='ocrx_word' id='word_1_115' title='bbox 1117 1509 1256 1542; x_wconf 77' lang='lat' dir='ltr'>quatenus</span> 
     </span>
     <span class='ocr_line' id='line_1_21' title="bbox 241 1556 1258 1592; baseline 0 -10"><span class='ocrx_word' id='word_1_116' title='bbox 241 1556 389 1583; x_wconf 84' lang='lat' dir='ltr'>Willelmo</span> <span class='ocrx_word' id='word_1_117' title='bbox 414 1557 499 1592; x_wconf 70' lang='lat' dir='ltr'>Helye</span> <span class='ocrx_word' id='word_1_118' title='bbox 517 1557 551 1583; x_wconf 88' lang='lat' dir='ltr'>de</span> <span class='ocrx_word' id='word_1_119' title='bbox 567 1556 792 1590; x_wconf 80' lang='lat' dir='ltr'>Monte-Leonis,</span> <span class='ocrx_word' id='word_1_120' title='bbox 815 1556 920 1583; x_wconf 85' lang='lat' dir='ltr'>clerico</span> <span class='ocrx_word' id='word_1_121' title='bbox 935 1556 1142 1583; x_wconf 83' lang='lat' dir='ltr'>Xanctonensis</span> <span class='ocrx_word' id='word_1_122' title='bbox 1165 1556 1258 1582; x_wconf 88' lang='lat' dir='ltr'>dioce-</span> 
     </span>
     <span class='ocr_line' id='line_1_22' title="bbox 241 1604 1256 1640; baseline -0.002 -8"><span class='ocrx_word' id='word_1_123' title='bbox 241 1606 294 1640; x_wconf 84' lang='lat' dir='ltr'>sis,</span> <span class='ocrx_word' id='word_1_124' title='bbox 312 1606 431 1633; x_wconf 86' lang='lat' dir='ltr'>obtentu</span> <span class='ocrx_word' id='word_1_125' title='bbox 448 1605 599 1636; x_wconf 84' lang='lat' dir='ltr'>Willelmi,</span> <span class='ocrx_word' id='word_1_126' title='bbox 616 1605 692 1632; x_wconf 91' lang='lat' dir='ltr'>tituli</span> <span class='ocrx_word' id='word_1_127' title='bbox 708 1614 731 1632; x_wconf 85' lang='grc'><strong>5.</strong></span> <span class='ocrx_word' id='word_1_128' title='bbox 754 1606 839 1632; x_wconf 82' lang='lat' dir='ltr'>Marci</span> <span class='ocrx_word' id='word_1_129' title='bbox 860 1604 1019 1640; x_wconf 66' lang='lat' dir='ltr'>presbyteri</span> <span class='ocrx_word' id='word_1_130' title='bbox 1040 1604 1206 1636; x_wconf 82' lang='lat' dir='ltr'>cardinalis,</span> <span class='ocrx_word' id='word_1_131' title='bbox 1221 1605 1256 1630; x_wconf 93' lang='lat' dir='ltr'>de</span> 
     </span>
     <span class='ocr_line' id='line_1_23' title="bbox 239 1653 1255 1690; baseline -0.001 -9"><span class='ocrx_word' id='word_1_132' title='bbox 239 1654 410 1682; x_wconf 73' lang='lat' dir='ltr'>canonicatu</span> <span class='ocrx_word' id='word_1_133' title='bbox 433 1657 461 1682; x_wconf 86' lang='lat' dir='ltr'>et</span> <span class='ocrx_word' id='word_1_134' title='bbox 482 1655 643 1690; x_wconf 79' lang='lat' dir='ltr'>praebenda</span> <span class='ocrx_word' id='word_1_135' title='bbox 670 1655 698 1681; x_wconf 88' lang='lat' dir='ltr'>in</span> <span class='ocrx_word' id='word_1_136' title='bbox 723 1654 845 1681; x_wconf 79' lang='lat' dir='ltr'>ecclesia</span> <span class='ocrx_word' id='word_1_137' title='bbox 862 1653 1075 1689; x_wconf 82' lang='lat' dir='ltr'>Engolismensi</span> <span class='ocrx_word' id='word_1_138' title='bbox 1097 1654 1255 1688; x_wconf 73' lang='lat' dir='ltr'>provideat.</span> 
     </span>
     <span class='ocr_line' id='line_1_24' title="bbox 241 1704 693 1738; baseline 0 -8"><span class='ocrx_word' id='word_1_139' title='bbox 241 1704 320 1738; x_wconf 68' lang='grc'><strong>(11150.</strong></span> <span class='ocrx_word' id='word_1_140' title='bbox 336 1705 381 1736; x_wconf 82' lang='grc'>29,</span> <span class='ocrx_word' id='word_1_141' title='bbox 398 1704 446 1731; x_wconf 85' lang='lat' dir='ltr'>sol.</span> <span class='ocrx_word' id='word_1_142' title='bbox 460 1705 494 1732; x_wconf 87' lang='lat'>83</span> <span class='ocrx_word' id='word_1_143' title='bbox 513 1710 548 1736; x_wconf 61' lang='grc' dir='ltr'>νο,</span> <span class='ocrx_word' id='word_1_144' title='bbox 569 1710 599 1730; x_wconf 81' lang='lat' dir='ltr'>n⁰</span> <span class='ocrx_word' id='word_1_145' title='bbox 618 1704 693 1735; x_wconf 89' lang='grc'><strong>213.)</strong></span> 
     </span>
    </p>
   </div>
   <div class='ocr_carea' id='block_1_10' title="bbox 239 1808 1255 1952">
    <p class='ocr_par' dir='ltr' id='par_1_10' title="bbox 239 1808 1255 1952">
     <span class='ocr_line' id='line_1_25' title="bbox 280 1808 1255 1848; baseline 0 -11"><span class='ocrx_word' id='word_1_146' title='bbox 280 1820 294 1835; x_wconf 92' lang='lat'>«</span> <span class='ocrx_word' id='word_1_147' title='bbox 314 1809 462 1848; x_wconf 71' lang='lat' dir='ltr'>Maqislro</span> <span class='ocrx_word' id='word_1_148' title='bbox 485 1808 634 1839; x_wconf 77' lang='lat' dir='ltr'>scolarum</span> <span class='ocrx_word' id='word_1_149' title='bbox 652 1808 774 1839; x_wconf 78' lang='lat' dir='ltr'>ecclesie</span> <span class='ocrx_word' id='word_1_150' title='bbox 796 1808 1047 1847; x_wconf 71' lang='lat' dir='ltr'>Enyolismensis.</span> <span class='ocrx_word' id='word_1_151' title='bbox 1068 1809 1255 1839; x_wconf 79' lang='lat' dir='ltr'>Personam</span> 
     </span>
     <span class='ocr_line' id='line_1_26' title="bbox 240 1860 1254 1901; baseline 0.001 -11"><span class='ocrx_word' id='word_1_152' title='bbox 240 1860 355 1892; x_wconf 87' lang='lat' dir='ltr'>dilecti</span> <span class='ocrx_word' id='word_1_153' title='bbox 373 1862 435 1892; x_wconf 85' lang='lat' dir='ltr'>filii</span> <span class='ocrx_word' id='word_1_154' title='bbox 453 1880 501 1892; x_wconf 89' lang='lat'>—.</span> <span class='ocrx_word' id='word_1_155' title='bbox 522 1863 647 1893; x_wconf 82' lang='lat' dir='ltr'>Datum</span> <span class='ocrx_word' id='word_1_156' title='bbox 669 1863 757 1901; x_wconf 88' lang='lat' dir='ltr'>apud</span> <span class='ocrx_word' id='word_1_157' title='bbox 774 1862 1063 1898; x_wconf 77' lang='lat' dir='ltr'>Urbemveterem,</span> <span class='ocrx_word' id='word_1_158' title='bbox 1083 1870 1118 1891; x_wconf 77' lang='lat' dir='ltr'>xi</span> <span class='ocrx_word' id='word_1_159' title='bbox 1140 1861 1254 1891; x_wconf 62' lang='grc'><strong>1101011-</strong></span> 
     </span>
     <span class='ocr_line' id='line_1_27' title="bbox 239 1914 752 1952; baseline 0 -9"><span class='ocrx_word' id='word_1_160' title='bbox 239 1914 300 1944; x_wconf 86' lang='lat' dir='ltr'>das</span> <span class='ocrx_word' id='word_1_161' title='bbox 317 1914 522 1952; x_wconf 82' lang='lat' dir='ltr'>novembris,</span> <span class='ocrx_word' id='word_1_162' title='bbox 544 1924 630 1945; x_wconf 92' lang='lat' dir='ltr'>anno</span> <span class='ocrx_word' id='word_1_163' title='bbox 646 1915 718 1946; x_wconf 86' lang='lat'>1110.</span> <span class='ocrx_word' id='word_1_164' title='bbox 736 1924 752 1944; x_wconf 83' lang='lat'>›)</span> 
     </span>
    </p>
   </div>
   <div class='ocr_carea' id='block_1_11' title="bbox 739 2101 1181 2131">
    <p class='ocr_par' dir='ltr' id='par_1_11' title="bbox 739 2101 1181 2131">
     <span class='ocr_line' id='line_1_28' title="bbox 739 2101 1181 2131; baseline 0.005 -4"><span class='ocrx_word' id='word_1_165' title='bbox 739 2101 863 2128; x_wconf 80' lang='lat' dir='ltr'>Orvieto‚</span> <span class='ocrx_word' id='word_1_166' title='bbox 881 2102 911 2128; x_wconf 83' lang='lat'>11</span> <span class='ocrx_word' id='word_1_167' title='bbox 929 2102 1086 2129; x_wconf 82' lang='lat' dir='ltr'>novembre</span> <span class='ocrx_word' id='word_1_168' title='bbox 1105 2103 1181 2131; x_wconf 85' lang='grc'><strong>1263.</strong></span> 
     </span>
    </p>
   </div>
   <div class='ocr_carea' id='block_1_12' title="bbox 330 2103 426 2134">
    <p class='ocr_par' dir='ltr' id='par_1_12' title="bbox 330 2103 426 2134">
     <span class='ocr_line' id='line_1_29' title="bbox 330 2103 426 2134; baseline 0 0"><span class='ocrx_word' id='word_1_169' title='bbox 330 2103 426 2134; x_wconf 79' lang='grc'><strong>1165</strong></span> 
     </span>
    </p>
   </div>
   <div class='ocr_carea' id='block_1_13' title="bbox 234 2184 1252 2366">
    <p class='ocr_par' dir='ltr' id='par_1_13' title="bbox 234 2184 1252 2366">
     <span class='ocr_line' id='line_1_30' title="bbox 273 2184 1251 2220; baseline 0.001 -8"><span class='ocrx_word' id='word_1_170' title='bbox 273 2185 429 2212; x_wconf 86' lang='lat' dir='ltr'>Scolastico</span> <span class='ocrx_word' id='word_1_171' title='bbox 457 2184 612 2212; x_wconf 57' lang='grc' dir='ltr'>Δ110111101151</span> <span class='ocrx_word' id='word_1_172' title='bbox 638 2185 755 2211; x_wconf 79' lang='lat' dir='ltr'>mandat</span> <span class='ocrx_word' id='word_1_173' title='bbox 773 2187 803 2211; x_wconf 87' lang='lat' dir='ltr'>ut</span> <span class='ocrx_word' id='word_1_174' title='bbox 822 2193 923 2212; x_wconf 84' lang='lat' dir='ltr'>omnes</span> <span class='ocrx_word' id='word_1_175' title='bbox 946 2194 1096 2220; x_wconf 83' lang='lat' dir='ltr'>processus</span> <span class='ocrx_word' id='word_1_176' title='bbox 1114 2186 1143 2213; x_wconf 82' lang='lat' dir='ltr'>in</span> <span class='ocrx_word' id='word_1_177' title='bbox 1166 2194 1251 2213; x_wconf 85' lang='lat' dir='ltr'>causa</span> 
     </span>
     <span class='ocr_line' id='line_1_31' title="bbox 234 2233 1252 2269; baseline 0.001 -8"><span class='ocrx_word' id='word_1_178' title='bbox 234 2235 311 2261; x_wconf 86' lang='lat' dir='ltr'>inter</span> <span class='ocrx_word' id='word_1_179' title='bbox 330 2234 468 2261; x_wconf 80' lang='lat' dir='ltr'>Jacoburn</span> <span class='ocrx_word' id='word_1_180' title='bbox 488 2233 679 2261; x_wconf 81' lang='lat' dir='ltr'>Travclouche</span> <span class='ocrx_word' id='word_1_181' title='bbox 694 2236 723 2260; x_wconf 84' lang='lat' dir='ltr'>et</span> <span class='ocrx_word' id='word_1_182' title='bbox 739 2234 904 2269; x_wconf 83' lang='lat' dir='ltr'>episcopum</span> <span class='ocrx_word' id='word_1_183' title='bbox 919 2235 1137 2262; x_wconf 75' lang='lat' dir='ltr'>Atrebatensem</span> <span class='ocrx_word' id='word_1_184' title='bbox 1154 2237 1252 2262; x_wconf 82' lang='lat' dir='ltr'>exorta</span> 
     </span>
     <span class='ocr_line' id='line_1_32' title="bbox 236 2283 1251 2319; baseline 0.001 -10"><span class='ocrx_word' id='word_1_185' title='bbox 236 2285 301 2318; x_wconf 83' lang='lat' dir='ltr'>post</span> <span class='ocrx_word' id='word_1_186' title='bbox 314 2283 538 2318; x_wconf 70' lang='lat' dir='ltr'>appellationem</span> <span class='ocrx_word' id='word_1_187' title='bbox 550 2283 692 2309; x_wconf 77' lang='lat' dir='ltr'>adsedem</span> <span class='ocrx_word' id='word_1_188' title='bbox 707 2283 908 2317; x_wconf 84' lang='lat' dir='ltr'>apostolicam,</span> <span class='ocrx_word' id='word_1_189' title='bbox 924 2283 1021 2310; x_wconf 88' lang='lat' dir='ltr'>irritos</span> <span class='ocrx_word' id='word_1_190' title='bbox 1036 2285 1160 2311; x_wconf 76' lang='lat' dir='ltr'>nuntiet.</span> <span class='ocrx_word' id='word_1_191' title='bbox 1173 2284 1251 2319; x_wconf 71' lang='lat' dir='ltr'>(Rea.</span> 
     </span>
     <span class='ocr_line' id='line_1_33' title="bbox 236 2331 549 2366; baseline -0.006 -6"><span class='ocrx_word' id='word_1_192' title='bbox 236 2334 280 2360; x_wconf 81' lang='grc'>29.</span> <span class='ocrx_word' id='word_1_193' title='bbox 297 2332 345 2358; x_wconf 84' lang='lat' dir='ltr'>fol.</span> <span class='ocrx_word' id='word_1_194' title='bbox 364 2333 408 2359; x_wconf 68' lang='lat'>83.</span> <span class='ocrx_word' id='word_1_195' title='bbox 425 2338 457 2358; x_wconf 75' lang='lat'>110</span> <span class='ocrx_word' id='word_1_196' title='bbox 473 2331 549 2366; x_wconf 75' lang='lat'>214.)</span> 
     </span>
    </p>
   </div>
   <div class='ocr_carea' id='block_1_14' title="bbox 235 2429 1253 2948">
    <p class='ocr_par' dir='ltr' id='par_1_14' title="bbox 235 2429 1253 2948">
     <span class='ocr_line' id='line_1_34' title="bbox 276 2429 1251 2471; baseline 0.004 -11"><span class='ocrx_word' id='word_1_197' title='bbox 276 2440 293 2460; x_wconf 93' lang='lat'>«</span> <span class='ocrx_word' id='word_1_198' title='bbox 314 2455 319 2460; x_wconf 86' lang='lat'><strong><em>.</em></strong></span> <span class='ocrx_word' id='word_1_199' title='bbox 338 2454 344 2460; x_wconf 94' lang='lat'>.</span> <span class='ocrx_word' id='word_1_200' title='bbox 364 2429 521 2459; x_wconf 73' lang='lat' dir='ltr'>scolastico</span> <span class='ocrx_word' id='word_1_201' title='bbox 536 2430 714 2461; x_wconf 71' lang='lat' dir='ltr'>Morz&#39;nensz&#39;.</span> <span class='ocrx_word' id='word_1_202' title='bbox 735 2431 903 2461; x_wconf 79' lang='lat' dir='ltr'>Dilectum</span> <span class='ocrx_word' id='word_1_203' title='bbox 922 2431 1031 2462; x_wconf 87' lang='lat' dir='ltr'>filium</span> <span class='ocrx_word' id='word_1_204' title='bbox 1050 2433 1251 2471; x_wconf 87' lang='lat' dir='ltr'>magistrum</span> 
     </span>
     <span class='ocr_line' id='line_1_35' title="bbox 235 2482 1252 2518; baseline 0.004 -5"><span class='ocrx_word' id='word_1_205' title='bbox 235 2483 418 2518; x_wconf 79' lang='lat' dir='ltr'>Jaoohum,</span> <span class='ocrx_word' id='word_1_206' title='bbox 451 2483 579 2513; x_wconf 87' lang='lat' dir='ltr'>dictum</span> <span class='ocrx_word' id='word_1_207' title='bbox 608 2482 829 2517; x_wconf 70' lang='lat' dir='ltr'>Traveloucfze,</span> <span class='ocrx_word' id='word_1_208' title='bbox 858 2484 1103 2515; x_wconf 80' lang='lat' dir='ltr'>subdiaconum</span> <span class='ocrx_word' id='word_1_209' title='bbox 1138 2488 1170 2516; x_wconf 88' lang='lat' dir='ltr'>et</span> <span class='ocrx_word' id='word_1_210' title='bbox 1200 2495 1252 2517; x_wconf 83' lang='lat' dir='ltr'>ca-</span> 
     </span>
     <span class='ocr_line' id='line_1_36' title="bbox 237 2536 1253 2575; baseline 0.004 -9"><span class='ocrx_word' id='word_1_211' title='bbox 237 2536 411 2575; x_wconf 87' lang='lat' dir='ltr'>pellanum</span> <span class='ocrx_word' id='word_1_212' title='bbox 439 2537 604 2571; x_wconf 85' lang='lat' dir='ltr'>nostrum,</span> <span class='ocrx_word' id='word_1_213' title='bbox 627 2536 824 2566; x_wconf 81' lang='lat' dir='ltr'>canonic-um</span> <span class='ocrx_word' id='word_1_214' title='bbox 851 2537 993 2568; x_wconf 83' lang='lat' dir='ltr'>ecclesie</span> <span class='ocrx_word' id='word_1_215' title='bbox 1018 2539 1126 2568; x_wconf 88' lang='lat' dir='ltr'>sancti</span> <span class='ocrx_word' id='word_1_216' title='bbox 1150 2539 1253 2574; x_wconf 80' lang='lat' dir='ltr'>Quin-</span> 
     </span>
     <span class='ocr_line' id='line_1_37' title="bbox 236 2588 1253 2625; baseline 0.004 -7"><span class='ocrx_word' id='word_1_217' title='bbox 236 2589 313 2624; x_wconf 88' lang='lat' dir='ltr'>tini‚</span> <span class='ocrx_word' id='word_1_218' title='bbox 341 2588 584 2619; x_wconf 80' lang='lat' dir='ltr'>Noviomensis</span> <span class='ocrx_word' id='word_1_219' title='bbox 608 2589 766 2625; x_wconf 85' lang='grc'><strong>(11000515,</strong></span> <span class='ocrx_word' id='word_1_220' title='bbox 800 2590 1000 2620; x_wconf 89' lang='lat' dir='ltr'>meritorum</span> <span class='ocrx_word' id='word_1_221' title='bbox 1028 2600 1167 2621; x_wconf 88' lang='lat' dir='ltr'>suorum</span> <span class='ocrx_word' id='word_1_222' title='bbox 1197 2592 1253 2622; x_wconf 91' lang='lat' dir='ltr'>ob-</span> 
     </span>
     <span class='ocr_line' id='line_1_38' title="bbox 235 2641 1253 2675; baseline 0.003 -3"><span class='ocrx_word' id='word_1_223' title='bbox 235 2644 332 2672; x_wconf 86' lang='lat' dir='ltr'>tentu</span> <span class='ocrx_word' id='word_1_224' title='bbox 362 2643 393 2672; x_wconf 86' lang='lat' dir='ltr'>et</span> <span class='ocrx_word' id='word_1_225' title='bbox 426 2641 696 2672; x_wconf 79' lang='lat' dir='ltr'>consideratione</span> <span class='ocrx_word' id='word_1_226' title='bbox 732 2642 909 2672; x_wconf 79' lang='lat' dir='ltr'>karissimi</span> <span class='ocrx_word' id='word_1_227' title='bbox 948 2643 982 2673; x_wconf 90' lang='lat' dir='ltr'>in</span> <span class='ocrx_word' id='word_1_228' title='bbox 1013 2644 1149 2675; x_wconf 78' lang='lat' dir='ltr'>Christo</span> <span class='ocrx_word' id='word_1_229' title='bbox 1190 2645 1253 2675; x_wconf 88' lang='lat' dir='ltr'>filii</span> 
     </span>
     <span class='ocr_line' id='line_1_39' title="bbox 237 2694 1253 2735; baseline 0.004 -10"><span class='ocrx_word' id='word_1_230' title='bbox 237 2695 346 2725; x_wconf 82' lang='lat' dir='ltr'>nostri</span> <span class='ocrx_word' id='word_1_231' title='bbox 368 2718 374 2723; x_wconf 92' lang='lat'><strong><em>.</em></strong></span> <span class='ocrx_word' id='word_1_232' title='bbox 394 2717 400 2723; x_wconf 93' lang='lat'>.</span> <span class='ocrx_word' id='word_1_233' title='bbox 421 2694 511 2733; x_wconf 82' lang='lat' dir='ltr'>regis</span> <span class='ocrx_word' id='word_1_234' title='bbox 532 2694 737 2725; x_wconf 82' lang='lat' dir='ltr'>Francorum</span> <span class='ocrx_word' id='word_1_235' title='bbox 765 2695 924 2731; x_wconf 88' lang='lat' dir='ltr'>illustris,</span> <span class='ocrx_word' id='word_1_236' title='bbox 944 2697 1041 2735; x_wconf 75' lang='lat' dir='ltr'>qu&#39;us</span> <span class='ocrx_word' id='word_1_237' title='bbox 1059 2697 1204 2728; x_wconf 89' lang='lat' dir='ltr'>clericus</span> <span class='ocrx_word' id='word_1_238' title='bbox 1221 2700 1253 2729; x_wconf 87' lang='lat' dir='ltr'>et</span> 
     </span>
     <span class='ocr_line' id='line_1_40' title="bbox 237 2747 1253 2788; baseline 0.004 -11"><span class='ocrx_word' id='word_1_239' title='bbox 237 2747 420 2777; x_wconf 86' lang='lat' dir='ltr'>familiaris</span> <span class='ocrx_word' id='word_1_240' title='bbox 431 2747 559 2783; x_wconf 78' lang='lat' dir='ltr'>existit,</span> <span class='ocrx_word' id='word_1_241' title='bbox 569 2747 722 2777; x_wconf 88' lang='lat' dir='ltr'>volentes</span> <span class='ocrx_word' id='word_1_242' title='bbox 732 2748 892 2786; x_wconf 83' lang='lat' dir='ltr'>prosequi</span> <span class='ocrx_word' id='word_1_243' title='bbox 903 2749 1117 2788; x_wconf 84' lang='lat' dir='ltr'>prerogativa</span> <span class='ocrx_word' id='word_1_244' title='bbox 1127 2750 1253 2781; x_wconf 81' lang='lat' dir='ltr'>favoris</span> 
     </span>
     <span class='ocr_line' id='line_1_41' title="bbox 237 2800 1253 2842; baseline 0.004 -12"><span class='ocrx_word' id='word_1_245' title='bbox 237 2802 271 2831; x_wconf 88' lang='lat' dir='ltr'>et</span> <span class='ocrx_word' id='word_1_246' title='bbox 303 2801 410 2840; x_wconf 85' lang='lat' dir='ltr'>gratie</span> <span class='ocrx_word' id='word_1_247' title='bbox 439 2800 611 2839; x_wconf 85' lang='lat' dir='ltr'>specialis,</span> <span class='ocrx_word' id='word_1_248' title='bbox 642 2809 743 2839; x_wconf 87' lang='lat' dir='ltr'>super</span> <span class='ocrx_word' id='word_1_249' title='bbox 772 2801 966 2839; x_wconf 80' lang='lat' dir='ltr'>provisione</span> <span class='ocrx_word' id='word_1_250' title='bbox 995 2811 1032 2832; x_wconf 82' lang='lat' dir='ltr'>ac</span> <span class='ocrx_word' id='word_1_251' title='bbox 1060 2804 1253 2842; x_wconf 83' lang='lat' dir='ltr'>receptione</span> 
     </span>
     <span class='ocr_line' id='line_1_42' title="bbox 239 2853 1253 2892; baseline 0.004 -9"><span class='ocrx_word' id='word_1_252' title='bbox 239 2853 350 2892; x_wconf 89' lang='lat' dir='ltr'>ipsius</span> <span class='ocrx_word' id='word_1_253' title='bbox 376 2853 565 2892; x_wconf 85' lang='lat' dir='ltr'>cappellani</span> <span class='ocrx_word' id='word_1_254' title='bbox 589 2853 623 2883; x_wconf 87' lang='lat' dir='ltr'>in</span> <span class='ocrx_word' id='word_1_255' title='bbox 642 2853 859 2884; x_wconf 78' lang='lat' dir='ltr'>Atrebatensi</span> <span class='ocrx_word' id='word_1_256' title='bbox 886 2854 1040 2891; x_wconf 86' lang='lat' dir='ltr'>ecclesia,</span> <span class='ocrx_word' id='word_1_257' title='bbox 1066 2856 1253 2887; x_wconf 82' lang='lat' dir='ltr'>venerabili</span> 
     </span>
     <span class='ocr_line' id='line_1_43' title="bbox 240 2906 1253 2948; baseline 0.004 -12"><span class='ocrx_word' id='word_1_258' title='bbox 240 2906 338 2937; x_wconf 86' lang='lat' dir='ltr'>fratri</span> <span class='ocrx_word' id='word_1_259' title='bbox 367 2908 483 2937; x_wconf 89' lang='lat' dir='ltr'>nostro</span> <span class='ocrx_word' id='word_1_260' title='bbox 513 2931 519 2937; x_wconf 90' lang='lat'><strong><em>.</em></strong></span> <span class='ocrx_word' id='word_1_261' title='bbox 543 2931 549 2937; x_wconf 88' lang='lat'><strong><em>.</em></strong></span> <span class='ocrx_word' id='word_1_262' title='bbox 575 2907 745 2946; x_wconf 85' lang='lat' dir='ltr'>episcopo,</span> <span class='ocrx_word' id='word_1_263' title='bbox 775 2909 805 2938; x_wconf 87' lang='lat' dir='ltr'>et</span> <span class='ocrx_word' id='word_1_264' title='bbox 835 2907 968 2937; x_wconf 85' lang='lat' dir='ltr'>dilectis</span> <span class='ocrx_word' id='word_1_265' title='bbox 992 2907 1074 2938; x_wconf 89' lang='lat' dir='ltr'>filiis</span> <span class='ocrx_word' id='word_1_266' title='bbox 1105 2909 1253 2948; x_wconf 84' lang='lat' dir='ltr'>capitulo</span> 
     </span>
    </p>
   </div>
   <div class='ocr_carea' id='block_1_15' title="bbox 1283 323 1297 2935">
    <p class='ocr_par' dir='ltr' id='par_1_15' title="bbox 1283 323 1297 2935">
     <span class='ocr_line' id='line_1_44' title="bbox 1283 323 1297 2935; baseline 0 0"><span class='ocrx_word' id='word_1_267' title='bbox 1283 323 1297 2935; x_wconf 95' lang='lat' dir='ltr'> </span> 
     </span>
    </p>
   </div>
   <div class='ocr_carea' id='block_1_16' title="bbox 1312 306 2337 2950">
    <p class='ocr_par' dir='ltr' id='par_1_16' title="bbox 1312 306 2337 2950">
     <span class='ocr_line' id='line_1_45' title="bbox 1326 306 2335 349; baseline 0.008 -13"><span class='ocrx_word' id='word_1_268' title='bbox 1326 306 1609 337; x_wconf 87' lang='lat' dir='ltr'>Atrebatensibus</span> <span class='ocrx_word' id='word_1_269' title='bbox 1635 308 1697 338; x_wconf 89' lang='lat' dir='ltr'>sub</span> <span class='ocrx_word' id='word_1_270' title='bbox 1725 311 1815 339; x_wconf 83' lang='lat' dir='ltr'>certa</span> <span class='ocrx_word' id='word_1_271' title='bbox 1843 310 1950 340; x_wconf 78' lang='lat' dir='ltr'>forma</span> <span class='ocrx_word' id='word_1_272' title='bbox 1971 320 2028 349; x_wconf 87' lang='lat' dir='ltr'>per</span> <span class='ocrx_word' id='word_1_273' title='bbox 2052 315 2183 343; x_wconf 71' lang='lat' dir='ltr'>nostras</span> <span class='ocrx_word' id='word_1_274' title='bbox 2206 315 2335 346; x_wconf 58' lang='lat' dir='ltr'>litteras·</span> 
     </span>
     <span class='ocr_line' id='line_1_46' title="bbox 1326 361 2335 403; baseline 0.011 -15"><span class='ocrx_word' id='word_1_275' title='bbox 1326 367 1441 397; x_wconf 83' lang='lat' dir='ltr'>preces</span> <span class='ocrx_word' id='word_1_276' title='bbox 1455 361 1649 399; x_wconf 78' lang='lat' dir='ltr'>porrexisse</span> <span class='ocrx_word' id='word_1_277' title='bbox 1663 361 1807 392; x_wconf 84' lang='lat' dir='ltr'>dicimur</span> <span class='ocrx_word' id='word_1_278' title='bbox 1823 365 1853 393; x_wconf 87' lang='lat' dir='ltr'>et</span> <span class='ocrx_word' id='word_1_279' title='bbox 1869 366 2035 403; x_wconf 84' lang='lat' dir='ltr'>precepta,</span> <span class='ocrx_word' id='word_1_280' title='bbox 2052 389 2071 395; x_wconf 95' lang='lat'>..</span> <span class='ocrx_word' id='word_1_281' title='bbox 2089 366 2213 397; x_wconf 78' lang='lat' dir='ltr'>decano</span> <span class='ocrx_word' id='word_1_282' title='bbox 2230 370 2335 399; x_wconf 68' lang='lat' dir='ltr'>sancti</span> 
     </span>
     <span class='ocr_line' id='line_1_47' title="bbox 1325 412 2335 456; baseline 0.01 -14"><span class='ocrx_word' id='word_1_283' title='bbox 1325 412 1520 443; x_wconf 89' lang='lat' dir='ltr'>Frambaldi</span> <span class='ocrx_word' id='word_1_284' title='bbox 1551 413 1827 451; x_wconf 68' lang='lat' dir='ltr'>Silvanectensis,</span> <span class='ocrx_word' id='word_1_285' title='bbox 1851 415 1916 446; x_wconf 85' lang='lat' dir='ltr'>sibi</span> <span class='ocrx_word' id='word_1_286' title='bbox 1949 425 2050 456; x_wconf 89' lang='lat' dir='ltr'>super</span> <span class='ocrx_word' id='word_1_287' title='bbox 2079 418 2139 448; x_wconf 75' lang='lat' dir='ltr'>hoc</span> <span class='ocrx_word' id='word_1_288' title='bbox 2171 421 2335 452; x_wconf 76' lang='lat' dir='ltr'>monitore</span> 
     </span>
     <span class='ocr_line' id='line_1_48' title="bbox 1325 465 2334 511; baseline 0.01 -17"><span class='ocrx_word' id='word_1_289' title='bbox 1325 465 1447 503; x_wconf 87' lang='lat' dir='ltr'>primo,</span> <span class='ocrx_word' id='word_1_290' title='bbox 1472 468 1503 496; x_wconf 88' lang='lat' dir='ltr'>et</span> <span class='ocrx_word' id='word_1_291' title='bbox 1532 468 1748 505; x_wconf 86' lang='lat' dir='ltr'>postmodum</span> <span class='ocrx_word' id='word_1_292' title='bbox 1777 469 1939 507; x_wconf 81' lang='lat' dir='ltr'>magistro</span> <span class='ocrx_word' id='word_1_293' title='bbox 1965 470 2114 501; x_wconf 67' lang='lat' dir='ltr'>‚Iohanne</span> <span class='ocrx_word' id='word_1_294' title='bbox 2134 473 2173 502; x_wconf 84' lang='lat' dir='ltr'>de</span> <span class='ocrx_word' id='word_1_295' title='bbox 2194 473 2334 511; x_wconf 56' lang='lat' dir='ltr'>Utine-³,</span> 
     </span>
     <span class='ocr_line' id='line_1_49' title="bbox 1326 518 2335 557; baseline 0.008 -10"><span class='ocrx_word' id='word_1_296' title='bbox 1326 518 1526 549; x_wconf 86' lang='lat' dir='ltr'>cancellario</span> <span class='ocrx_word' id='word_1_297' title='bbox 1538 520 1748 555; x_wconf 68' lang='lat' dir='ltr'>Belmcensi,</span> <span class='ocrx_word' id='word_1_298' title='bbox 1760 524 1938 553; x_wconf 79' lang='lat' dir='ltr'>executore</span> <span class='ocrx_word' id='word_1_299' title='bbox 1950 525 2132 554; x_wconf 80' lang='lat' dir='ltr'>concessis.</span> <span class='ocrx_word' id='word_1_300' title='bbox 2148 526 2233 557; x_wconf 87' lang='lat' dir='ltr'>Sane</span> <span class='ocrx_word' id='word_1_301' title='bbox 2249 527 2335 557; x_wconf 66' lang='lat' dir='ltr'>dicto</span> 
     </span>
     <span class='ocr_line' id='line_1_50' title="bbox 1326 571 2337 614; baseline 0.01 -14"><span class='ocrx_word' id='word_1_302' title='bbox 1326 571 1483 610; x_wconf 89' lang='lat' dir='ltr'>episcopo</span> <span class='ocrx_word' id='word_1_303' title='bbox 1507 572 1547 602; x_wconf 88' lang='lat' dir='ltr'>ad</span> <span class='ocrx_word' id='word_1_304' title='bbox 1572 582 1672 611; x_wconf 89' lang='lat' dir='ltr'>quem</span> <span class='ocrx_word' id='word_1_305' title='bbox 1698 574 1833 605; x_wconf 85' lang='lat' dir='ltr'>collatio</span> <span class='ocrx_word' id='word_1_306' title='bbox 1857 575 2104 614; x_wconf 79' lang='lat' dir='ltr'>prebendarum</span> <span class='ocrx_word' id='word_1_307' title='bbox 2136 578 2168 608; x_wconf 93' lang='lat' dir='ltr'>in</span> <span class='ocrx_word' id='word_1_308' title='bbox 2195 580 2337 610; x_wconf 81' lang='lat' dir='ltr'>ecclesia</span> 
     </span>
     <span class='ocr_line' id='line_1_51' title="bbox 1326 623 2337 663; baseline 0.009 -10"><span class='ocrx_word' id='word_1_309' title='bbox 1326 623 1399 662; x_wconf 86' lang='lat' dir='ltr'>ipsa</span> <span class='ocrx_word' id='word_1_310' title='bbox 1419 625 1586 663; x_wconf 86' lang='lat' dir='ltr'>pertinere</span> <span class='ocrx_word' id='word_1_311' title='bbox 1601 626 1735 663; x_wconf 89' lang='lat' dir='ltr'>dicitur,</span> <span class='ocrx_word' id='word_1_312' title='bbox 1754 636 1795 657; x_wconf 86' lang='lat' dir='ltr'>ex</span> <span class='ocrx_word' id='word_1_313' title='bbox 1814 629 1916 658; x_wconf 87' lang='lat' dir='ltr'>certis</span> <span class='ocrx_word' id='word_1_314' title='bbox 1934 630 2046 659; x_wconf 86' lang='lat' dir='ltr'>causis</span> <span class='ocrx_word' id='word_1_315' title='bbox 2072 630 2112 660; x_wconf 86' lang='lat' dir='ltr'>ab</span> <span class='ocrx_word' id='word_1_316' title='bbox 2128 632 2243 662; x_wconf 83' lang='lat' dir='ltr'>eodem</span> <span class='ocrx_word' id='word_1_317' title='bbox 2263 642 2337 662; x_wconf 74' lang='lat' dir='ltr'>can-</span> 
     </span>
     <span class='ocr_line' id='line_1_52' title="bbox 1325 677 2336 724; baseline 0.01 -18"><span class='ocrx_word' id='word_1_318' title='bbox 1325 677 1462 708; x_wconf 89' lang='lat' dir='ltr'>cellario</span> <span class='ocrx_word' id='word_1_319' title='bbox 1480 679 1520 708; x_wconf 89' lang='lat' dir='ltr'>ad</span> <span class='ocrx_word' id='word_1_320' title='bbox 1538 679 1652 710; x_wconf 86' lang='lat' dir='ltr'>sedem</span> <span class='ocrx_word' id='word_1_321' title='bbox 1671 681 1892 718; x_wconf 86' lang='lat' dir='ltr'>apostolicam</span> <span class='ocrx_word' id='word_1_322' title='bbox 1911 683 2115 721; x_wconf 78' lang='lat' dir='ltr'>appellante,</span> <span class='ocrx_word' id='word_1_323' title='bbox 2140 693 2200 714; x_wconf 78' lang='lat' dir='ltr'>nos</span> <span class='ocrx_word' id='word_1_324' title='bbox 2223 685 2336 724; x_wconf 79' lang='lat' dir='ltr'>liujus—</span> 
     </span>
     <span class='ocr_line' id='line_1_53' title="bbox 1325 731 2336 774; baseline 0.008 -14"><span class='ocrx_word' id='word_1_325' title='bbox 1325 731 1415 760; x_wconf 90' lang='lat' dir='ltr'>modi</span> <span class='ocrx_word' id='word_1_326' title='bbox 1438 732 1609 770; x_wconf 83' lang='lat' dir='ltr'>negotium</span> <span class='ocrx_word' id='word_1_327' title='bbox 1639 733 1739 763; x_wconf 89' lang='lat' dir='ltr'>certis</span> <span class='ocrx_word' id='word_1_328' title='bbox 1764 734 1936 772; x_wconf 80' lang='lat' dir='ltr'>judicibus</span> <span class='ocrx_word' id='word_1_329' title='bbox 1960 744 2020 774; x_wconf 88' lang='lat' dir='ltr'>per</span> <span class='ocrx_word' id='word_1_330' title='bbox 2045 736 2177 767; x_wconf 76' lang='lat' dir='ltr'>litteras</span> <span class='ocrx_word' id='word_1_331' title='bbox 2203 741 2336 768; x_wconf 85' lang='lat' dir='ltr'>nostras</span> 
     </span>
     <span class='ocr_line' id='line_1_54' title="bbox 1324 783 2335 822; baseline 0.009 -9"><span class='ocrx_word' id='word_1_332' title='bbox 1324 783 1387 813; x_wconf 91' lang='lat' dir='ltr'>sub</span> <span class='ocrx_word' id='word_1_333' title='bbox 1405 786 1494 814; x_wconf 86' lang='lat' dir='ltr'>certa</span> <span class='ocrx_word' id='word_1_334' title='bbox 1509 784 1617 815; x_wconf 83' lang='lat' dir='ltr'>forma</span> <span class='ocrx_word' id='word_1_335' title='bbox 1634 786 1794 817; x_wconf 88' lang='lat' dir='ltr'>duximus</span> <span class='ocrx_word' id='word_1_336' title='bbox 1812 788 2101 819; x_wconf 88' lang='lat' dir='ltr'>committendum.</span> <span class='ocrx_word' id='word_1_337' title='bbox 2120 791 2238 821; x_wconf 83' lang='lat' dir='ltr'>Dictus</span> <span class='ocrx_word' id='word_1_338' title='bbox 2256 801 2335 822; x_wconf 71' lang='lat' dir='ltr'>vero</span> 
     </span>
     <span class='ocr_line' id='line_1_55' title="bbox 1324 837 2336 884; baseline 0.009 -18"><span class='ocrx_word' id='word_1_339' title='bbox 1324 837 1558 876; x_wconf 82' lang='lat' dir='ltr'>cancellarius,</span> <span class='ocrx_word' id='word_1_340' title='bbox 1577 840 1756 878; x_wconf 83' lang='lat' dir='ltr'>antequam</span> <span class='ocrx_word' id='word_1_341' title='bbox 1787 841 1901 870; x_wconf 89' lang='lat' dir='ltr'>eedem</span> <span class='ocrx_word' id='word_1_342' title='bbox 1935 841 2046 872; x_wconf 80' lang='lat' dir='ltr'>littere</span> <span class='ocrx_word' id='word_1_343' title='bbox 2076 843 2219 874; x_wconf 82' lang='lat' dir='ltr'>fuissent</span> <span class='ocrx_word' id='word_1_344' title='bbox 2250 846 2336 884; x_wconf 80' lang='lat' dir='ltr'>ipsis</span> 
     </span>
     <span class='ocr_line' id='line_1_56' title="bbox 1319 889 2337 936; baseline 0.009 -16"><span class='ocrx_word' id='word_1_345' title='bbox 1319 889 1492 928; x_wconf 87' lang='lat' dir='ltr'>judicibus</span> <span class='ocrx_word' id='word_1_346' title='bbox 1515 894 1719 930; x_wconf 74' lang='lat' dir='ltr'>p1·esentate‚</span> <span class='ocrx_word' id='word_1_347' title='bbox 1740 893 1944 931; x_wconf 81' lang='lat' dir='ltr'>prebendam</span> <span class='ocrx_word' id='word_1_348' title='bbox 1964 903 2028 933; x_wconf 89' lang='lat' dir='ltr'>que</span> <span class='ocrx_word' id='word_1_349' title='bbox 2054 897 2183 927; x_wconf 75' lang='lat' dir='ltr'>vacavit</span> <span class='ocrx_word' id='word_1_350' title='bbox 2210 898 2243 927; x_wconf 89' lang='lat' dir='ltr'>in</span> <span class='ocrx_word' id='word_1_351' title='bbox 2266 907 2337 936; x_wconf 82' lang='lat' dir='ltr'>pre-</span> 
     </span>
     <span class='ocr_line' id='line_1_57' title="bbox 1322 943 2337 990; baseline 0.008 -17"><span class='ocrx_word' id='word_1_352' title='bbox 1322 943 1411 973; x_wconf 83' lang='lat' dir='ltr'>dicta</span> <span class='ocrx_word' id='word_1_353' title='bbox 1439 944 1581 974; x_wconf 85' lang='lat' dir='ltr'>ecclesia</span> <span class='ocrx_word' id='word_1_354' title='bbox 1598 953 1657 983; x_wconf 93' lang='lat' dir='ltr'>per</span> <span class='ocrx_word' id='word_1_355' title='bbox 1672 947 1814 976; x_wconf 86' lang='lat' dir='ltr'>mortem</span> <span class='ocrx_word' id='word_1_356' title='bbox 1833 947 1984 977; x_wconf 81' lang='lat' dir='ltr'>Mauritii</span> <span class='ocrx_word' id='word_1_357' title='bbox 2003 948 2041 978; x_wconf 89' lang='lat' dir='ltr'>de</span> <span class='ocrx_word' id='word_1_358' title='bbox 2060 950 2269 988; x_wconf 46' lang='grc' dir='ltr'><strong>,λι-1101110110,</strong></span> <span class='ocrx_word' id='word_1_359' title='bbox 2290 951 2337 990; x_wconf 87' lang='lat' dir='ltr'>ip-</span> 
     </span>
     <span class='ocr_line' id='line_1_58' title="bbox 1323 996 2335 1039; baseline 0.009 -13"><span class='ocrx_word' id='word_1_360' title='bbox 1323 996 1396 1027; x_wconf 90' lang='lat' dir='ltr'>sius</span> <span class='ocrx_word' id='word_1_361' title='bbox 1433 997 1575 1028; x_wconf 84' lang='lat' dir='ltr'>ecclesie</span> <span class='ocrx_word' id='word_1_362' title='bbox 1607 999 1775 1033; x_wconf 86' lang='lat' dir='ltr'>canonici,</span> <span class='ocrx_word' id='word_1_363' title='bbox 1808 999 1896 1030; x_wconf 87' lang='lat' dir='ltr'>dicto</span> <span class='ocrx_word' id='word_1_364' title='bbox 1933 1001 2105 1039; x_wconf 86' lang='lat' dir='ltr'>capellano</span> <span class='ocrx_word' id='word_1_365' title='bbox 2137 1004 2335 1035; x_wconf 86' lang='lat' dir='ltr'>auctoritate</span> 
     </span>
     <span class='ocr_line' id='line_1_59' title="bbox 1322 1049 2331 1094; baseline 0.009 -15"><span class='ocrx_word' id='word_1_366' title='bbox 1322 1049 1513 1080; x_wconf 90' lang='lat' dir='ltr'>litterarum</span> <span class='ocrx_word' id='word_1_367' title='bbox 1541 1051 1745 1082; x_wconf 87' lang='lat' dir='ltr'>directarum</span> <span class='ocrx_word' id='word_1_368' title='bbox 1770 1053 1810 1082; x_wconf 91' lang='lat' dir='ltr'>ad</span> <span class='ocrx_word' id='word_1_369' title='bbox 1833 1061 1921 1087; x_wconf 73' lang='lat' dir='ltr'>eum,</span> <span class='ocrx_word' id='word_1_370' title='bbox 1943 1055 2106 1085; x_wconf 87' lang='lat' dir='ltr'>asseritur</span> <span class='ocrx_word' id='word_1_371' title='bbox 2134 1057 2331 1094; x_wconf 87' lang='lat' dir='ltr'>contulisse,</span> 
     </span>
     <span class='ocr_line' id='line_1_60' title="bbox 1321 1104 2334 1146; baseline 0.008 -14"><span class='ocrx_word' id='word_1_372' title='bbox 1321 1105 1457 1141; x_wconf 86' lang='lat' dir='ltr'>propter</span> <span class='ocrx_word' id='word_1_373' title='bbox 1473 1104 1563 1142; x_wconf 87' lang='lat' dir='ltr'>quod</span> <span class='ocrx_word' id='word_1_374' title='bbox 1581 1104 1669 1134; x_wconf 89' lang='lat' dir='ltr'>idem</span> <span class='ocrx_word' id='word_1_375' title='bbox 1689 1105 1869 1144; x_wconf 88' lang='lat' dir='ltr'>episcopus</span> <span class='ocrx_word' id='word_1_376' title='bbox 1885 1106 2016 1142; x_wconf 73' lang='lat' dir='ltr'>iterato,</span> <span class='ocrx_word' id='word_1_377' title='bbox 2036 1111 2134 1146; x_wconf 88' lang='lat' dir='ltr'>prout</span> <span class='ocrx_word' id='word_1_378' title='bbox 2153 1108 2271 1145; x_wconf 83' lang='lat' dir='ltr'>fertur,</span> <span class='ocrx_word' id='word_1_379' title='bbox 2294 1111 2334 1140; x_wconf 82' lang='lat' dir='ltr'>ad</span> 
     </span>
     <span class='ocr_line' id='line_1_61' title="bbox 1321 1156 2333 1201; baseline 0.007 -15"><span class='ocrx_word' id='word_1_380' title='bbox 1321 1156 1435 1187; x_wconf 88' lang='lat' dir='ltr'>sedem</span> <span class='ocrx_word' id='word_1_381' title='bbox 1452 1157 1561 1195; x_wconf 86' lang='lat' dir='ltr'>ipsam</span> <span class='ocrx_word' id='word_1_382' title='bbox 1579 1166 1694 1188; x_wconf 77' lang='lat' dir='ltr'>vocem</span> <span class='ocrx_word' id='word_1_383' title='bbox 1712 1159 1951 1197; x_wconf 84' lang='lat' dir='ltr'>appellationis</span> <span class='ocrx_word' id='word_1_384' title='bbox 1973 1161 2086 1191; x_wconf 81' lang='lat' dir='ltr'>emisit</span> <span class='ocrx_word' id='word_1_385' title='bbox 2103 1164 2133 1191; x_wconf 92' lang='lat' dir='ltr'>et</span> <span class='ocrx_word' id='word_1_386' title='bbox 2152 1171 2254 1201; x_wconf 84' lang='lat' dir='ltr'>super</span> <span class='ocrx_word' id='word_1_387' title='bbox 2273 1163 2333 1194; x_wconf 82' lang='lat' dir='ltr'>hoc</span> 
     </span>
     <span class='ocr_line' id='line_1_62' title="bbox 1320 1209 2332 1253; baseline 0.009 -15"><span class='ocrx_word' id='word_1_388' title='bbox 1320 1209 1507 1248; x_wconf 83' lang='lat' dir='ltr'>adjudices</span> <span class='ocrx_word' id='word_1_389' title='bbox 1525 1210 1617 1249; x_wconf 91' lang='lat' dir='ltr'>ipsos</span> <span class='ocrx_word' id='word_1_390' title='bbox 1634 1211 1718 1241; x_wconf 87' lang='lat' dir='ltr'>alias</span> <span class='ocrx_word' id='word_1_391' title='bbox 1739 1221 1757 1241; x_wconf 88' lang='lat' dir='ltr'>a</span> <span class='ocrx_word' id='word_1_392' title='bbox 1778 1212 1876 1242; x_wconf 87' lang='lat' dir='ltr'>nobis</span> <span class='ocrx_word' id='word_1_393' title='bbox 1895 1213 2027 1243; x_wconf 85' lang='lat' dir='ltr'>litteras</span> <span class='ocrx_word' id='word_1_394' title='bbox 2046 1215 2251 1253; x_wconf 79' lang='lat' dir='ltr'>impetravit.</span> <span class='ocrx_word' id='word_1_395' title='bbox 2270 1218 2332 1247; x_wconf 83' lang='lat' dir='ltr'>De-</span> 
     </span>
     <span class='ocr_line' id='line_1_63' title="bbox 1319 1265 2333 1308; baseline 0.008 -16"><span class='ocrx_word' id='word_1_396' title='bbox 1319 1271 1413 1292; x_wconf 88' lang='lat' dir='ltr'>mum</span> <span class='ocrx_word' id='word_1_397' title='bbox 1435 1265 1560 1297; x_wconf 86' lang='lat' dir='ltr'>autem,</span> <span class='ocrx_word' id='word_1_398' title='bbox 1582 1265 1732 1302; x_wconf 87' lang='lat' dir='ltr'>predicto</span> <span class='ocrx_word' id='word_1_399' title='bbox 1756 1266 1930 1304; x_wconf 86' lang='lat' dir='ltr'>capellano</span> <span class='ocrx_word' id='word_1_400' title='bbox 1958 1267 1991 1297; x_wconf 88' lang='lat' dir='ltr'>in</span> <span class='ocrx_word' id='word_1_401' title='bbox 2016 1270 2131 1298; x_wconf 82' lang='lat' dir='ltr'>nostra</span> <span class='ocrx_word' id='word_1_402' title='bbox 2161 1271 2333 1308; x_wconf 80' lang='lat' dir='ltr'>presentia</span> 
     </span>
     <span class='ocr_line' id='line_1_64' title="bbox 1319 1316 2333 1362; baseline 0.008 -17"><span class='ocrx_word' id='word_1_403' title='bbox 1319 1316 1502 1346; x_wconf 81' lang='lat' dir='ltr'>constituto</span> <span class='ocrx_word' id='word_1_404' title='bbox 1533 1318 1565 1347; x_wconf 91' lang='lat' dir='ltr'>et</span> <span class='ocrx_word' id='word_1_405' title='bbox 1592 1317 1690 1348; x_wconf 87' lang='lat' dir='ltr'>nobis</span> <span class='ocrx_word' id='word_1_406' title='bbox 1720 1317 1895 1349; x_wconf 86' lang='lat' dir='ltr'>humiliter</span> <span class='ocrx_word' id='word_1_407' title='bbox 1923 1320 2133 1358; x_wconf 86' lang='lat' dir='ltr'>supplicante</span> <span class='ocrx_word' id='word_1_408' title='bbox 2159 1324 2192 1352; x_wconf 89' lang='lat' dir='ltr'>ut</span> <span class='ocrx_word' id='word_1_409' title='bbox 2218 1322 2333 1362; x_wconf 81' lang='lat' dir='ltr'>liujus-</span> 
     </span>
     <span class='ocr_line' id='line_1_65' title="bbox 1318 1369 2329 1411; baseline 0.007 -13"><span class='ocrx_word' id='word_1_410' title='bbox 1318 1369 1410 1398; x_wconf 88' lang='lat' dir='ltr'>modi</span> <span class='ocrx_word' id='word_1_411' title='bbox 1440 1369 1654 1400; x_wconf 83' lang='lat' dir='ltr'>collationem</span> <span class='ocrx_word' id='word_1_412' title='bbox 1675 1370 1740 1400; x_wconf 89' lang='lat' dir='ltr'>sibi</span> <span class='ocrx_word' id='word_1_413' title='bbox 1765 1371 1886 1401; x_wconf 86' lang='lat' dir='ltr'>factam</span> <span class='ocrx_word' id='word_1_414' title='bbox 1912 1381 1971 1411; x_wconf 88' lang='lat' dir='ltr'>per</span> <span class='ocrx_word' id='word_1_415' title='bbox 1999 1374 2141 1404; x_wconf 84' lang='lat' dir='ltr'>eundem</span> <span class='ocrx_word' id='word_1_416' title='bbox 2167 1376 2329 1405; x_wconf 87' lang='lat' dir='ltr'>cancella-</span> 
     </span>
     <span class='ocr_line' id='line_1_66' title="bbox 1320 1421 2329 1461; baseline 0.009 -11"><span class='ocrx_word' id='word_1_417' title='bbox 1320 1421 1408 1451; x_wconf 90' lang='lat' dir='ltr'>rium</span> <span class='ocrx_word' id='word_1_418' title='bbox 1426 1422 1465 1452; x_wconf 90' lang='lat' dir='ltr'>de</span> <span class='ocrx_word' id='word_1_419' title='bbox 1483 1422 1572 1452; x_wconf 88' lang='lat' dir='ltr'>dicta</span> <span class='ocrx_word' id='word_1_420' title='bbox 1589 1423 1770 1461; x_wconf 82' lang='lat' dir='ltr'>prebenda,</span> <span class='ocrx_word' id='word_1_421' title='bbox 1791 1424 1893 1454; x_wconf 90' lang='lat' dir='ltr'>robur</span> <span class='ocrx_word' id='word_1_422' title='bbox 1906 1426 2079 1456; x_wconf 83' lang='lat' dir='ltr'>firmitatis</span> <span class='ocrx_word' id='word_1_423' title='bbox 2102 1427 2224 1458; x_wconf 85' lang='lat' dir='ltr'>habere</span> <span class='ocrx_word' id='word_1_424' title='bbox 2244 1428 2329 1459; x_wconf 75' lang='lat' dir='ltr'>sace-</span> 
     </span>
     <span class='ocr_line' id='line_1_67' title="bbox 1319 1476 2327 1518; baseline 0.007 -14"><span class='ocrx_word' id='word_1_425' title='bbox 1319 1483 1433 1504; x_wconf 89' lang='lat' dir='ltr'>remus</span> <span class='ocrx_word' id='word_1_426' title='bbox 1459 1484 1495 1505; x_wconf 85' lang='lat' dir='ltr'>ac</span> <span class='ocrx_word' id='word_1_427' title='bbox 1519 1484 1595 1506; x_wconf 90' lang='lat' dir='ltr'>eum</span> <span class='ocrx_word' id='word_1_428' title='bbox 1621 1476 1730 1514; x_wconf 89' lang='lat' dir='ltr'>ipsius</span> <span class='ocrx_word' id='word_1_429' title='bbox 1756 1477 1924 1515; x_wconf 85' lang='lat' dir='ltr'>prebende</span> <span class='ocrx_word' id='word_1_430' title='bbox 1948 1479 2087 1517; x_wconf 82' lang='lat' dir='ltr'>pacifica</span> <span class='ocrx_word' id='word_1_431' title='bbox 2112 1482 2327 1518; x_wconf 78' lang='lat' dir='ltr'>possessione</span> 
     </span>
     <span class='ocr_line' id='line_1_68' title="bbox 1318 1528 2327 1569; baseline 0.009 -13"><span class='ocrx_word' id='word_1_432' title='bbox 1318 1528 1474 1566; x_wconf 83' lang='lat' dir='ltr'>gaudere,</span> <span class='ocrx_word' id='word_1_433' title='bbox 1495 1528 1638 1558; x_wconf 88' lang='lat' dir='ltr'>dilectus</span> <span class='ocrx_word' id='word_1_434' title='bbox 1655 1529 1746 1559; x_wconf 88' lang='lat' dir='ltr'>filius</span> <span class='ocrx_word' id='word_1_435' title='bbox 1763 1531 1925 1569; x_wconf 81' lang='lat' dir='ltr'>magister</span> <span class='ocrx_word' id='word_1_436' title='bbox 1941 1531 2061 1567; x_wconf 71' lang='lat' dir='ltr'>Adam,</span> <span class='ocrx_word' id='word_1_437' title='bbox 2078 1533 2225 1563; x_wconf 82' lang='lat' dir='ltr'>decanus</span> <span class='ocrx_word' id='word_1_438' title='bbox 2244 1535 2327 1565; x_wconf 89' lang='lat' dir='ltr'>Len-</span> 
     </span>
     <span class='ocr_line' id='line_1_69' title="bbox 1319 1580 2328 1626; baseline 0.007 -17"><span class='ocrx_word' id='word_1_439' title='bbox 1319 1580 1441 1616; x_wconf 86' lang='lat' dir='ltr'>sensis‚</span> <span class='ocrx_word' id='word_1_440' title='bbox 1455 1583 1651 1619; x_wconf 84' lang='lat' dir='ltr'>procurator</span> <span class='ocrx_word' id='word_1_441' title='bbox 1661 1582 1741 1612; x_wconf 90' lang='lat' dir='ltr'>dicti</span> <span class='ocrx_word' id='word_1_442' title='bbox 1757 1583 1918 1622; x_wconf 77' lang='lat' dir='ltr'>episcopi,</span> <span class='ocrx_word' id='word_1_443' title='bbox 1930 1593 1989 1622; x_wconf 89' lang='lat' dir='ltr'>pro</span> <span class='ocrx_word' id='word_1_444' title='bbox 2000 1593 2038 1615; x_wconf 88' lang='lat' dir='ltr'>eo</span> <span class='ocrx_word' id='word_1_445' title='bbox 2050 1587 2225 1624; x_wconf 84' lang='lat' dir='ltr'>proposuit</span> <span class='ocrx_word' id='word_1_446' title='bbox 2239 1587 2328 1626; x_wconf 84' lang='lat' dir='ltr'>quod</span> 
     </span>
     <span class='ocr_line' id='line_1_70' title="bbox 1318 1633 2329 1675; baseline 0.007 -12"><span class='ocrx_word' id='word_1_447' title='bbox 1318 1633 1352 1663; x_wconf 88' lang='lat' dir='ltr'>id</span> <span class='ocrx_word' id='word_1_448' title='bbox 1369 1642 1434 1664; x_wconf 88' lang='lat' dir='ltr'>non</span> <span class='ocrx_word' id='word_1_449' title='bbox 1451 1633 1593 1665; x_wconf 83' lang='lat' dir='ltr'>debebat</span> <span class='ocrx_word' id='word_1_450' title='bbox 1612 1635 1697 1671; x_wconf 75' lang='lat' dir='ltr'>fieri,</span> <span class='ocrx_word' id='word_1_451' title='bbox 1717 1644 1792 1665; x_wconf 80' lang='lat' dir='ltr'>cuni</span> <span class='ocrx_word' id='word_1_452' title='bbox 1806 1637 1957 1675; x_wconf 84' lang='lat' dir='ltr'>predicta</span> <span class='ocrx_word' id='word_1_453' title='bbox 1974 1638 2108 1668; x_wconf 85' lang='lat' dir='ltr'>collatio</span> <span class='ocrx_word' id='word_1_454' title='bbox 2125 1638 2210 1669; x_wconf 84' lang='lat' dir='ltr'>facta</span> <span class='ocrx_word' id='word_1_455' title='bbox 2228 1640 2329 1670; x_wconf 83' lang='lat' dir='ltr'>fuerit</span> 
     </span>
     <span class='ocr_line' id='line_1_71' title="bbox 1317 1687 2329 1729; baseline 0.007 -13"><span class='ocrx_word' id='word_1_456' title='bbox 1317 1695 1377 1725; x_wconf 88' lang='lat' dir='ltr'>per</span> <span class='ocrx_word' id='word_1_457' title='bbox 1391 1687 1535 1717; x_wconf 87' lang='lat' dir='ltr'>eundem</span> <span class='ocrx_word' id='word_1_458' title='bbox 1549 1690 1775 1725; x_wconf 77' lang='lat' dir='ltr'>executorem,</span> <span class='ocrx_word' id='word_1_459' title='bbox 1788 1691 1864 1728; x_wconf 90' lang='lat' dir='ltr'>post</span> <span class='ocrx_word' id='word_1_460' title='bbox 1877 1690 2139 1729; x_wconf 81' lang='lat' dir='ltr'>appellationem</span> <span class='ocrx_word' id='word_1_461' title='bbox 2155 1692 2195 1722; x_wconf 84' lang='lat' dir='ltr'>ab</span> <span class='ocrx_word' id='word_1_462' title='bbox 2211 1693 2329 1723; x_wconf 88' lang='lat' dir='ltr'>eodem</span> 
     </span>
     <span class='ocr_line' id='line_1_72' title="bbox 1318 1739 2329 1783; baseline 0.007 -14"><span class='ocrx_word' id='word_1_463' title='bbox 1318 1739 1475 1778; x_wconf 88' lang='lat' dir='ltr'>episcopo</span> <span class='ocrx_word' id='word_1_464' title='bbox 1495 1741 1535 1770; x_wconf 87' lang='lat' dir='ltr'>ad</span> <span class='ocrx_word' id='word_1_465' title='bbox 1553 1741 1738 1779; x_wconf 90' lang='lat' dir='ltr'>predictam</span> <span class='ocrx_word' id='word_1_466' title='bbox 1757 1742 1870 1772; x_wconf 89' lang='lat' dir='ltr'>sedem</span> <span class='ocrx_word' id='word_1_467' title='bbox 1889 1743 2039 1782; x_wconf 84' lang='lat' dir='ltr'>legitime</span> <span class='ocrx_word' id='word_1_468' title='bbox 2058 1744 2281 1783; x_wconf 72' lang='lat' dir='ltr'>interjectam,</span> <span class='ocrx_word' id='word_1_469' title='bbox 2298 1748 2329 1776; x_wconf 90' lang='lat' dir='ltr'>et</span> 
     </span>
     <span class='ocr_line' id='line_1_73' title="bbox 1317 1792 2327 1836; baseline 0.007 -14"><span class='ocrx_word' id='word_1_470' title='bbox 1317 1801 1431 1823; x_wconf 89' lang='lat' dir='ltr'>coram</span> <span class='ocrx_word' id='word_1_471' title='bbox 1461 1792 1590 1824; x_wconf 90' lang='lat' dir='ltr'>eisdem</span> <span class='ocrx_word' id='word_1_472' title='bbox 1616 1794 1788 1832; x_wconf 86' lang='lat' dir='ltr'>judicibus</span> <span class='ocrx_word' id='word_1_473' title='bbox 1809 1796 1943 1834; x_wconf 80' lang='lat' dir='ltr'>negotio</span> <span class='ocrx_word' id='word_1_474' title='bbox 1972 1797 2122 1835; x_wconf 89' lang='lat' dir='ltr'>predicto</span> <span class='ocrx_word' id='word_1_475' title='bbox 2151 1799 2327 1836; x_wconf 83' lang='lat' dir='ltr'>pendente,</span> 
     </span>
     <span class='ocr_line' id='line_1_74' title="bbox 1315 1847 2330 1890; baseline 0.007 -15"><span class='ocrx_word' id='word_1_476' title='bbox 1315 1847 1453 1884; x_wconf 87' lang='lat' dir='ltr'>propter</span> <span class='ocrx_word' id='word_1_477' title='bbox 1470 1847 1559 1885; x_wconf 89' lang='lat' dir='ltr'>quod</span> <span class='ocrx_word' id='word_1_478' title='bbox 1580 1848 1731 1885; x_wconf 84' lang='lat' dir='ltr'>predicta</span> <span class='ocrx_word' id='word_1_479' title='bbox 1747 1848 1882 1879; x_wconf 89' lang='lat' dir='ltr'>collatio</span> <span class='ocrx_word' id='word_1_480' title='bbox 1905 1849 1999 1879; x_wconf 89' lang='lat' dir='ltr'>nulla</span> <span class='ocrx_word' id='word_1_481' title='bbox 2017 1854 2098 1886; x_wconf 78' lang='lat' dir='ltr'>erat,</span> <span class='ocrx_word' id='word_1_482' title='bbox 2121 1853 2151 1881; x_wconf 87' lang='lat' dir='ltr'>et</span> <span class='ocrx_word' id='word_1_483' title='bbox 2179 1852 2330 1890; x_wconf 84' lang='lat' dir='ltr'>prefatus</span> 
     </span>
     <span class='ocr_line' id='line_1_75' title="bbox 1316 1899 2329 1943; baseline 0.007 -15"><span class='ocrx_word' id='word_1_484' title='bbox 1316 1899 1507 1938; x_wconf 84' lang='lat' dir='ltr'>episcopus,</span> <span class='ocrx_word' id='word_1_485' title='bbox 1517 1901 1553 1930; x_wconf 92' lang='lat' dir='ltr'>ut</span> <span class='ocrx_word' id='word_1_486' title='bbox 1563 1900 1653 1930; x_wconf 91' lang='lat' dir='ltr'>idem</span> <span class='ocrx_word' id='word_1_487' title='bbox 1666 1900 1812 1931; x_wconf 88' lang='lat' dir='ltr'>decanus</span> <span class='ocrx_word' id='word_1_488' title='bbox 1823 1902 1990 1939; x_wconf 72' lang='lat' dir='ltr'>credebat,</span> <span class='ocrx_word' id='word_1_489' title='bbox 2000 1903 2206 1942; x_wconf 80' lang='lat' dir='ltr'>prebendam</span> <span class='ocrx_word' id='word_1_490' title='bbox 2219 1905 2329 1943; x_wconf 89' lang='lat' dir='ltr'>ipsam</span> 
     </span>
     <span class='ocr_line' id='line_1_76' title="bbox 1316 1952 2329 1988; baseline 0.007 -7"><span class='ocrx_word' id='word_1_491' title='bbox 1316 1952 1515 1983; x_wconf 85' lang='lat' dir='ltr'>auctoritate</span> <span class='ocrx_word' id='word_1_492' title='bbox 1526 1953 1696 1984; x_wconf 88' lang='lat' dir='ltr'>ordinaria</span> <span class='ocrx_word' id='word_1_493' title='bbox 1710 1954 1770 1984; x_wconf 90' lang='lat' dir='ltr'>alii</span> <span class='ocrx_word' id='word_1_494' title='bbox 1785 1955 1925 1985; x_wconf 87' lang='lat' dir='ltr'>duxerat</span> <span class='ocrx_word' id='word_1_495' title='bbox 1936 1956 2186 1987; x_wconf 84' lang='lat' dir='ltr'>conferendam.</span> <span class='ocrx_word' id='word_1_496' title='bbox 2203 1958 2329 1988; x_wconf 87' lang='lat' dir='ltr'>Eodem</span> 
     </span>
     <span class='ocr_line' id='line_1_77' title="bbox 1315 2005 2327 2049; baseline 0.006 -14"><span class='ocrx_word' id='word_1_497' title='bbox 1315 2005 1429 2044; x_wconf 85' lang='lat' dir='ltr'>itaque</span> <span class='ocrx_word' id='word_1_498' title='bbox 1445 2006 1570 2036; x_wconf 82' lang='lat' dir='ltr'>decano</span> <span class='ocrx_word' id='word_1_499' title='bbox 1588 2015 1623 2037; x_wconf 90' lang='lat' dir='ltr'>se</span> <span class='ocrx_word' id='word_1_500' title='bbox 1640 2016 1700 2046; x_wconf 86' lang='lat' dir='ltr'>pro</span> <span class='ocrx_word' id='word_1_501' title='bbox 1720 2008 1794 2046; x_wconf 93' lang='lat' dir='ltr'>ipso</span> <span class='ocrx_word' id='word_1_502' title='bbox 1811 2008 1969 2047; x_wconf 83' lang='lat' dir='ltr'>episcopo</span> <span class='ocrx_word' id='word_1_503' title='bbox 1988 2010 2226 2048; x_wconf 82' lang='lat' dir='ltr'>supplicationi</span> <span class='ocrx_word' id='word_1_504' title='bbox 2242 2012 2327 2049; x_wconf 86' lang='lat' dir='ltr'>ejus-</span> 
     </span>
     <span class='ocr_line' id='line_1_78' title="bbox 1315 2059 2329 2099; baseline 0.007 -11"><span class='ocrx_word' id='word_1_505' title='bbox 1315 2059 1390 2089; x_wconf 89' lang='lat' dir='ltr'>dem</span> <span class='ocrx_word' id='word_1_506' title='bbox 1423 2059 1589 2098; x_wconf 85' lang='lat' dir='ltr'>capellani</span> <span class='ocrx_word' id='word_1_507' title='bbox 1624 2063 1813 2099; x_wconf 87' lang='lat' dir='ltr'>opponente</span> <span class='ocrx_word' id='word_1_508' title='bbox 1851 2070 1887 2092; x_wconf 88' lang='lat' dir='ltr'>ac</span> <span class='ocrx_word' id='word_1_509' title='bbox 1922 2061 2019 2092; x_wconf 89' lang='lat' dir='ltr'>nobis</span> <span class='ocrx_word' id='word_1_510' title='bbox 2052 2064 2187 2093; x_wconf 86' lang='lat' dir='ltr'>tandem</span> <span class='ocrx_word' id='word_1_511' title='bbox 2218 2065 2329 2095; x_wconf 80' lang='lat' dir='ltr'>volen-</span> 
     </span>
     <span class='ocr_line' id='line_1_79' title="bbox 1314 2112 2328 2156; baseline 0.005 -13"><span class='ocrx_word' id='word_1_512' title='bbox 1314 2112 1406 2143; x_wconf 84' lang='lat' dir='ltr'>tibus</span> <span class='ocrx_word' id='word_1_513' title='bbox 1432 2113 1538 2151; x_wconf 85' lang='lat' dir='ltr'>quieti</span> <span class='ocrx_word' id='word_1_514' title='bbox 1567 2113 1647 2144; x_wconf 85' lang='lat' dir='ltr'>dicti</span> <span class='ocrx_word' id='word_1_515' title='bbox 1673 2114 1823 2152; x_wconf 88' lang='lat' dir='ltr'>episcopi</span> <span class='ocrx_word' id='word_1_516' title='bbox 1853 2115 2042 2153; x_wconf 77' lang='lat' dir='ltr'>providere,</span> <span class='ocrx_word' id='word_1_517' title='bbox 2068 2119 2098 2146; x_wconf 86' lang='lat' dir='ltr'>et</span> <span class='ocrx_word' id='word_1_518' title='bbox 2128 2117 2240 2147; x_wconf 85' lang='lat' dir='ltr'>taliter</span> <span class='ocrx_word' id='word_1_519' title='bbox 2262 2118 2328 2156; x_wconf 87' lang='lat' dir='ltr'>ipsi</span> 
     </span>
     <span class='ocr_line' id='line_1_80' title="bbox 1314 2166 2328 2208; baseline 0.005 -13"><span class='ocrx_word' id='word_1_520' title='bbox 1314 2166 1445 2196; x_wconf 83' lang='lat' dir='ltr'>deferre</span> <span class='ocrx_word' id='word_1_521' title='bbox 1464 2166 1553 2204; x_wconf 87' lang='lat' dir='ltr'>quod</span> <span class='ocrx_word' id='word_1_522' title='bbox 1573 2166 1661 2196; x_wconf 89' lang='lat' dir='ltr'>idem</span> <span class='ocrx_word' id='word_1_523' title='bbox 1684 2167 1878 2206; x_wconf 86' lang='lat' dir='ltr'>capellanus</span> <span class='ocrx_word' id='word_1_524' title='bbox 1900 2170 2012 2198; x_wconf 87' lang='lat' dir='ltr'>nostre</span> <span class='ocrx_word' id='word_1_525' title='bbox 2033 2170 2138 2208; x_wconf 78' lang='lat' dir='ltr'>gratie</span> <span class='ocrx_word' id='word_1_526' title='bbox 2157 2179 2221 2199; x_wconf 86' lang='grc'><strong>11011</strong></span> <span class='ocrx_word' id='word_1_527' title='bbox 2244 2170 2328 2200; x_wconf 73' lang='lat' dir='ltr'>t&#39;rus-</span> 
     </span>
     <span class='ocr_line' id='line_1_81' title="bbox 1314 2219 2328 2255; baseline 0.005 -7"><span class='ocrx_word' id='word_1_528' title='bbox 1314 2219 1460 2248; x_wconf 86' lang='lat' dir='ltr'>traretur</span> <span class='ocrx_word' id='word_1_529' title='bbox 1494 2219 1624 2255; x_wconf 80' lang='lat' dir='ltr'>effectu,</span> <span class='ocrx_word' id='word_1_530' title='bbox 1661 2222 1867 2251; x_wconf 87' lang='lat' dir='ltr'>memoratus</span> <span class='ocrx_word' id='word_1_531' title='bbox 1896 2221 2054 2255; x_wconf 83' lang='lat' dir='ltr'>decanus,</span> <span class='ocrx_word' id='word_1_532' title='bbox 2087 2225 2200 2253; x_wconf 80' lang='lat' dir='ltr'>nostro</span> <span class='ocrx_word' id='word_1_533' title='bbox 2232 2223 2328 2253; x_wconf 61' lang='lat' dir='ltr'>liene-</span> 
     </span>
     <span class='ocr_line' id='line_1_82' title="bbox 1314 2272 2325 2313; baseline 0.005 -12"><span class='ocrx_word' id='word_1_534' title='bbox 1314 2272 1437 2310; x_wconf 85' lang='lat' dir='ltr'>placito</span> <span class='ocrx_word' id='word_1_535' title='bbox 1454 2272 1638 2309; x_wconf 80' lang='lat' dir='ltr'>intellecto,</span> <span class='ocrx_word' id='word_1_536' title='bbox 1657 2273 1697 2302; x_wconf 91' lang='lat' dir='ltr'>ab</span> <span class='ocrx_word' id='word_1_537' title='bbox 1720 2273 1914 2312; x_wconf 85' lang='lat' dir='ltr'>hujusmodi</span> <span class='ocrx_word' id='word_1_538' title='bbox 1943 2276 2154 2313; x_wconf 88' lang='lat' dir='ltr'>oppositione</span> <span class='ocrx_word' id='word_1_539' title='bbox 2175 2278 2205 2306; x_wconf 90' lang='lat' dir='ltr'>et</span> <span class='ocrx_word' id='word_1_540' title='bbox 2225 2277 2325 2306; x_wconf 85' lang='lat' dir='ltr'>resis-</span> 
     </span>
     <span class='ocr_line' id='line_1_83' title="bbox 1313 2324 2326 2367; baseline 0.004 -12"><span class='ocrx_word' id='word_1_541' title='bbox 1313 2325 1418 2355; x_wconf 84' lang='lat' dir='ltr'>tentia</span> <span class='ocrx_word' id='word_1_542' title='bbox 1445 2324 1576 2355; x_wconf 87' lang='lat' dir='ltr'>destitit</span> <span class='ocrx_word' id='word_1_543' title='bbox 1606 2334 1734 2364; x_wconf 87' lang='lat' dir='ltr'>nosque</span> <span class='ocrx_word' id='word_1_544' title='bbox 1768 2334 1868 2365; x_wconf 91' lang='lat' dir='ltr'>super</span> <span class='ocrx_word' id='word_1_545' title='bbox 1898 2328 2078 2365; x_wconf 87' lang='lat' dir='ltr'>premissis</span> <span class='ocrx_word' id='word_1_546' title='bbox 2111 2328 2326 2367; x_wconf 69' lang='lat' dir='ltr'>infrascripto</span> 
     </span>
     <span class='ocr_line' id='line_1_84' title="bbox 1313 2377 2326 2421; baseline 0.005 -14"><span class='ocrx_word' id='word_1_547' title='bbox 1313 2377 1412 2408; x_wconf 87' lang='lat' dir='ltr'>modo</span> <span class='ocrx_word' id='word_1_548' title='bbox 1441 2378 1654 2416; x_wconf 89' lang='lat' dir='ltr'>providimus</span> <span class='ocrx_word' id='word_1_549' title='bbox 1684 2379 1942 2417; x_wconf 75' lang='lat' dir='ltr'>procedemlum.</span> <span class='ocrx_word' id='word_1_550' title='bbox 1974 2381 2154 2411; x_wconf 76' lang='lat' dir='ltr'>Voluimus</span> <span class='ocrx_word' id='word_1_551' title='bbox 2182 2391 2326 2421; x_wconf 83' lang='lat' dir='ltr'>namque</span> 
     </span>
     <span class='ocr_line' id='line_1_85' title="bbox 1313 2431 2325 2474; baseline 0.005 -14"><span class='ocrx_word' id='word_1_552' title='bbox 1313 2431 1400 2461; x_wconf 88' lang='lat' dir='ltr'>inter</span> <span class='ocrx_word' id='word_1_553' title='bbox 1418 2431 1483 2461; x_wconf 85' lang='lat' dir='ltr'>alia</span> <span class='ocrx_word' id='word_1_554' title='bbox 1501 2431 1601 2470; x_wconf 81' lang='lat' dir='ltr'>quod,</span> <span class='ocrx_word' id='word_1_555' title='bbox 1623 2431 1650 2461; x_wconf 87' lang='lat' dir='ltr'>si</span> <span class='ocrx_word' id='word_1_556' title='bbox 1670 2431 1805 2462; x_wconf 86' lang='lat' dir='ltr'>collatio</span> <span class='ocrx_word' id='word_1_557' title='bbox 1823 2432 1862 2462; x_wconf 90' lang='lat' dir='ltr'>de</span> <span class='ocrx_word' id='word_1_558' title='bbox 1879 2433 1967 2463; x_wconf 86' lang='lat' dir='ltr'>dicta</span> <span class='ocrx_word' id='word_1_559' title='bbox 1990 2434 2157 2472; x_wconf 84' lang='lat' dir='ltr'>prebenda</span> <span class='ocrx_word' id='word_1_560' title='bbox 2178 2443 2236 2473; x_wconf 84' lang='lat' dir='ltr'>per</span> <span class='ocrx_word' id='word_1_561' title='bbox 2254 2444 2325 2474; x_wconf 88' lang='lat' dir='ltr'>pre-</span> 
     </span>
     <span class='ocr_line' id='line_1_86' title="bbox 1314 2483 2325 2525; baseline 0.005 -12"><span class='ocrx_word' id='word_1_562' title='bbox 1314 2483 1420 2514; x_wconf 83' lang='lat' dir='ltr'>fatum</span> <span class='ocrx_word' id='word_1_563' title='bbox 1445 2484 1641 2523; x_wconf 86' lang='lat' dir='ltr'>episcopum</span> <span class='ocrx_word' id='word_1_564' title='bbox 1663 2484 1749 2515; x_wconf 84' lang='lat' dir='ltr'>facta</span> <span class='ocrx_word' id='word_1_565' title='bbox 1769 2486 1880 2516; x_wconf 84' lang='lat' dir='ltr'>extitit</span> <span class='ocrx_word' id='word_1_566' title='bbox 1903 2495 2009 2525; x_wconf 87' lang='lat' dir='ltr'>usque</span> <span class='ocrx_word' id='word_1_567' title='bbox 2030 2487 2070 2517; x_wconf 87' lang='lat' dir='ltr'>ad</span> <span class='ocrx_word' id='word_1_568' title='bbox 2091 2488 2213 2518; x_wconf 78' lang='lat' dir='ltr'>festum</span> <span class='ocrx_word' id='word_1_569' title='bbox 2236 2488 2325 2519; x_wconf 89' lang='lat' dir='ltr'>beati</span> 
     </span>
     <span class='ocr_line' id='line_1_87' title="bbox 1312 2537 2325 2580; baseline 0.005 -14"><span class='ocrx_word' id='word_1_570' title='bbox 1312 2537 1477 2567; x_wconf 84' lang='lat' dir='ltr'>Johannis</span> <span class='ocrx_word' id='word_1_571' title='bbox 1503 2538 1655 2576; x_wconf 85' lang='lat' dir='ltr'>Baptiste</span> <span class='ocrx_word' id='word_1_572' title='bbox 1684 2539 1840 2576; x_wconf 81' lang='lat' dir='ltr'>proximo</span> <span class='ocrx_word' id='word_1_573' title='bbox 1866 2541 2076 2578; x_wconf 73' lang='lat' dir='ltr'>preteritum,</span> <span class='ocrx_word' id='word_1_574' title='bbox 2107 2541 2151 2571; x_wconf 84' lang='lat' dir='ltr'>ita</span> <span class='ocrx_word' id='word_1_575' title='bbox 2177 2542 2265 2580; x_wconf 85' lang='lat' dir='ltr'>quod</span> <span class='ocrx_word' id='word_1_576' title='bbox 2286 2542 2325 2572; x_wconf 85' lang='lat' dir='ltr'>de</span> 
     </span>
     <span class='ocr_line' id='line_1_88' title="bbox 1313 2590 2326 2633; baseline 0.006 -14"><span class='ocrx_word' id='word_1_577' title='bbox 1313 2590 1508 2630; x_wconf 87' lang='lat' dir='ltr'>hujusmodi</span> <span class='ocrx_word' id='word_1_578' title='bbox 1532 2591 1711 2621; x_wconf 87' lang='lat' dir='ltr'>collatione</span> <span class='ocrx_word' id='word_1_579' title='bbox 1730 2600 1796 2622; x_wconf 89' lang='lat' dir='ltr'>non</span> <span class='ocrx_word' id='word_1_580' title='bbox 1813 2601 1871 2630; x_wconf 85' lang='lat' dir='ltr'>per</span> <span class='ocrx_word' id='word_1_581' title='bbox 1891 2593 2023 2623; x_wconf 89' lang='lat' dir='ltr'>litteras</span> <span class='ocrx_word' id='word_1_582' title='bbox 2048 2594 2106 2624; x_wconf 88' lang='lat' dir='ltr'>sed</span> <span class='ocrx_word' id='word_1_583' title='bbox 2128 2603 2186 2633; x_wconf 85' lang='lat' dir='ltr'>per</span> <span class='ocrx_word' id='word_1_584' title='bbox 2209 2595 2326 2633; x_wconf 84' lang='lat' dir='ltr'>proba-</span> 
     </span>
     <span class='ocr_line' id='line_1_89' title="bbox 1312 2644 2324 2683; baseline 0.003 -10"><span class='ocrx_word' id='word_1_585' title='bbox 1312 2644 1423 2674; x_wconf 84' lang='lat' dir='ltr'>tiones</span> <span class='ocrx_word' id='word_1_586' title='bbox 1442 2644 1527 2674; x_wconf 87' lang='lat' dir='ltr'>alias</span> <span class='ocrx_word' id='word_1_587' title='bbox 1549 2644 1720 2683; x_wconf 82' lang='lat' dir='ltr'>legitimas</span> <span class='ocrx_word' id='word_1_588' title='bbox 1736 2645 1791 2675; x_wconf 80' lang='lat' dir='ltr'>fiat</span> <span class='ocrx_word' id='word_1_589' title='bbox 1811 2646 1906 2682; x_wconf 79' lang='lat' dir='ltr'>tides,</span> <span class='ocrx_word' id='word_1_590' title='bbox 1928 2646 2029 2676; x_wconf 83' lang='lat' dir='ltr'>robur</span> <span class='ocrx_word' id='word_1_591' title='bbox 2047 2647 2162 2677; x_wconf 61' lang='lat' dir='ltr'>earlem</span> <span class='ocrx_word' id='word_1_592' title='bbox 2190 2648 2324 2678; x_wconf 78' lang='lat' dir='ltr'>collatio</span> 
     </span>
     <span class='ocr_line' id='line_1_90' title="bbox 1315 2697 2324 2738; baseline 0.005 -12"><span class='ocrx_word' id='word_1_593' title='bbox 1315 2697 1486 2727; x_wconf 87' lang='lat' dir='ltr'>firmitatis</span> <span class='ocrx_word' id='word_1_594' title='bbox 1505 2697 1660 2731; x_wconf 84' lang='lat' dir='ltr'>haberet:</span> <span class='ocrx_word' id='word_1_595' title='bbox 1693 2700 1723 2728; x_wconf 89' lang='lat' dir='ltr'>et</span> <span class='ocrx_word' id='word_1_596' title='bbox 1743 2698 1934 2737; x_wconf 87' lang='lat' dir='ltr'>sepedictus</span> <span class='ocrx_word' id='word_1_597' title='bbox 1963 2700 2158 2738; x_wconf 82' lang='lat' dir='ltr'>capellanus</span> <span class='ocrx_word' id='word_1_598' title='bbox 2183 2709 2223 2730; x_wconf 87' lang='lat' dir='ltr'>ex</span> <span class='ocrx_word' id='word_1_599' title='bbox 2247 2703 2324 2731; x_wconf 86' lang='lat' dir='ltr'>tunc</span> 
     </span>
     <span class='ocr_line' id='line_1_91' title="bbox 1315 2750 2324 2792; baseline 0.004 -12"><span class='ocrx_word' id='word_1_600' title='bbox 1315 2750 1548 2781; x_wconf 86' lang='lat' dir='ltr'>canonicatum</span> <span class='ocrx_word' id='word_1_601' title='bbox 1567 2751 1717 2789; x_wconf 85' lang='lat' dir='ltr'>predicte</span> <span class='ocrx_word' id='word_1_602' title='bbox 1734 2751 1968 2783; x_wconf 78' lang='lat' dir='ltr'>Atrebateusis</span> <span class='ocrx_word' id='word_1_603' title='bbox 1988 2753 2141 2787; x_wconf 81' lang='lat' dir='ltr'>ecclesie,</span> <span class='ocrx_word' id='word_1_604' title='bbox 2160 2763 2234 2783; x_wconf 80' lang='lat' dir='ltr'>cum</span> <span class='ocrx_word' id='word_1_605' title='bbox 2255 2754 2324 2792; x_wconf 88' lang='lat' dir='ltr'>ple-</span> 
     </span>
     <span class='ocr_line' id='line_1_92' title="bbox 1314 2804 2324 2845; baseline 0.003 -12"><span class='ocrx_word' id='word_1_606' title='bbox 1314 2804 1467 2834; x_wconf 89' lang='lat' dir='ltr'>nitudine</span> <span class='ocrx_word' id='word_1_607' title='bbox 1479 2804 1566 2842; x_wconf 86' lang='lat' dir='ltr'>juris</span> <span class='ocrx_word' id='word_1_608' title='bbox 1581 2804 1745 2840; x_wconf 78' lang='lat' dir='ltr'>canonici,</span> <span class='ocrx_word' id='word_1_609' title='bbox 1760 2813 1795 2835; x_wconf 86' lang='lat' dir='ltr'>ac</span> <span class='ocrx_word' id='word_1_610' title='bbox 1810 2805 2015 2844; x_wconf 87' lang='lat' dir='ltr'>prebendam</span> <span class='ocrx_word' id='word_1_611' title='bbox 2033 2807 2130 2845; x_wconf 86' lang='lat' dir='ltr'>siqua</span> <span class='ocrx_word' id='word_1_612' title='bbox 2143 2809 2220 2836; x_wconf 88' lang='lat' dir='ltr'>tunc</span> <span class='ocrx_word' id='word_1_613' title='bbox 2234 2816 2324 2837; x_wconf 70' lang='lat' dir='ltr'>vaca-</span> 
     </span>
     <span class='ocr_line' id='line_1_93' title="bbox 1314 2856 2324 2898; baseline 0.003 -12"><span class='ocrx_word' id='word_1_614' title='bbox 1314 2856 1382 2890; x_wconf 85' lang='lat' dir='ltr'>bat,</span> <span class='ocrx_word' id='word_1_615' title='bbox 1400 2856 1525 2887; x_wconf 88' lang='lat' dir='ltr'>ibidem</span> <span class='ocrx_word' id='word_1_616' title='bbox 1543 2866 1627 2896; x_wconf 88' lang='lat' dir='ltr'>quos</span> <span class='ocrx_word' id='word_1_617' title='bbox 1644 2859 1766 2887; x_wconf 85' lang='lat' dir='ltr'>extunc</span> <span class='ocrx_word' id='word_1_618' title='bbox 1788 2857 1853 2888; x_wconf 87' lang='lat' dir='ltr'>sibi</span> <span class='ocrx_word' id='word_1_619' title='bbox 1876 2859 2082 2889; x_wconf 88' lang='lat' dir='ltr'>contulimus</span> <span class='ocrx_word' id='word_1_620' title='bbox 2100 2863 2129 2890; x_wconf 90' lang='lat' dir='ltr'>et</span> <span class='ocrx_word' id='word_1_621' title='bbox 2146 2860 2185 2889; x_wconf 90' lang='lat' dir='ltr'>de</span> <span class='ocrx_word' id='word_1_622' title='bbox 2202 2860 2324 2898; x_wconf 80' lang='lat' dir='ltr'>quibus</span> 
     </span>
     <span class='ocr_line' id='line_1_94' title="bbox 1315 2909 2323 2950; baseline 0.003 -11"><span class='ocrx_word' id='word_1_623' title='bbox 1315 2909 1381 2940; x_wconf 89' lang='lat' dir='ltr'>sibi</span> <span class='ocrx_word' id='word_1_624' title='bbox 1398 2910 1611 2949; x_wconf 88' lang='lat' dir='ltr'>providimus</span> <span class='ocrx_word' id='word_1_625' title='bbox 1632 2912 1663 2941; x_wconf 89' lang='lat' dir='ltr'>et</span> <span class='ocrx_word' id='word_1_626' title='bbox 1684 2919 1760 2941; x_wconf 89' lang='lat' dir='ltr'>eum</span> <span class='ocrx_word' id='word_1_627' title='bbox 1777 2920 1836 2950; x_wconf 90' lang='lat' dir='ltr'>per</span> <span class='ocrx_word' id='word_1_628' title='bbox 1856 2914 2009 2942; x_wconf 88' lang='lat' dir='ltr'>nostrum</span> <span class='ocrx_word' id='word_1_629' title='bbox 2030 2913 2167 2942; x_wconf 89' lang='lat' dir='ltr'>anulum</span> <span class='ocrx_word' id='word_1_630' title='bbox 2190 2913 2323 2943; x_wconf 78' lang='lat' dir='ltr'>investi-</span> 
     </span>
    </p>
   </div>
  </div>
 </body>
</html>
