2519 3262
268 300 308 330 40
968 291 1048 322 LES
1071 288 1313 322 REGISTRES
1335 288 1550 320 D'URBAIN·
1574 288 1632 318 lv.

267 391 354 428 Quia
369 399 447 421 vero
465 390 616 419 nostrum
632 389 681 418 est
694 386 892 417 clericorum
905 386 937 415 et
949 384 1109 414 laicorum
1123 383 1273 421 ipsorum

268 444 456 475 animarum
489 441 624 472 obviare
656 439 816 479 periculis
833 440 865 469 et
882 438 1047 468 dictorum
1064 436 1274 466 intirmorum

268 497 299 527 et
310 503 493 535 pauperum
506 501 679 524 occurrere
689 490 913 524 detrimentis,
925 489 1138 520 universitati
1152 489 1272 519 vestre,

267 549 309 579 ad
324 549 429 578 instar
447 546 556 577 felicis
568 544 811 576 recordationis
825 542 1011 574 Innocentii
1030 544 1060 572 et
1075 540 1273 576 Alexandri,

266 602 543 641 predecessorum
574 601 777 633 nostrorum,
807 597 1034 628 Romanorum
1066 594 1273 634 pontificum,

266 664 326 694 per
342 653 527 693 apostolica
543 652 670 691 scripta
688 651 888 682 mandamus
906 649 1066 688 quatinus
1084 647 1225 678 clericos
1243 648 1275 676 et

266 708 373 738 laicos
398 707 609 745 supradictos
634 713 769 736 monere
796 705 826 734 et
854 703 1010 733 inducere
1030 701 1218 740 procuretis
1239 702 1275 730 ut
1303 722 1305 730 Α

266 760 459 799 hujusmodi
477 760 586 798 legata
597 758 766 798 promissa
782 757 944 795 impleant
961 757 993 786 et
1009 755 1195 789 exsolvant,
1215 761 1274 792 pro

268 814 515 844 sustentatione
538 811 749 842 infirmorum
771 812 803 840 et
826 817 1023 848 pauperum,
1046 806 1218 845 magistris
1243 808 1275 836 et

268 866 430 898 fratribus
440 865 656 904 supradictis.
667 864 790 894 Datum
805 861 963 897 Viterbii,
981 871 998 890 x
1013 860 1176 890 kalendas
1189 859 1276 898 apri-

267 920 322 955 lis,
340 919 553 958 pontificatus
570 917 677 947 nostri
697 925 783 946 anno
807 915 927 954 primo.
948 926 962 941 »
979 912 1080 953 (Bulle
1097 919 1201 941 retenti
1216 922 1276 951 par

266 984 325 1003 une
346 971 435 1003 corde
452 971 488 1002 de
505 971 658 1007 cham-re.)

828 1107 953 1138 Viterbc,
974 1107 1008 1134 23
1025 1114 1103 1133 mars
1126 1106 1204 1133 1262.

356 1112 454 1143 2896

303 1195 339 1222 Dc
356 1197 449 1222 aetate
465 1193 605 1228 exigenda
622 1202 639 1220 a
654 1192 828 1228 recipiendis
841 1191 870 1218 in
884 1189 988 1217 fratres
1004 1192 1033 1217 et
1049 1197 1161 1217 sorores
1173 1189 1274 1215 domus

264 1244 416 1278 hospitalis
431 1252 454 1271 s.
477 1243 581 1270 Mariae
599 1241 804 1269 Laudunensis.
823 1241 923 1276 (Anca.
939 1241 1010 1266 Nar.
1029 1247 1044 1265 L
1059 1238 1121 1269 254,
1137 1243 1168 1265 n⁰
1181 1238 1239 1272 20⁴)

308 1343 323 1362 (ι
345 1331 484 1362 Urbanus
498 1331 667 1371 episcopus,
677 1339 940 1360 servusservorum
952 1328 1019 1364 Dei,
1033 1328 1150 1358 dilectis
1160 1328 1250 1368 filiis.
1268 1351 1273 1356 .

266 1387 412 1426 maqae'stro
429 1390 455 1415 et
467 1384 616 1424 fratribus
625 1384 727 1414 domus
737 1382 898 1423 hospitalis
909 1381 1274 1418 b.itla1‘ieLazcdune12sis,

266 1438 393 1468 salutem
409 1443 436 1468 et
458 1437 655 1478 apostolicam
675 1436 942 1466 benedictionem&
965 1435 1188 1474 Exigentibus
1204 1443 1277 1464 ves-

266 1493 317 1522 tre
333 1491 521 1522 devotionis
538 1508 587 1519 -.
607 1490 694 1520 Hinc
717 1491 768 1520 est
784 1489 872 1528 quod
885 1491 952 1519 tarn
969 1488 1093 1518 vestris
1107 1496 1208 1526 quam
1228 1487 1276 1517 di-

266 1544 432 1575 lectorum
454 1544 601 1574 filiorum
621 1567 626 1572 .
646 1568 651 1572 .
676 1543 792 1573 decani
811 1544 844 1572 et
873 1541 1010 1581 capituli
1039 1541 1276 1571 Laudunensis

267 1597 366 1628 nobis
393 1606 494 1636 super
516 1597 577 1627 hoc
599 1605 658 1636 pro
688 1596 784 1626 vobis
801 1595 976 1626 humiliter
999 1594 1274 1633 supplicantium,

267 1651 424 1691 precibus
450 1650 615 1684 inclinati,
642 1649 850 1689 presentium
876 1649 1074 1679 auctoritate
1093 1647 1275 1678 statuimus

268 1705 352 1735 utin
364 1704 524 1743 hospitali
536 1705 648 1734 vestro
663 1703 778 1733 nullus
794 1703 826 1732 in
839 1702 996 1732 clericum
1012 1701 1064 1731 vel
1075 1709 1274 1731 conversum

268 1758 336 1789 nisi
353 1757 554 1788 vicesimum
572 1757 740 1796 quintum,
759 1756 917 1794 nullaque
937 1756 968 1785 in
987 1755 1114 1785 sociam
1132 1754 1185 1784 vel
1202 1762 1277 1784 con—

267 1820 400 1842 versam
414 1811 697 1841 nisitricesimum
707 1810 807 1840 etatis
817 1818 875 1839 sue
886 1818 1010 1839 annum
1022 1807 1274 1846 compleverint,

268 1866 421 1896 decetero
450 1864 680 1894 admittantur.
701 1863 795 1894 Nulli
819 1872 897 1901 ergo
912 1880 961 1892 —.
988 1862 1021 1893 Si
1041 1862 1118 1901 quis
1145 1879 1193 1891 --.
1211 1862 1274 1891 Da-

267 1921 344 1948 tum
363 1917 519 1954 Viterhii,
543 1927 562 1946 x
587 1917 749 1947 kalendas
776 1917 906 1955 aprilis,
932 1916 1147 1954 pontificatus
1168 1915 1275 1945 nostri

269 1980 357 2002 anno
374 1972 483 2010 primo
498 1970 520 2001 ².
543 1980 558 2000 )›

841 2108 966 2140 Viterbe,
984 2108 1017 2135 :3
1032 2117 1109 2134 mars
1128 2109 1203 2136 1202.

359 2113 454 2144 2897

305 2197 339 2224 Ut
360 2197 484 2223 decanus
500 2194 695 2222 Laudunensis
710 2193 826 2227 capituli
846 2192 992 2223 fratribus,
1009 2193 1154 2219 sororibus
1166 2195 1193 2219 ct
1211 2201 1277 2227 pau-

272 2245 386 2280 peribus
403 2244 553 2279 hospitalis
573 2244 598 2269 b.
618 2243 723 2270 Mariae
744 2241 940 2269 Lauduuensis
958 2240 1157 2275 pinnitcutiain
1175 2241 1279 2268 salutu-

270 2303 332 2321 rem
358 2294 505 2330 injungere
534 2292 638 2324 valeat,
655 2292 753 2319 audita
767 2299 866 2318 eorum
882 2290 1071 2318 confessione.
1091 2292 1188 2324 (Aaou.
1206 2291 1276 2316 Nar.

271 2351 286 2369 L
300 2339 362 2375 251,
380 2349 410 2370 n⁰
425 2342 483 2376 21.)

311 2442 326 2460 t(
348 2430 487 2460 Urbanus
500 2431 669 2469 episcopus,
681 2440 781 2460 seri-us
791 2439 944 2459 servorum
958 2428 1024 2465 Dei,
1039 2427 1159 2459 dilectis
1169 2429 1253 2468 filiis.
1271 2452 1277 2458 .

271 2484 384 2514 decano
397 2489 423 2514 et
435 2483 570 2524 capitulo
582 2482 833 2513 Laudnnensibus
843 2482 973 2512 salutem
987 2487 1011 2511 el
1023 2482 1221 2521 apostolicam
1233 2481 1276 2511 be·

273 2536 482 2567 nedictionenz.
495 2536 694 2567 Devotionis
706 2538 816 2566 vestre
831 2534 988 2574 precibus
1003 2534 1167 2570 inclinati,
1182 2534 1279 2565 vobis

271 2590 454 2629 gratificari
472 2591 503 2620 et
520 2598 578 2628 per
598 2589 787 2628 impensam
806 2588 903 2618 vobis
919 2588 1061 2627 gratiam
1079 2588 1278 2618 dilectorum

273 2643 431 2673 liliorum.
446 2667 452 2673 .
468 2642 621 2681 magistri
639 2643 669 2672 et
682 2642 823 2672 fratrum
838 2640 1148 2680 domushospitalis
1165 2640 1196 2670 b.
1212 2641 1279 2671 Ma-

273 2696 322 2726 rie
342 2695 577 2726 Laudunensis
601 2695 790 2725 animarum
805 2694 906 2724 saluti
923 2696 955 2725 et
974 2693 1079 2733 quieti
1103 2693 1279 2732 providere

273 2748 438 2785 volentes,
458 2748 655 2778 auctoritate
674 2747 770 2778 vobis
787 2747 995 2786 presentium
1010 2746 1225 2786 indulgemus
1243 2748 1279 2777 ut

274 2801 422 2832 decanus
435 2801 574 2831 ecclesie
594 2802 704 2831 vestre
724 2801 780 2839 qui
796 2809 855 2839 pro
872 2802 1022 2838 tempore
1040 2799 1153 2834 fuerit,
1170 2800 1280 2838 possit

274 2862 335 2893 per
362 2863 398 2884 se
421 2854 472 2885 vel
490 2854 595 2884 alium
625 2855 681 2884 aut
698 2854 783 2884 alios
805 2853 846 2883 ad
869 2853 929 2884 hoc
953 2853 1102 2889 idoneos,
1123 2853 1280 2892 quotiens

308 2947 328 2969 t.
344 2945 387 2969 Au
402 2944 452 2968 dos
467 2943 551 2968 d'une
567 2943 691 2967 »Seriture
705 2942 951 2973 contemporaine:
966 2942 1097 2966 Ani-herus
1113 2950 1190 2973 nepos
1202 2950 1278 2974 pape.

306 2991 329 3014 2.
346 2989 426 3014 Cette
445 2987 521 3013 bullo
535 2991 577 3012 est
597 2995 651 3012 aux
669 2987 799 3011 archives
816 2994 849 3011 en
867 2986 970 3011 double
989 2986 1171 3017 exemplaire.

1332 382 1534 419 oportunum
1549 379 1661 415 suerit,
1677 378 1839 409 fratribus
1853 380 1885 409 et
1898 377 2072 408 sororibus
2084 387 2121 408 ac
2134 378 2340 417 pauperibus

1331 433 1411 463 dicti
1430 432 1621 471 hospitalis,
1640 432 1674 462 in
1691 431 2040 471 quojurisdictionem
2057 431 2269 470 spiritualem
2286 431 2342 462 ob-

1331 486 1437 516 tinere
1451 485 1615 520 dicimini,
1629 485 1743 514 audita
1757 484 1970 515 confessione
1987 483 2151 522 ipsorum,
2168 484 2342 523 injungere

1331 547 1390 577 pro
1416 539 1687 578 quibuscumque
1703 537 1898 568 commissis
1914 537 2137 576 penitentiam
2156 537 2339 567 salutarem

1331 593 1363 622 et
1379 591 1490 622 debite
1515 591 1741 621 absolutionis
1765 590 1967 621 beneficium
1990 589 2140 629 elargiri,
2159 590 2341 620 dummodo

1331 653 1396 674 non
1416 645 1540 674 suerint
1559 644 1641 674 adeo
1667 643 1826 674 difficiles
1847 645 1880 674 et
1903 651 2058 673 enormes
2076 651 2237 673 excessus
2254 643 2341 682 quod

1331 706 1433 737 super
1465 697 1531 727 hiis
1558 698 1602 728 sit
1634 697 1754 727 merIto
1786 697 1882 726 sedes
1909 696 2096 735 apostolica
2123 695 2341 726 consulenda.

1331 751 1424 781 Nulli
1443 760 1522 790 ergo
1540 768 1588 780 —.
1613 751 1647 781 Si
1667 750 1744 790 quis
1762 768 1812 780 —.
1830 750 1955 780 Datum
1970 749 2126 785 viterbii,
2145 759 2163 778 x
2180 749 2343 779 kalendas

1331 804 1463 843 aprilis,
1483 804 1700 843 pontificatus
1722 803 1829 833 nostri
1846 811 1932 834 anno
1949 802 2090 841 primo'.
2108 813 2122 831 n

1906 949 2031 979 Yiterbe,
2048 949 2091 976 1²¹·
2102 948 2175 976 avril
2191 949 2270 976 1202.

1421 953 1518 983 2898

1366 1035 1540 1062 Monasterio
1559 1043 1581 1061 s.
1607 1036 1735 1062 Andreae
1757 1035 1791 1060 ‹le
1813 1034 1926 1064 Confer,
1946 1033 2146 1061 cisterciensis
2162 1033 2281 1064 ordinis,
2296 1033 2344 1060 Sa-

1332 1084 1439 1119 giensis
1464 1084 1597 1114 diocesis,
1621 1084 1704 1115 bona,
1735 1084 1882 1110 libertates
1903 1090 1931 1110 et
1962 1083 2161 1110 immunitates
2180 1082 2342 1110 coufirmat.

1330 1134 1428 1166 (Auen.
1449 1140 1485 1159 nu
1505 1134 1663 1164 Carmanos,
1679 1142 1695 1159 n
1715 1132 1790 1165 938.)

1371 1231 1387 1251 ‹(
1408 1221 1548 1252 Urbanus
1563 1222 1728 1260 episcopus,
1754 1231 1857 1251 servus
1877 1231 2032 1250 servorum
2054 1220 2119 1257 Dei,
2135 1219 2254 1250 dilectis
2269 1219 2344 1260 filiis

1332 1274 1435 1304 abbaci
1458 1279 1485 1304 et
1511 1275 1671 1304 conventui
1696 1275 1873 1304 monosterii
1889 1284 1914 1304 s.
1938 1273 2060 1304 :tudree
2076 1273 2111 1303 de
2133 1273 2258 1312 Confer.
2277 1273 2342 1304 Cis-

1333 1328 1488 1358 terciensis
1513 1327 1642 1363 ordinis,
1661 1326 1817 1366 Saqiensis
1842 1327 1978 1362 diocesis,
1998 1327 2122 1357 salutem
2146 1331 2173 1356 et
2199 1325 2342 1366 apostoli-

1332 1391 1397 1411 cam
1425 1381 1675 1411 benedictionem.
1704 1381 1788 1411 Cum
1811 1390 1830 1410 a
1859 1381 1956 1411 nobis
1976 1398 2024 1410 —.
2038 1381 2163 1411 Datum
2184 1379 2342 1415 viterbii,

1332 1435 1489 1465 Kalendis
1505 1435 1635 1473 aprilis,
1651 1434 1868 1474 pontificatus
1887 1434 1993 1464 nostri
2012 1442 2099 1463 anno
2113 1433 2234 1472 primo.
2255 1443 2273 1463 1)

1423 1583 1521 1614 2899

1912 1580 2037 1614 Viterbe.
2055 1581 2088 1607 27
2105 1579 2178 1607 avril
2193 1580 2270 1607 1:262.

1368 1665 1469 1692 Abbati
1495 1668 1522 1692 et
1540 1665 1694 1692 conventui
1713 1664 1883 1692 monasterii
1902 1673 1924 1691 s.
1943 1664 2077 1691 Germani
2093 1665 2127 1691 de
2143 1664 2235 1691 Pratis
2251 1664 2343 1691 indul-

1333 1717 1379 1749 get
1398 1717 1425 1741 nt
1455 1714 1586 1741 homines
1611 1717 1755 1740 terrarum
1773 1714 1901 1748 ipsorum
1921 1722 2018 1740 coram
2038 1713 2172 1748 episcopo
2187 1713 2343 1741 Parisiensi

1333 1772 1382 1790 seu
1400 1763 1495 1798 aliquo
1510 1764 1545 1790 de
1565 1762 1738 1790 I’arisiensis
1755 1762 1893 1790 eeclesiae
1909 1763 2035 1797 capitulo
2050 1761 2196 1790 conveniri
2211 1771 2266 1790 non
2281 1771 2342 1798 pos-

1334 1813 1401 1840 sint.
1418 1814 1517 1843 (Ancn.
1536 1812 1607 1839 Nar.
1629 1821 1642 1838 L
1659 1812 1721 1843 2:3⁴2,
1734 1816 1765 1838 ῐιο
1780 1812 1838 1844 25.)

1375 1913 1389 1932 u
1406 1901 1544 1932 Urbanus
1553 1902 1723 1942 episcopus,
1735 1911 1837 1930 seri-us
1847 1911 2001 1931 serrorum
2018 1901 2096 1930 Dei..
2115 1901 2218 1931 abban·
2231 1907 2257 1931 e!
2275 1911 2346 1931 con-

1335 1956 1436 1986 ventui
1453 1955 1632 1984 monasterii
1655 1966 1677 1985 s.
1696 1954 1838 1985 Germani
1852 1954 1887 1984 de
1900 1953 2004 1984 Pralis
2016 1954 2213 1989 Parisiensis,
2230 1955 2272 1985 ad
2288 1955 2343 1985 Ro-

1334 2020 1453 2039 manam
1465 2008 1620 2038 ecclesiam
1640 2007 1724 2037 nullo
1742 2009 1837 2037 'nesio
1851 2008 2043 2047 pertinentis,
2067 2007 2195 2038 salutem
2212 2013 2239 2038 ee
2255 2017 2343 2048 opos-

1336 2063 1456 2092 iolicam
1472 2062 1719 2091 benedictionem.
1732 2062 1863 2092 Meritis
1877 2064 1985 2092 vestre
2001 2061 2188 2100 religionis,
2208 2077 2244 2082 —
2257 2061 2344 2092 HInc

1335 2118 1387 2147 est.
1403 2117 1491 2155 quod
1509 2124 1569 2146 nos
1589 2115 1711 2145 vestris
1735 2114 2041 2154 supplicationibus
2055 2114 2220 2151 inclinati,
2234 2116 2343 2145 aucto—

1336 2170 1434 2199 ritate
1453 2168 1547 2198 vobis
1563 2168 1770 2207 presentium
1786 2167 2002 2206 indulgemus
2020 2170 2055 2197 ut
2071 2167 2224 2198 homines
2242 2170 2345 2198 terra-

1336 2231 1409 2252 rum
1428 2222 1530 2251 vestri
1552 2221 1749 2251 monasterii
1771 2229 1872 2259 super
1893 2221 2005 2253 terris.
2025 2221 2301 2259 possessionibus
2313 2224 2343 2252 et

1336 2274 1434 2305 honis
1451 2284 1514 2313 qne
1527 2274 1652 2304 avobis
1669 2276 1701 2304 et
1714 2273 1918 2304 monasterio
1936 2274 2010 2311 ipso
2028 2276 2140 2304 tenent
2153 2276 2185 2304 et
2200 2283 2343 2313 quorum

1338 2328 1463 2357 ratione
1488 2327 1692 2357 venerabilis
1727 2326 1829 2357 frater
1857 2328 2012 2356 noster..
2045 2327 2226 2366 episcopus
2249 2327 2344 2358 Pari-

1337 2381 1462 2410 siensis
1491 2380 1618 2410 nullam
1646 2380 1677 2409 in
1707 2388 1764 2409 eos
1780 2379 2051 2418 jurisdictionem
2071 2379 2210 2416 obtinet,
2231 2389 2343 2411 coram

1337 2433 1452 2464 eodem
1483 2433 1640 2471 episcopo
1668 2441 1727 2462 seu
1755 2432 1870 2471 aliquo
1893 2433 1932 2462 de
1961 2433 2108 2471 capitulo
2138 2433 2345 2464 Parisiensis

1337 2486 1476 2517 ecclesie
1496 2485 1546 2516 vel
1564 2494 1679 2516 eorum
1693 2485 1909 2521 officialibus,
1925 2486 2122 2517 auctoritate
2136 2486 2246 2525 ipsius
2260 2486 2347 2526 epis·

1336 2539 1421 2578 copi,
1436 2538 1607 2569 conveniri
1625 2547 1688 2568 non
1708 2538 1850 2577 possint,
1866 2538 2046 2569 dummodo
2064 2539 2218 2570 homines
2238 2540 2344 2571 vestri

1337 2592 1443 2631 parati
1456 2592 1523 2622 sint
1537 2600 1648 2622 eoram
1664 2591 1758 2621 vobis
1772 2600 1875 2630 super
1885 2592 1952 2622 hiis
1961 2592 2001 2622 de
2012 2601 2047 2622 se
2060 2593 2346 2632 conquerentibus

1338 2645 1550 2684 respondere,
1574 2653 1701 2683 vosque
1721 2645 1753 2675 in
1773 2645 1961 2675 exhibenda
1973 2645 2107 2683 justitia
2125 2645 2165 2676 de
2184 2646 2345 2686 predictis

1336 2697 1530 2728 hominibus
1553 2698 1759 2737 negligentes
1778 2707 1843 2728 non
1864 2698 1997 2728 fueritis
2016 2698 2069 2728 vel
2083 2699 2228 2730 remissi.
2248 2700 2343 2731 Nulli

1337 2758 1415 2788 ergo
1434 2767 1482 2779 —.
1497 2750 1531 2780 Si
1549 2750 1625 2789 quis
1641 2767 1689 2778 —.
1711 2750 1835 2780 Datum
1858 2749 2014 2785 Viterbii,
2034 2760 2051 2778 v
2069 2750 2231 2781 kalendas
2250 2750 2343 2787 maii,

1337 2803 1552 2842 pontificatus
1572 2803 1678 2834 nostri
1695 2811 1781 2833 anno
1796 2803 1905 2842 primo
1917 2802 1939 2833 ².
1957 2814 1972 2832 ι)

1368 2900 1391 2923 ¹.
1410 2899 1453 2923 Au
1467 2897 1529 2923 dos.
1540 2898 1624 2922 il'une
1638 2898 1762 2922 eei-iture
1774 2897 2020 2928 conteiuporaine:
2034 2898 2167 2922 Ant-herus
2180 2906 2257 2930 nepos
2265 2906 2343 2930 pape.

1368 2942 1392 2966 Ξ.
1412 2942 1466 2966 Sur
1483 2942 1507 2966 le
1523 2942 1561 2973 pli
1576 2950 1581 2966 ε
1598 2942 1707 2966 Jucubns
1722 2942 1753 2966 ‘Ie
1768 2942 1901 2966 Mei-anea.

1368 2986 1446 3010 Culte
1465 2986 1541 3010 bullo
1557 2989 1598 3010 est
1615 2994 1647 3010 en
1666 2985 1768 3010 double
1787 2985 1959 3016 exemplaire
1975 2992 2031 3010 aux
2047 2985 2189 3010 archives.
