2519 3262
1083 171 1322 209 TROISIEME
1351 171 1516 208 ANNEE.

259 263 429 293 mandatis
453 264 489 293 ut
511 262 572 293 tibi
591 263 631 293 de
649 262 811 293 beneficio
835 262 1077 296 ecclesiastico,
1106 261 1147 291 ad
1174 269 1271 291 suam

258 316 312 346 vel
330 316 472 346 alterius
484 317 727 355 cujuscumque
740 316 954 346 collationem
968 315 1152 353 spectante,
1169 313 1271 343 etiam

260 369 288 399 si
308 378 422 399 curam
440 370 631 400 animarum
647 369 796 405 haberet,
825 369 860 398 in
880 366 1112 398 Xauctonensi
1135 366 1271 396 civitate

258 422 312 452 vel
330 422 470 458 diocesi,
490 423 518 452 si
538 424 615 453 tunc
633 421 774 452 vacabat
796 421 922 451 ibidem
946 420 999 450 vel
1017 420 1271 458 quamprimum

259 475 300 505 ad
316 475 351 505 id
368 484 403 506 se
420 476 554 506 offerret
566 475 789 514 oportunitas,
805 482 866 513 per
882 482 917 503 se
934 472 988 503 vel
1003 481 1063 511 per
1078 472 1183 502 alium
1197 481 1271 510 pro-

257 529 399 565 videret,
431 529 695 559 contradictores
716 529 791 562 etc.,
816 535 924 565 usque
944 526 1201 565 compescendo,
1222 525 1269 555 di-

257 582 364 613 lectus
381 582 474 612 filius
493 581 679 613 Gaufridus
698 581 738 610 de
755 581 908 616 Barreto,
925 579 1107 610 canonicus
1123 579 1270 610 Xancto-

256 635 386 669 nensis,
416 634 469 664 cui
498 634 606 664 dictus
633 632 813 671 episcopus
838 631 1056 662 commiserat
1083 639 1185 670 super
1209 630 1271 661 hoc

257 687 348 718 vices
387 695 478 722 suas,
512 686 691 716 ecclesiam
725 694 752 715 s.
784 685 935 715 Medardi
974 693 1077 724 prope
1110 684 1267 723 Angiam,

256 739 507 771 Xanctonensis
530 738 688 775 diocesis,
710 740 789 769 tunc
807 740 995 774 vacantem,
1015 738 1049 768 in
1069 747 1135 777 qua
1154 737 1269 768 dilecti

256 794 319 824 filii
335 793 521 832 capitulum
538 792 797 831 Engolismense
810 792 868 831 jus
887 791 1040 822 obtinent
1056 792 1268 830 patronatus,

254 846 318 878 tibi
334 845 487 882 contulit,
507 845 708 876 auctoritate
726 845 922 884 hujusmodi
941 845 1145 880 litterarum,
1166 853 1269 884 quam

255 901 303 936 tu,
318 899 411 929 nullo
423 899 684 935 contradicente,
695 907 755 937 per
764 899 919 937 'quinque
930 906 1067 929 menses
1077 899 1109 929 et
1119 898 1268 936 amplius

253 952 437 992 possedisti
456 953 488 982 et
503 952 610 982 adhuc
628 952 785 992 possides
803 952 940 991 pacifice
953 953 985 982 et
998 952 1123 990 quiete,
1140 952 1269 982 fructus

254 1005 447 1044 percipiens
464 1014 506 1036 ex
524 1006 653 1036 eadem.
679 1006 790 1041 Quare
817 1005 915 1036 nobis
941 1005 1118 1035 humiliter
1140 1005 1269 1043 suppli-

255 1058 339 1089 casti
357 1059 393 1088 ut
410 1058 588 1098 providere
598 1059 660 1089 tibi
678 1059 851 1098 superhoc
866 1059 1135 1089 misericorditer
1151 1059 1267 1097 digna-

254 1120 381 1142 remur.
399 1112 470 1142 Nos
487 1112 602 1151 igitur,
619 1113 688 1142 tuis
703 1112 1013 1151 supplicationibus
1033 1111 1201 1148 inclinati,
1219 1113 1267 1148 ut,

250 1165 433 1204 premissis
460 1165 550 1195 veris
578 1165 819 1202 existentibus,
845 1174 912 1196 non
940 1165 1095 1196 obstante
1120 1165 1268 1196 declara-

251 1217 343 1249 tione
369 1218 479 1249 felicis
498 1218 743 1249 recordationis
761 1219 947 1249 Alexandri
966 1227 1065 1258 pape,
1091 1218 1266 1257 predeces-

251 1270 340 1301 soris
354 1272 473 1307 nostri,
491 1280 592 1310 super
604 1271 665 1302 hoc
675 1272 775 1309 edita,
791 1272 947 1303 videlicet
962 1272 1052 1311 quod
1064 1272 1122 1302 ille
1135 1271 1189 1302 cui
1203 1271 1266 1301 sub

251 1325 422 1364 premissa
440 1325 548 1356 forma
562 1325 733 1363 scribitur,
754 1326 783 1356 si
799 1326 899 1357 habet
916 1326 1031 1365 aliqua
1048 1325 1212 1356 beneficia
1226 1325 1267 1355 ad

254 1386 351 1408 suam
374 1379 591 1410 collationem
611 1380 811 1418 spectantia,
826 1388 893 1410 non
910 1380 1020 1418 possit
1040 1380 1098 1410 illo
1119 1387 1180 1418 pro
1200 1387 1266 1417 quo

253 1432 478 1471 scriptumest
496 1433 674 1471 providere
687 1433 726 1464 de
745 1433 919 1464 beneficiis
936 1434 1069 1469 alienis,
1088 1432 1266 1463 ecclesiam

252 1485 364 1524 ipsam
382 1486 474 1516 licite
493 1487 638 1517 retinere
660 1487 788 1521 valeas,
815 1487 877 1517 tibi
911 1487 1110 1517 auctoritate
1130 1494 1267 1525 presen-

252 1540 338 1569 tium
356 1539 584 1579 indulgemus.
607 1540 703 1571 Nulli
718 1549 796 1579 ergo
816 1542 932 1570 nostre
953 1540 1184 1571 concessionis
1202 1541 1264 1569 etc.

252 1593 377 1623 Datum
392 1593 482 1631 apud
504 1593 794 1630 Urbemveterem,
813 1602 859 1623 vn
877 1593 1040 1623 kalendas
1057 1592 1264 1626 novembris,

253 1654 340 1676 anno
359 1646 469 1677 tertio.
492 1658 506 1673 n

844 1818 969 1848 Orvieto,
986 1818 1002 1844 9
1023 1817 1094 1843 avril
1116 1817 1194 1844 1264.

344 1819 438 1850 1527

285 1902 407 1929 officiali
421 1904 449 1929 et
461 1902 664 1929 archidiacono
676 1903 865 1929 Remensibus
877 1911 909 1929 ac
926 1902 1068 1937 magistro
1084 1903 1168 1929 Petro
1182 1902 1265 1937 Vige-

250 1951 296 1982 rii,
316 1951 454 1978 canonico
472 1951 677 1985 Xanctonensi,
694 1953 815 1978 mandat
831 1954 861 1978 ut
878 1960 894 1979 a
909 1952 993 1979 Petro
1008 1953 1042 1978 de
1063 1951 1155 1978 Feleiz
1173 1952 1263 1978 eccle-

249 2001 310 2028 s'iae
328 2010 351 2028 s.
370 2001 506 2028 Germani
529 2002 563 2028 de
579 2001 694 2032 Tossus,
715 2001 888 2028 Parisiensis
913 2001 1047 2033 diocesis,
1067 2001 1263 2035 resignatione

250 2053 377 2084 recepta,
397 2050 526 2085 ejusdem
542 2052 696 2078 rectoriam
712 2050 981 2085 magistroGirardo
990 2051 1025 2077 de
1040 2050 1133 2080 Briva,
1147 2049 1265 2084 pauperi

247 2099 364 2129 clerico,
374 2099 487 2126 nullum
504 2099 596 2126 adhuc
613 2099 785 2127 beneficium
799 2099 1116 2134 assecutmassignent.
1128 2099 1206 2134 (Rae.
1218 2100 1264 2130 29,

248 2148 298 2175 sol.
315 2149 377 2183 146,
393 2153 424 2175 n⁰
441 2150 517 2184 577.)

292 2268 306 2282 α
329 2278 335 2284 .
355 2280 361 2286 ,
388 2255 571 2295 officiali,..
601 2255 817 2286 archidiacono
844 2255 1038 2285 Remensibus
1061 2260 1089 2284 et
1116 2255 1264 2294 mayistro

250 2309 343 2339 Petro
367 2309 493 2349 Viqerii,
523 2310 672 2339 canonico
692 2309 910 2340 Xanctonensi.
932 2309 1028 2344 Cum,
1053 2309 1141 2339 sicut
1163 2309 1264 2339 dilec-

248 2363 305 2393 tus
327 2380 375 2392 —-.
402 2363 527 2393 Datum
557 2363 647 2402 apud
673 2362 963 2400 Urbemveterem,
986 2362 1099 2393 vidus
1128 2362 1262 2401 aprilis,

250 2424 338 2446 anno
357 2416 468 2447 tertio.
489 2426 503 2445 1)

344 2592 440 2623 1528
815 2590 940 2624 Orvieto,
958 2592 992 2619 26
1011 2599 1089 2618 mars
1113 2591 1190 2618 1264.

284 2675 507 2710 Archiepiscopo
526 2675 672 2702 Bisuntino
691 2677 718 2701 et
746 2675 843 2702 abbati
870 2676 904 2702 de
927 2675 1033 2709 Crista,
1060 2675 1263 2703 Cisterciensis

247 2725 368 2757 ordinis,
379 2724 567 2759 Lingonensis
584 2724 718 2756 diocesis,
734 2724 882 2758 negotium
900 2725 1041 2751 rectoriae
1057 2725 1090 2751 dc
1105 2726 1163 2759 Ayo
1180 2734 1262 2752 com-

251 2774 351 2802 mittit.
374 2774 453 2805 11100.
470 2774 514 2806 29,
530 2773 578 2800 t‘ol.
600 2773 661 2807 146,
678 2779 707 2799 n⁰
724 2773 801 2805 578.)

2282 186 2337 214 2:21

2186 266 2288 295 abbati
2306 268 2341 296 da

1331 313 1446 347 Crista,
1476 313 1682 343 Cisterciensis
1706 314 1834 350 ordinis,
1855 315 2053 354 Linqonensis
2072 317 2207 347 diocesis.
2230 319 2339 349 Dilec-

1328 367 1384 396 tus
1402 367 1494 397 filius
1518 367 1657 397 Urricus
1679 368 1718 398 de
1735 368 1899 404 Luxovio,
1918 378 2046 408 pauper
2063 370 2206 400 clericus
2222 372 2341 403 11151111-

1328 420 1397 449 tine
1417 420 1574 456 diocesis,
1591 420 1688 450 nobis
1699 422 1857 459 exposuit
1877 423 1965 461 quod
1985 431 2045 452 nos
2064 423 2156 457 olim,
2169 424 2339 455 intellecto

1329 473 1418 511 quod
1447 473 1594 503 Jacobus
1622 474 1662 503 de
1697 474 1923 510 Claromonte,
1955 476 2136 505 canonicus
2161 476 2337 513 aletensis,

1328 527 1437 556 rector
1460 526 1600 556 ecclesie
1624 526 1663 557 de
1690 528 1776 566 Ayo,
1798 528 1949 567 ejusdem
1972 529 2128 565 diocesis,
2147 529 2340 560 intendebat

1329 579 1470 610 eandem
1494 580 1673 610 ecclesiam
1695 581 1880 620 resignare,
1899 582 2068 620 quondam
2088 608 2092 611 .
2113 607 2118 611 .
2143 583 2267 613 decano
2288 585 2339 615 Ri-

1328 633 1477 668 suntin0‚
1505 633 1632 663 nostris
1660 634 1816 664 dedimus
1846 635 1969 665 litteris
1997 635 2030 665 in
2054 636 2223 666 mandatis
2247 639 2293 669 ut,
2322 647 2340 668 a

1328 686 1416 716 (11010
1430 686 1555 717 Jacobo
1567 687 1676 725 ipsius
1686 688 1943 718 ecclesielibera
1954 689 2181 727 resignatione
2191 693 2338 729 recepta,

1328 747 1401 769 eam
1426 740 1577 778 predicto
1599 741 1763 778 magistro
1793 741 1912 771 Urrico
1937 741 2089 772 conferre
2117 744 2148 772 et
2165 743 2338 782 assignare

1327 796 1459 823 curaret
1484 793 1664 832 ipsumque
1686 794 1720 823 in
1743 794 1838 824 illius
1855 795 2062 833 corporalem
2085 796 2338 833 possessionem

1326 845 1501 876 induceret
1529 848 1561 877 et
1581 847 1734 877 tueretur
1763 847 1950 878 inductum.
1980 848 2253 879 Contradictores
2275 852 2336 879 etc.

1326 907 1434 937 usque
1466 900 1721 938 compescendo.
1751 900 1848 934 Sane,
1880 901 1968 930 dicto
1997 901 2134 938 decano,
2154 910 2188 932 re
2209 902 2338 941 integra

1326 952 1505 988 existente,
1528 953 1618 983 viam
1642 954 1799 984 universe
1826 954 1937 983 carnis
1966 954 2130 993 ingresso⁷
2150 956 2181 985 et
2206 955 2338 985 duobus

1326 1014 1430 1044 super
1446 1006 1610 1036 decanatu
1626 1006 1768 1037 ecclesie
1786 1007 1964 1037 Bisuntine
1981 1007 2207 1046 litigantibus,
2228 1009 2335 1047 preta-

1325 1060 1380 1088 tus
1399 1059 1562 1097 magister
1578 1060 1720 1090 Urricus
1740 1060 1873 1090 nullum
1892 1062 1943 1090 est
1965 1070 2006 1090 ex
2022 1061 2093 1096 hoc,
2111 1062 2199 1092 sicut
2217 1062 2336 1092 asseri-

1324 1114 1390 1148 tur,
1417 1113 1632 1143 commodum
1661 1115 1851 1143 assecutus.
1881 1113 1976 1144 Unde
1997 1114 2149 1152 prefatus
2175 1115 2338 1153 magister

1325 1165 1425 1195 nobis
1448 1165 1624 1196 humiliter
1641 1166 1845 1205 supplicavit
1867 1168 1903 1197 ut
1920 1167 2097 1206 providere
2115 1168 2150 1197 in
2165 1167 2224 1197 hac
2242 1170 2337 1207 parte

1326 1218 1391 1248 sibi
1409 1219 1449 1248 de
1465 1218 1674 1256 benignitate
1692 1219 1783 1249 sedis
1805 1219 1988 1258 apostolice
2013 1228 2220 1249 curaremus.
2250 1220 2337 1255 Quo—

1325 1272 1414 1302 circa
1430 1272 1628 1303 discretioni
1640 1274 1751 1303 vestre
1767 1273 1969 1303 mandamus
1982 1274 2149 1312 quatenus
2165 1282 2266 1312 super
2279 1273 2338 1303 hoc

1325 1334 1385 1356 vos
1399 1325 1451 1356 vel
1465 1326 1550 1356 alter
1565 1327 1728 1363 vestrum,
1743 1335 1803 1365 per
1816 1335 1876 1357 vos
1891 1327 1943 1357 vel
1957 1326 2062 1356 alium
2077 1335 2136 1356 seu
2149 1326 2246 1360 alios,
2266 1336 2339 1365 pro-

1326 1379 1443 1409 cedere
1462 1379 1639 1414 studeatis,
1656 1379 1754 1418 juxta
1776 1380 1930 1418 priorum
1948 1380 2190 1410 continentiam
2212 1380 2339 1410 littera-

1325 1441 1411 1462 rum.
1427 1433 1552 1463 Datum
1561 1433 1649 1472 apud
1662 1433 2007 1469 Urbemveterem,v11
2026 1433 2189 1463 kalendas
2204 1433 2335 1471 aprilis,

1326 1494 1413 1516 anno
1429 1486 1541 1516 tertio.
1565 1496 1579 1515 n

1370 271 1384 288 (‹
1411 260 1650 300 Archiepiscopo
1674 261 1834 291 Biswztino
1856 267 1882 291 et
1903 262 2012 292 dilectu
2037 264 2102 303 silio
2128 288 2133 293 .
2153 288 2158 293 .

1416 1669 1513 1700 1529
1886 1668 2011 1699 Orvieto,
2032 1669 2066 1696 28
2086 1677 2164 1695 mars
2186 1669 2262 1695 1204.

1361 1752 1464 1779 Abbati
1480 1761 1502 1778 s.
1529 1752 1643 1779 Martini
1661 1751 1875 1779 Glaudariensis
1902 1753 2020 1778 mandat
2045 1754 2075 1779 ut
2094 1753 2243 1779 Eberwi‘no
2260 1760 2336 1786 pres-

1325 1801 1437 1836 bytero,
1453 1801 1592 1828 canonico
1609 1810 1631 1827 s.
1651 1801 1783 1840 Arnualis
1797 1801 1944 1831 Metensis,
1961 1801 2107 1835 quamcito
2124 1802 2158 1827 de
2175 1801 2337 1835 praebenda

1324 1850 1485 1884 provideat.
1504 1850 1583 1883 (Rau.
1599 1850 1644 1883 29,
1661 1849 1710 1876 sol.
1730 1850 1789 1883 140,
1806 1855 1835 1875 n⁰
1850 1850 1927 1881 579.)

1366 1972 1380 1990 1(
1401 1985 1427 1991 ..
1452 1960 1556 1990 abbati
1574 1971 1597 1991 s.
1618 1961 1748 1990 Martini
1771 1960 2015 1997 Glanclariensis,
2039 1961 2180 1990 Melensis
2202 1961 2337 1991 diocesi&

1325 2015 1392 2045 Sua
1406 2014 1505 2044 nobis
1517 2014 1662 2044 dilectus
1675 2014 1767 2044 filius
1782 2013 1985 2044 Eberwinus
2000 2013 2190 2053 presbyter,
2206 2015 2338 2045 canoni-

1324 2077 1383 2098 cus
1401 2077 1428 2098 s.
1444 2068 1619 2103 Arnualis,
1636 2067 1799 2097 Metensis
1817 2067 1975 2103 diocesis,
1992 2067 2155 2105 petitione
2175 2070 2340 2098 monstra-

1324 2121 1372 2151 vit
1390 2121 1480 2160 quod
1500 2121 1572 2160 ipse
1584 2121 1678 2155 olim,
1693 2122 1766 2151 octo
1784 2121 1882 2150 annis
1902 2123 1932 2151 et
1952 2120 2179 2159 ampliusjam
2198 2121 2336 2159 elapsis,

1324 2176 1480 2213 receptus
1500 2174 1564 2205 fuit
1587 2174 1621 2204 in
1641 2175 1758 2205 eadem
1782 2174 1925 2204 ecclesia
1950 2174 2120 2210 canonice,
2140 2175 2339 2205 auctoritate

1322 2227 1516 2257 litterarum
1534 2227 1620 2258 bone
1638 2227 1802 2257 memorie
1818 2228 1868 2261 P.‚
1883 2236 1909 2257 s,
1927 2226 2063 2265 Georgii
2083 2227 2124 2256 ad
2139 2226 2261 2257 Velum
2279 2236 2339 2257 au-

1323 2274 1418 2311 reum
1436 2280 1568 2311 diaconi
1582 2280 1778 2315 cardinalis,
1798 2281 1877 2310 tunc
1896 2280 1929 2309 in
1944 2279 2015 2309 illis
2033 2279 2188 2318 partibus
2206 2281 2338 2317 aposto-

1322 2335 1386 2364 lice
1405 2334 1497 2364 sedis
1512 2333 1627 2373 legati,
1647 2333 1681 2363 in
1699 2333 1897 2363 canonicum
1920 2334 1951 2363 et
1976 2332 2010 2362 in
2030 2332 2181 2362 fratrem.
2202 2333 2242 2363 Et
2259 2333 2339 2364 licet

1322 2388 1518 2426 hujusmodi
1529 2396 1589 2417 sua
1600 2386 1747 2425 receptio
1756 2394 1815 2425 per
1825 2386 2101 2416 constitutionem
2113 2385 2223 2415 felicis
2234 2394 2340 2416 recor-

1323 2442 1472 2472 dationis
1489 2440 1672 2472 Alexandri
1688 2448 1786 2478 pape,
1800 2439 2053 2478 predecessoris
2070 2438 2190 2474 nostri,
2205 2440 2338 2468 cassata

1323 2495 1425 2526 fuerit
1444 2496 1477 2525 et
1494 2494 1631 2525 tandem
1655 2493 1765 2523 dictus
1782 2492 2003 2531 predecessor
2033 2492 2145 2531 ipsum
2171 2492 2208 2522 E.
2239 2492 2338 2530 plene

1322 2548 1525 2584 restituerit,
1548 2548 1588 2578 de
1611 2546 1721 2586 gratia
1741 2545 1895 2584 speciali,
1914 2545 1955 2575 ad
1970 2545 2025 2584 jus
2045 2546 2078 2575 et
2103 2545 2338 2575 canonicatum

1323 2602 1464 2633 ecclesie
1483 2600 1688 2639 supradicte,
1718 2599 1805 2629 nulli
1834 2598 1900 2628 sibi
1935 2607 2037 2637 super
2069 2598 2130 2628 hoc
2159 2600 2339 2628 executore

1322 2663 1494 2690 concesso,
1510 2654 1659 2684 nondum
1676 2655 1789 2683 tamen
1801 2654 1851 2682 est
1864 2653 1897 2681 in
1913 2660 1951 2682 ea
1965 2651 2171 2690 prebendam
2188 2651 2336 2690 aliquam

1322 2711 1511 2740 assecutus.
1525 2708 1610 2738 Cum
1623 2707 1725 2746 igitur
1742 2706 1785 2736 sit
1803 2706 1980 2745 indignum
1995 2707 2031 2736 ut
2048 2705 2137 2735 idem
2158 2705 2338 2744 presbyter

1323 2763 1422 2793 inane
1451 2761 1604 2792 canonici
1632 2768 1754 2790 nomen
1784 2761 1888 2798 gerat,
1913 2758 2110 2789 discretioni
2130 2760 2185 2788 tue
2202 2759 2338 2788 manda-

1322 2825 1399 2846 mus
1415 2817 1597 2855 quatenus,
1615 2814 1645 2844 si
1666 2813 1728 2844 tibi
1745 2812 1907 2843 consterit
1927 2812 1995 2850 (sic)
2013 2812 2059 2842 ita
2074 2820 2161 2847 esse,
2181 2812 2270 2841 dicto
2286 2820 2337 2841 ca-

1322 2869 1442 2900 nonico
1456 2869 1495 2899 de
1511 2867 1682 2906 prebenda
1698 2866 1764 2896 sibi
1779 2866 1819 2896 de
1833 2865 1909 2904 jure
1921 2865 2045 2901 debita,
2062 2865 2089 2895 si
2100 2867 2193 2895 vacat
2213 2864 2337 2894 ibidem
