2519 3262
1125 259 1379 291 APPENDICE
1401 260 1445 290 11.
2279 268 2317 297 69

246 353 339 383 mant
352 361 487 392 eosque,
505 353 534 383 si
545 354 704 392 precepto
716 354 774 383 tuo
789 353 942 392 quinimo
955 354 1070 383 nostro
1083 353 1253 383 contraire

245 406 526 445 presumpserint,
543 414 602 444 per
618 406 979 436 excommunicationis
996 406 1199 436 sententiam
1219 406 1252 436 in

243 467 406 498 personas
422 459 602 498 potestatis
623 460 655 490 et
673 459 947 490 consiliariorum
968 459 1078 498 ipsius
1097 467 1134 490 ac
1153 459 1253 489 inter-

243 513 370 543 dictum
387 512 535 543 civitatis
554 512 593 543 ab
610 512 804 552 hujusmodi
823 512 1087 552 presumptione,
1106 512 1252 551 appella-

243 565 331 596 tione
357 567 497 602 remota,
527 574 734 605 compescas.
750 567 875 597 Datum
901 566 989 604 apud
1014 565 1252 596 Umbemvete-

242 627 325 655 rem,
343 619 419 649 idus
440 619 617 655 februarii,
633 620 851 659 pontificatus
870 619 977 649 nostri
996 627 1081 649 anno
1100 618 1211 649 tertio.
1235 628 1250 647 ))

785 766 908 798 Orvieto,
926 767 957 793 19
977 766 1080 793 sevrier
1096 766 1176 794 1264.

329 767 428 799 2980

274 851 375 878 Abbati
391 851 576 879 Molesmcnsi
601 851 730 887 indulget
753 854 783 879 ut
802 852 830 878 in
849 851 976 886 quolibet
994 851 1172 878 monasterio
1191 859 1250 878 mo-

240 899 360 926 nialium
389 900 564 927 monasterio
598 901 782 928 Molesmensi
811 900 950 936 subjecto,
976 908 1062 926 unam
1095 908 1248 934 personam

238 947 371 975 idoneam
401 949 430 975 in
455 949 628 976 monacham
651 949 740 984 recipi
764 949 859 976 facere
882 949 988 982 valeat,
1015 956 1080 975 cum
1105 956 1248 976 consensu

237 997 441 1031 priorissarum
452 1000 479 1025 et
490 1001 683 1026 conventuum
695 998 864 1025 eorumdem
878 997 1131 1024 monasteriorum.
1147 997 1246 1031 (Aaou.

237 1055 271 1073 nn
289 1055 323 1073 LA
343 1048 521 1081 Corn-D'On.)

277 1155 292 1174 «
314 1144 453 1174 Urbanus
465 1145 635 1185 episcopus,
650 1154 752 1174 seruus
765 1154 918 1174 servorum
933 1144 995 1181 Dei,
1012 1144 1119 1174 dilecto
1131 1144 1197 1184 filio
1217 1170 1222 1176 .
1238 1168 1245 1175 .

235 1197 337 1228 abbate
356 1198 554 1233 Molesmensi,
570 1197 686 1228 ordinis
701 1208 725 1228 s.
745 1197 915 1234 Benedicti,
936 1198 1135 1238 Linqonensis
1150 1198 1248 1228 dioce-

233 1252 285 1285 sis,
308 1251 432 1282 salutem
458 1256 485 1281 et
513 1251 713 1292 apostolicam
734 1251 979 1282 benedictionem.
1001 1252 1052 1282 Ex
1076 1254 1169 1290 parte
1189 1253 1247 1282 tua

234 1304 298 1335 fuit
320 1304 418 1335 nobis
446 1305 621 1336 humiliter
645 1305 876 1344 supplicatum
901 1307 937 1336 ut
956 1305 990 1335 in
1009 1305 1160 1344 quolibet
1178 1314 1247 1335 mo-

232 1358 382 1389 nasterio
413 1359 625 1395 monialium,
656 1359 864 1390 monasterio
895 1359 1116 1389 Molesmensi
1145 1358 1245 1397 pleno

228 1411 304 1450 jure
318 1411 480 1451 subjecto,
497 1412 642 1443 faciendi
654 1412 759 1451 recipi
771 1421 870 1442 unam
885 1421 1064 1450 personam
1079 1413 1245 1452 ydoneam

232 1464 266 1494 in
283 1465 481 1496 monacham
499 1467 531 1496 et
545 1474 709 1502 sororem,
728 1473 795 1495 non
810 1465 966 1496 obstante
983 1467 1072 1496 certo
1089 1466 1243 1504 ipsorum

231 1519 516 1550 monasteriorum
538 1519 741 1549 monialium
764 1527 916 1555 numero,
937 1519 1140 1557 juramento,
1167 1527 1244 1549 con-

232 1572 421 1603 firmatione
443 1573 535 1603 sedis
557 1573 740 1612 apostolice
764 1574 820 1603 aut
841 1572 908 1603 alia
928 1572 1087 1602 firmitate
1105 1572 1242 1609 vallato,

231 1627 287 1656 aut
306 1626 335 1655 si
351 1626 529 1665 priorissis
545 1627 577 1656 et
594 1625 816 1656 conventibus
832 1626 1061 1665 predictorum
1078 1627 1244 1656 monaste-

230 1679 359 1710 riorum
383 1688 401 1709 a
425 1679 504 1710 sede
535 1679 722 1718 apostolica
749 1679 918 1710 indultum
941 1679 1066 1709 existat
1087 1679 1178 1717 quod
1202 1679 1243 1709 ad

230 1732 458 1771 receptionem
476 1732 620 1772 alicujus
644 1732 784 1763 minime
807 1733 996 1768 teneantur,
1016 1732 1070 1762 vel
1093 1731 1243 1771 qualibet

230 1785 295 1815 alia
311 1785 522 1825 indulgentia
538 1786 630 1817 sedis
643 1786 805 1825 predicte,
820 1794 880 1824 per
897 1794 999 1824 quam
1013 1785 1151 1815 effectus
1168 1794 1243 1824 pre-

229 1839 376 1869 sentium
390 1839 547 1878 impediri
557 1838 667 1870 valeat
680 1841 737 1869 aut
748 1838 960 1875 differri,tibi
972 1838 1150 1868 licenciam
1166 1847 1243 1868 con-

229 1892 346 1923 cedere
363 1892 590 1932 dignaremur.
606 1893 679 1923 Nos
697 1893 823 1932 itaque,
842 1892 912 1922 tuis
934 1891 1241 1931 supplicationibus

228 1945 391 1982 inclinati,
406 1946 579 1977 licentiam
594 1945 668 1982 tibi,
686 1946 867 1976 dummodo
883 1946 923 1976 ad
945 1946 979 1975 id
997 1945 1241 1984 priorissarum

228 2001 259 2029 et
281 2000 507 2030 conventuum
521 2000 716 2030 eorumdem
735 1999 1019 2030 monasteriorum
1037 1999 1171 2029 accedat
1190 2007 1242 2028 as-

228 2061 361 2089 sensus,
371 2053 786 2092 auctoritatepresentium
797 2052 967 2083 concedim
974 2061 1012 2082 us
1019 2052 1236 2091 postulatam,

227 2107 357 2145 prefato
370 2115 509 2137 numero
523 2108 599 2146 post
608 2106 835 2146 receptionem
845 2107 997 2145 ipsarum
1009 2106 1043 2135 in
1060 2114 1121 2136 suo
1134 2105 1240 2136 nichi—

228 2159 374 2190 lominus
389 2159 507 2191 robore
525 2160 696 2190 duraturo.
710 2160 836 2190 Datum
850 2160 938 2198 apud
949 2159 1237 2194 Urbemveterem,

226 2222 273 2243 xri
286 2213 450 2244 kalendas
466 2213 592 2250 martii,
613 2213 829 2252 pontificatus
846 2213 954 2243 nostri
971 2221 1058 2243 anno
1075 2212 1187 2243 tertio.
1209 2222 1223 2241 »

772 2357 896 2390 Orvieto,
915 2358 949 2385 28
966 2357 1068 2384 sevrier
1086 2358 1164 2385 1264.

315 2362 410 2394 2981

259 2446 372 2473 Decano
385 2447 414 2472 et
427 2444 551 2480 capitulo
567 2443 801 2471 Laudunensibus
817 2443 950 2478 indulget
965 2445 996 2470 ut
1011 2443 1185 2478 generaliter
1198 2444 1238 2471 uti

225 2494 340 2521 valeant
362 2494 448 2521 certis
470 2492 629 2528 privilegiis
650 2493 719 2527 ipsis
745 2493 780 2519 ab
802 2491 963 2527 apostolica
988 2493 1054 2519 sede
1078 2492 1234 2520 concessisv

227 2542 323 2576 (Aaou.
340 2542 438 2568 Van-10.
456 2542 643 2575 Μίεοείἰαηεα,
659 2541 838 2576 1250-1275.)

265 2650 282 2671 «
297 2639 436 2670 Urbanus
447 2640 614 2680 episcopus,
627 2649 729 2670 seruus
739 2649 894 2670 servorum
907 2639 974 2677 Dei,
989 2639 1106 2670 dilectis
1116 2639 1192 2680 filiis
1207 2662 1214 2669 .
1229 2661 1236 2669 .

225 2694 337 2725 decano
356 2698 382 2724 et
400 2693 533 2733 capitulo
555 2692 818 2730 Laudzcnensibus,
837 2692 964 2723 salutem
985 2697 1012 2723 et
1037 2692 1237 2733 apostolicam

227 2747 471 2777 benedictionem.
500 2747 602 2777 Lecta
635 2755 749 2777 coram
780 2746 880 2777 nobis
910 2747 1101 2777 devotionis
1126 2747 1237 2776 vestre

225 2801 344 2840 petitio
372 2799 565 2831 continebat
592 2800 681 2839 quod
702 2808 765 2830 nos
794 2800 1010 2830 universitati
1036 2801 1149 2830 vestre
1179 2808 1238 2838 per

225 2856 360 2885 nostras
383 2853 544 2884 duximus
570 2852 702 2883 litteras
728 2852 972 2892 indulgendum
997 2855 1033 2883 ut
1057 2853 1092 2882 in
1120 2860 1237 2883 omnes

225 2909 284 2947 qui
306 2906 447 2938 ecclesie
464 2906 702 2937 Laudunensis
718 2905 818 2942 bona,
836 2906 908 2936 sive
922 2914 985 2944 que
1003 2906 1044 2936 ad
1065 2914 1126 2936 vos
1147 2913 1236 2936 com-

224 2961 373 2992 muniter
387 2960 458 2991 sive
476 2968 539 2999 que
554 2959 595 2990 ad
610 2959 758 2998 aliquem
774 2967 833 2990 seu
851 2958 983 2998 aliquos
998 2960 1148 2990 vestrum
1164 2966 1237 2997 spe-

1311 352 1441 383 cialiter
1465 353 1522 382 aut
1551 353 1744 391 capellanos
1771 362 1831 384 seu
1859 354 1999 385 clericos
2024 355 2077 385 vel
2101 355 2254 387 homines
2279 358 2318 388 de

1311 413 1448 444 corpore
1457 405 1606 444 predicte
1617 406 1756 436 ecclesie
1769 407 1825 437 aut
1837 416 2068 447 quoscumque
2081 409 2176 445 alios,
2190 410 2318 440 ratione

1309 458 1418 496 ipsius
1445 459 1595 494 ecclesie,
1618 459 1796 497 pertinent,
1823 460 2020 491 invaderent
2045 462 2095 492 vel
2117 465 2318 500 occuparent

1309 513 1366 542 aut
1382 513 1536 550 raperent
1555 520 1614 542 seu
1628 512 1759 550 predati
1777 513 1895 550 forent,
1916 514 1969 544 vel
1981 523 2041 544 vos
2058 517 2114 545 aut
2126 516 2318 554 capellanos

1309 573 1368 594 seu
1391 564 1533 595 clericos
1552 565 1604 595 vel
1622 565 1777 595 homines
1796 566 1867 596 sive
1888 567 1974 597 alios
1997 568 2164 606 predictos
2182 570 2237 599 aut
2256 568 2317 599 ali-

1308 626 1408 656 quem
1427 626 1468 647 ex
1482 617 1579 648 vobis
1594 618 1646 648 vel
1662 618 1746 656 ipsis
1764 627 1864 657 super
1876 619 2069 658 hujusmodi
2085 620 2181 651 bonis
2194 621 2316 652 moles-

1306 671 1378 700 tare
1392 678 1452 700 seu
1464 670 1560 701 vobis
1573 672 1629 702 aut
1644 671 1693 701 eis
1706 671 1860 710 injuriari
1875 675 2118 711 presumerent,
2138 677 2316 713 postquam

1307 723 1347 754 de
1371 723 1438 753 hiis
1459 724 1511 754 vel
1532 733 1592 763 per
1615 724 1861 754 confessionem
1883 725 2034 763 ipsorum
2058 727 2110 757 vel
2129 728 2213 757 alias
2234 728 2316 766 legi-

1306 777 1388 807 time
1403 776 1513 813 vobis,
1535 777 1659 816 quibus
1673 778 1895 816 cognoscendi
1916 779 2148 809 auctoritatem
2166 789 2224 818 per
2243 790 2314 811 eas-

1306 830 1382 860 dem
1411 831 1545 860 nostras
1573 830 1704 860 litteras
1729 831 1976 861 concedendam
1997 831 2168 868 (luximus,
2193 834 2312 863 consti-

1305 883 1414 919 tisset,
1442 883 1522 919 nisi,
1546 883 1704 913 canonice
1730 892 1748 913 a
1772 883 1868 913 vobis
1890 884 2022 919 moniti,
2048 885 2314 916 satisfactionem

1305 935 1454 966 debitam
1464 936 1661 966 exhiberent
1675 938 1931 975 competentem,
1949 938 2095 976 possetis
2113 938 2229 973 libere,
2243 939 2314 969 sive

1305 989 1416 1020 clerici
1440 990 1625 1020 existerent
1642 989 1712 1020 sive
1729 989 1817 1025 laici,
1837 990 2062 1029 appellatione
2081 993 2221 1028 remota,
2240 1001 2311 1022 cen-

1305 1051 1419 1072 suram
1432 1042 1697 1073 ecclesiasticam
1715 1051 1883 1080 exercere,
1901 1052 2027 1074 necnon
2041 1044 2099 1074 uni
2115 1045 2167 1075 vel
2183 1045 2314 1075 duobus

1304 1097 1360 1126 aut
1372 1095 1482 1126 tribus
1497 1105 1538 1126 ex
1554 1095 1662 1132 vobis,
1676 1097 1833 1135 quotiens
1850 1097 2009 1135 expedire
2020 1097 2184 1134 videritis,
2198 1098 2233 1128 in
2247 1098 2312 1128 hiis

1303 1149 1513 1180 committere
1526 1149 1617 1180 vices
1628 1151 1772 1180 vestras.
1786 1150 1920 1184 Verum,
1938 1150 2017 1189 quia
2031 1152 2100 1180 tam
2115 1151 2312 1182 Cluniacen-

1303 1202 1398 1232 sibus
1412 1211 1513 1242 quam
1529 1202 1825 1240 Cisterciensibus,
1840 1203 2193 1242 Mnjoris-monasterii
2204 1205 2312 1235 Turo-

1303 1256 1432 1290 nensis,
1448 1256 1825 1286 Premonstratensibus
1842 1258 1874 1286 et
1892 1257 2067 1287 nonnullis
2085 1257 2162 1287 aliis
2178 1258 2312 1297 religio-

1303 1309 1351 1339 sis
1364 1310 1395 1339 et
1409 1309 1541 1339 clericis
1560 1309 1772 1339 secularibus
1790 1311 1851 1345 est,
1868 1311 1905 1340 ut
1921 1310 2056 1345 dicitur,
2072 1309 2112 1340 ab
2126 1311 2312 1349 apostolica

1303 1363 1381 1392 sede
1391 1371 1588 1392 concessum
1599 1362 1689 1400 quod
1700 1362 1869 1398 interdici,
1885 1363 2048 1401 suspendi
2060 1363 2111 1393 vel
2122 1372 2313 1394 excommu-

1302 1415 1408 1445 nicari
1426 1417 1482 1446 aut
1498 1415 1532 1445 in
1545 1415 1710 1454 judicium
1730 1415 1799 1445 ullo
1823 1416 1921 1446 modo
1940 1418 2035 1446 extra
2057 1418 2185 1446 certum
2200 1417 2311 1447 locum

1301 1469 1433 1499 evocari
1458 1478 1524 1499 non
1546 1470 1689 1507 possunt
1711 1477 1770 1508 per
1794 1469 1926 1499 litteras
1950 1469 2153 1507 apostolicas
2176 1478 2241 1500 non
2265 1470 2311 1500 fa-

1301 1522 1427 1552 cientes
1445 1522 1580 1561 plenam
1598 1524 1629 1552 et
1645 1530 1842 1561 expressam
1859 1522 1898 1552 de
1915 1522 2067 1560 ipsorum
2085 1523 2260 1553 ordinibus
2280 1526 2311 1554 et

1301 1575 1455 1605 ecclesiis
1471 1584 1508 1606 ac
1529 1575 1568 1605 de
1587 1575 1688 1606 verbo
1706 1576 1747 1605 ad
1762 1575 1902 1605 verbum
1918 1576 1957 1605 de
1972 1576 2102 1606 indulto
2116 1575 2310 1614 hujusmodi

1301 1628 1517 1664 mentionem,
1531 1637 1604 1664 nos,
1616 1628 1740 1658 vestris
1753 1628 2060 1667 supplicationibus
2073 1628 2236 1665 inclinati,
2256 1638 2311 1659 vo-

1300 1681 1352 1711 bis
1367 1682 1566 1712 auctoritate
1579 1682 1788 1720 presentium
1800 1681 2016 1720 indulgemus
2031 1684 2065 1712 ut
2080 1691 2139 1712 vos
2152 1684 2207 1712 aut
2221 1691 2308 1712 unus

1300 1743 1360 1765 seu
1376 1735 1441 1765 duo
1457 1734 1510 1764 vel
1526 1737 1595 1765 tres
1610 1736 1773 1771 vestrum,
1795 1734 1918 1773 quibus
1934 1743 2036 1773 super
2053 1734 2114 1764 hoc
2131 1735 2309 1765 commise-

1299 1788 1374 1818 ritis
1390 1788 1482 1818 vices
1501 1789 1645 1824 vestras,
1669 1788 1757 1826 quod
1779 1787 1922 1817 indultis
1940 1787 2133 1826 hujusmodi
2155 1796 2215 1818 seu
2235 1788 2308 1827 qui-

1299 1841 1417 1870 busvis
1438 1841 1528 1877 aliis,
1552 1841 1751 1879 cuicumque
1769 1849 1923 1879 persone,
1948 1840 2057 1870 ordini
2081 1840 2134 1870 vel
2153 1841 2224 1871 loco
2249 1850 2308 1871 seu

1299 1894 1465 1933 dignitati,
1494 1894 1557 1924 sub
1582 1894 1701 1933 quavis
1722 1894 1942 1932 expressione
1968 1893 2158 1929 verborum,
2187 1903 2205 1923 a
2230 1894 2308 1924 sede

1299 1948 1448 1987 predicta
1466 1947 1645 1983 concessis,
1664 1947 1799 1977 etiamsi
1817 1947 1985 1977 diceretur
2008 1947 2041 1976 in
2062 1947 2110 1977 eis
2129 1948 2218 1986 quod
2242 1956 2309 1977 non

1298 2002 1413 2040 posset
1436 2001 1522 2040 ipsis
1540 2009 1599 2040 per
1617 2001 1750 2039 aliquas
1767 2000 1898 2031 litteras
1918 2001 2119 2039 apostolicas
2142 2001 2307 2040 derogari,

1299 2055 1369 2086 sive
1388 2055 1629 2085 constitutione
1653 2054 1692 2084 de
1717 2053 1848 2084 duabus
1872 2054 1972 2084 dietis
1996 2054 2085 2084 edita
2111 2054 2145 2083 in
2166 2054 2307 2084 concilio

1297 2108 1446 2148 generali
1465 2116 1677 2147 nequaquam
1700 2107 1926 2143 obstantibus,
1953 2107 2042 2137 sacta
2066 2107 2162 2137 vobis
2188 2108 2222 2137 in
2247 2107 2307 2138 hac

1297 2162 1391 2201 parte
1410 2162 1517 2201 gratia
1536 2161 1585 2192 uti
1605 2161 1710 2191 libere
1728 2161 1879 2191 valeatis.
1897 2160 1992 2191 Nulli
2010 2169 2087 2200 ergo
2105 2178 2153 2191 ——.
2173 2161 2208 2192 Si
2230 2162 2307 2200 quis

1297 2217 1409 2246 autern
1426 2215 1487 2246 hoc
1505 2231 1553 2244 -—.
1573 2215 1699 2245 Datum
1724 2214 1813 2253 apud
1831 2213 2119 2250 Urbemveterem,
2141 2224 2176 2244 111
2192 2214 2307 2244 kalen-

1297 2270 1356 2300 das
1372 2269 1499 2305 martii,
1517 2268 1730 2307 pontificatus
1746 2268 1853 2298 nostri
1873 2276 1958 2298 anno
1975 2267 2074 2298 tertio
2090 2269 2110 2297 ¹.
2132 2278 2146 2296 ))

1385 2426 1483 2457 2982
1842 2422 1967 2456 viterbe‚
1982 2422 2016 2449 28
2034 2421 2138 2448 few-fier
2156 2422 2232 2448 1262.

1328 2509 1406 2540 Quod
1426 2508 1658 2543 archiepiscopus
1674 2508 1859 2534 Bituricensis
1880 2507 1971 2541 possit
1991 2507 2157 2541 dispensare
2171 2514 2237 2533 cum
2255 2514 2304 2532 sex

1293 2557 1417 2590 clericis,
1434 2557 1462 2584 in
1480 2566 1530 2585 suo
1546 2557 1662 2584 servitio
1679 2556 1876 2589 existentibus,
1889 2556 1964 2591 quod
1979 2554 2139 2590 percipiant
2157 2555 2263 2581 fructus
2275 2557 2303 2581 et

1293 2610 1447 2642 proventus
1463 2606 1701 2641 praebendarum,
1723 2613 1793 2639 quas
1814 2605 1945 2632 obtinent
1963 2604 1991 2630 in
2006 2604 2122 2630 civitate
2142 2611 2174 2630 ac
2197 2602 2302 2629 diocesi

1293 2656 1473 2684 Bituricensi.
1486 2657 1584 2691 (Anca.
1598 2663 1634 2682 ou
1649 2656 1735 2682 Cum.
1748 2654 1906 2681 Cartulaire
1923 2654 1956 2680 de
1973 2651 2178 2685 l'archeveche,
2196 2660 2222 2686 p.
2240 2652 2301 2685 210,

1294 2712 1324 2733 n⁰
1339 2706 1413 2741 176.)

1334 2808 1348 2827 «
1375 2797 1513 2828 Urbanus
1540 2797 1711 2837 episcopus,
1737 2804 1839 2825 seruus
1863 2803 2018 2823 servorum
2044 2792 2107 2828 Dei,
2136 2791 2302 2822 venerabili

1292 2851 1388 2890 fratri
1406 2874 1412 2880 .
1430 2875 1435 2880 .
1453 2850 1682 2889 archiepiscopo
1703 2847 1897 2883 Bituricwzsi,
1913 2846 2040 2876 salutem
2057 2851 2082 2875 el
2101 2845 2300 2885 apostolicam

1326 2967 1347 2989 1.
1366 2964 1451 2995 Copie
1466 2970 1517 2988 sur
1532 2963 1641 2994 papier.
