2519 3262
1065 205 1304 245 TROISIEME
1330 206 1492 243 ANNEE.

325 301 424 332 1106
837 299 962 331 Orvietcz,
979 298 995 325 ὅ
1011 299 1077 324 aout
1098 297 1175 324 1264.

270 384 452 411 Fernandum
470 383 602 411 Menendi
616 387 643 411 et
656 383 816 411 Johannem
839 383 945 414 Almri,
963 382 1115 409 canonicos
1132 381 1249 408 Utixbo-
1279 399 1281 407 s

234 441 350 467 nenseS‚
373 433 537 467 praedictae
563 432 725 460 collationis
745 435 910 459 executores
929 431 1088 458 constituit.
1109 431 1187 465 (Rue.
1202 430 1248 463 29,

235 480 285 508 fol.
302 482 337 509 64
352 487 390 512 το,
409 487 438 508 n⁰
455 482 535 512 155.)

275 591 290 607 «
300 579 463 609 Fernando
473 578 615 609 Menendi
627 584 655 608 et
665 578 800 609 Johanni
812 578 933 615 Alc-uri,
949 579 1106 609 canonicis
1124 579 1247 609 L’liaebo-
1276 611 1279 618 ἱ

235 633 383 663 mensibus.
399 633 471 668 Que
485 633 524 663 de
538 633 630 663 sedis
647 650 696 662 —.
714 632 840 662 Datum
854 633 943 671 apud
957 632 1246 668 Urbemmterem,
1277 660 1279 668 ,

234 695 295 716 vm
314 686 391 716 idus
409 686 556 725 augusti,
575 694 662 716 anno
678 686 789 716 tertio.
809 698 824 714 »

323 855 421 886 1107

833 853 958 886 Orvieto,
974 855 990 882 3
1007 855 1073 880 aout
1097 853 1174 880 1264.

271 938 450 965 Sententiam
475 947 531 973 qua
561 938 724 966 Lesatensis
751 939 839 965 abbas
857 938 1052 973 praepositum
1071 938 1210 966 ecclesiae
1225 948 1247 966 s.

233 987 355 1014 Servatii
376 987 568 1023 Trujectensis
588 987 617 1014 in
635 988 828 1022 quadraginta
841 988 947 1014 marcis
963 987 1172 1014 Leodiensibus
1188 996 1248 1015 ma-

237 1036 329 1071 gistro
349 1036 475 1064 Thomae
496 1037 532 1064 de
548 1036 679 1072 Trajecto
698 1037 932 1071 condempnavit,
948 1036 1100 1072 eidemque
1121 1037 1248 1064 Thomae

234 1086 430 1119 praebendam
462 1086 647 1121 quamprimo
674 1089 842 1113 vacaturam
873 1086 901 1112 in
924 1085 1047 1113 ecclesia
1079 1094 1102 1113 5.
1126 1086 1249 1114 servatii

232 1134 438 1170 Trajectensis,
452 1134 618 1162 Leodiensis
635 1136 770 1166 diocesis,
793 1136 969 1169 reservavit,
983 1135 1146 1163 confirmat.
1170 1136 1247 1169 (Risu.

231 1184 276 1215 29,
293 1183 342 1211 fol.
360 1184 394 1211 (34
413 1188 454 1215 νῦ,
470 1189 500 1210 n⁰
517 1185 592 1219 156.)

274 1291 289 1307 «
317 1279 428 1309 leome
451 1279 488 1309 de
518 1279 661 1319 Trqjecto
688 1279 808 1315 clerico,
834 1280 938 1320 nepoti
952 1279 1059 1309 dilecte
1075 1280 1106 1309 in
1127 1279 1249 1310 Christo

232 1441 291 1469 tua
300 1439 418 1477 petitio
431 1439 624 1470 continebat
637 1439 737 1478 quod⁷
747 1448 822 1470 cum
834 1448 895 1470 nos
908 1440 1030 1470 dilecto
1041 1440 1111 1470 filio
1124 1441 1249 1471 decano

233 1492 375 1523 ecclesie
399 1492 507 1522 sancti
524 1492 688 1522 Johannis
709 1492 743 1522 in
763 1492 869 1531 burgo
890 1493 1119 1527 Laudunensi‚
1140 1493 1250 1523 dedis-

233 1553 350 1575 semus
375 1545 457 1574 olim
488 1544 550 1574 sub
580 1547 670 1575 certa
698 1545 807 1575 forma
830 1554 889 1584 per
907 1548 1042 1576 nostras
1064 1546 1196 1576 litteras
1215 1547 1250 1576 in

233 1598 401 1628 mandatis
417 1599 454 1627 ut
470 1597 532 1627 tibi
548 1598 587 1628 de
605 1597 786 1636 prebenda,
802 1599 830 1628 si
850 1607 915 1637 qua
930 1598 963 1628 in
975 1599 1118 1629 ecclesia
1135 1608 1160 1629 s
1177 1599 1250 1629 Ser-

233 1651 315 1680 vatii
335 1650 575 1688 Trajeetensis,
595 1650 797 1681 Leodiensis
819 1651 978 1686 diocesis,
1000 1654 1078 1681 tunc
1095 1651 1247 1687 vacabat,

235 1703 289 1734 vel
303 1703 473 1742 quamcito
491 1712 527 1734 se
542 1703 684 1734 facultas
699 1704 843 1739 offerret,
860 1713 919 1742 per
944 1713 980 1734 se
996 1704 1049 1734 vel
1064 1713 1124 1743 per
1144 1705 1248 1735 alium

236 1757 441 1795 provideret,
463 1756 590 1786 faciens
607 1759 640 1786 te
663 1757 704 1786 ad
728 1757 823 1787 illam
844 1780 916 1787 ......
925 1759 932 1774 ¹
953 1758 1128 1796 provisum
1147 1760 1247 1793 esset,

234 1810 267 1839 in
285 1810 484 1840 canonicum
502 1810 613 1848 ipsius
640 1810 781 1839 ecclesie
801 1810 909 1840 sancti
928 1810 1073 1840 Servatii
1092 1811 1197 1849 recipi
1217 1813 1248 1842 et

233 1863 268 1893 in
286 1863 438 1897 fratrem‚
457 1862 723 1893 contradictores
739 1865 801 1893 610.
814 1872 923 1902 usque
936 1865 1192 1902 compescendo,
1212 1873 1248 1894 ac

232 1925 292 1956 per
306 1917 442 1947 easdem
457 1916 591 1946 litteras
602 1916 786 1946 decernens
802 1917 937 1946 irritum
952 1919 983 1947 et
996 1917 1094 1948 inane
1109 1917 1138 1947 si
1151 1926 1249 1948 secus

233 1970 273 2000 de
283 1969 453 2009 prebenda
463 1969 658 2008 hujusmodi
668 1970 875 2009 contingeret
887 1971 1092 2009 attemptari,
1104 1971 1248 2001 dilectus

232 2023 326 2053 filius
342 2023 481 2062 Symon,
500 2023 610 2053 dictus
628 2022 664 2052 de
678 2023 842 2059 Montibus,
858 2024 1041 2054 canonicus
1059 2024 1200 2054 ecclesie
1219 2033 1246 2055 s.

232 2077 325 2107 Petri
342 2076 556 2113 Leodiensis,
576 2076 630 2107 cui
649 2076 759 2107 dictus
780 2077 927 2107 decanus
953 2086 1054 2115 super
1079 2077 1139 2108 hoc
1157 2078 1248 2108 vices

232 2138 312 2160 suas
327 2130 510 2167 commisit,
526 2130 699 2168 preposito
714 2130 824 2168 ipsius
837 2130 979 2160 ecclesie
993 2139 1019 2161 s.
1034 2132 1191 2168 servatii,
1208 2132 1250 2162 ad

231 2192 333 2222 quem
349 2183 486 2213 collatio
503 2182 752 2221 prebendarum
772 2184 806 2213 in
824 2184 897 2222 ipsa
914 2184 1072 2222 pertinet,
1089 2193 1126 2214 ac
1145 2185 1248 2215 etiam

231 2236 380 2275 capitulo
406 2236 559 2275 ejusdem
581 2236 734 2271 ecclesie,
757 2237 955 2267 auctoritate
975 2237 1141 2268 dictarum
1160 2238 1248 2268 litte-

231 2299 359 2326 rarum,
388 2313 462 2320 ......
486 2290 597 2328 primo
626 2292 759 2320 vacaret
791 2290 928 2325 ibidem,
957 2291 1087 2330 aliquid
1117 2292 1247 2321 ordina-

232 2345 317 2379 rent,
343 2343 489 2373 inhibuit
515 2343 700 2373 decernens
728 2343 863 2374 irritum
898 2346 927 2374 et
958 2344 1057 2374 inane
1091 2345 1120 2374 51
1152 2353 1249 2375 secus

232 2397 441 2435 contingeret
476 2397 683 2435 attemptari.
713 2398 866 2436 Cumque
893 2420 965 2427 ......
990 2398 1024 2427 111
1053 2398 1196 2428 ecclesia
1220 2407 1246 2429 s.

231 2449 377 2480 Servatii
400 2457 460 2488 per
485 2451 629 2480 mortem
653 2450 824 2488 quondam
847 2450 992 2484 Alberti,
1020 2451 1174 2481 canonici
1201 2460 1250 2482 ec-

231 2502 335 2532 clesie
362 2502 536 2541 jamdicte,
568 2503 711 2538 vaeavit,
738 2503 801 2533 tibi
834 2504 1034 2534 auctoritate
1059 2504 1249 2535 litterarum

232 2555 386 2593 ipsarum
405 2555 564 2585 canonice
583 2556 795 2592 contulisset,
817 2557 897 2595 quia
915 2557 1037 2594 [dictus
1055 2558 1249 2596 prepositus

233 2608 375 2638 eandem
406 2607 626 2647 prebendam}
655 2608 777 2638 dilecto
807 2609 878 2640 filio
904 2610 1063 2644 Henrico,
1089 2611 1248 2641 canonico

232 2661 428 2696 Leodiensi,
441 2662 519 2691 nato
537 2660 664 2691 nobilis
680 2662 745 2691 viri
763 2685 784 2691 ..
804 2663 939 2692 comitis
956 2663 996 2693 de
1014 2663 1092 2699 Los,
1112 2664 1249 2702 proprio

232 2716 326 2744 motu
353 2714 505 2744 conferre
525 2714 747 2753 presumpsit,
770 2716 803 2745 te
830 2717 967 2754 propter
990 2716 1051 2747 hoc
1073 2717 1113 2747 ad
1133 2717 1249 2747 sedem

232 2767 456 2806 apostolicam
478 2768 683 2804 recurrente,
701 2775 763 2798 nos
783 2768 912 2806 prefato
934 2769 1059 2800 decano
1080 2779 1140 2808 per
1161 2770 1249 2800 litte·
1280 2772 1281 2780 ¹

2281 219 2318 250 91

1310 305 1365 326 ras
1383 298 1518 327 nostras
1536 296 1749 335 injunximus
1765 299 1800 327 ut
1818 299 1850 328 te
1867 298 1920 328 vel
1941 302 2193 337 procuratorem
2210 304 2318 339 tuum,

1310 351 1368 380 tuo
1395 349 1541 382 nomine,
1566 349 1599 380 in
1623 350 1821 380 canonicum
1851 353 1882 381 et
1909 351 1942 381 in
1965 352 2103 383 fratrem
2132 354 2164 384 in
2192 356 2322 393 prefata

1311 401 1453 432 ecclesia
1474 403 1581 433 sancti
1605 403 1750 434 Servatii
1773 404 1877 442 recipi
1908 406 1939 435 et
1964 407 1999 435 ut
2023 406 2095 444 ejus
2122 409 2321 439 canonicum

1309 455 1447 485 tractari
1475 455 1599 486 faceret
1627 457 1659 486 et
1684 456 1812 492 haberi,
1838 457 1967 496 tibique
1999 458 2038 488 de
2066 460 2236 498 prebenda
2262 470 2322 500 per

1309 516 1345 538 se
1370 508 1423 538 vel
1450 516 1510 547 per
1537 509 1642 539 alium
1666 510 1858 547 provideret
1884 510 2021 547 ibidem,
2047 512 2143 550 juxta
2171 515 2322 552 priorum

1309 561 1552 592 continentiam
1569 562 1776 597 litterarum:
1798 565 1829 593 et
1848 563 1876 593 si
1894 563 1979 594 forte
1999 565 2110 595 dictus
2127 568 2323 606 prepositus

1308 613 1514 652 prebendam
1531 615 1673 645 eandem
1689 624 1753 654 que
1771 616 1833 646 fuit
1858 617 1968 655 ipsius
1982 617 2127 655 Alberti‚
2147 622 2221 658 post
2239 621 2323 651 inhi-

1308 665 1473 697 bitionem
1484 667 1692 707 hujusmodi,
1704 669 1738 698 in
1755 669 1945 700 elusionem
1964 672 2113 702 mandati
2131 673 2322 710 apostolici,

1310 720 1368 750 alii
1383 721 1594 758 contulisset,
1606 721 1681 758 tibi,
1693 722 1798 752 donec
1811 722 2018 761 prebendam
2033 724 2117 755 inibi
2130 725 2257 756 fuisses
2269 735 2325 766 pa-

1310 773 1403 804 011106
1420 775 1608 811 assecutus,
1625 775 1664 805 de
1675 775 1896 813 proventibus
1908 776 2019 815 ipsius
2037 779 2203 817 prepositi
2221 788 2324 818 quan-

1309 827 1382 856 tum
1406 827 1580 858 annuatim
1606 828 1756 858 valerent
1783 831 1967 867 proventus
1985 830 2137 868 ejusdem
2156 831 2324 870 prebende

1311 879 1391 910 dicti
1418 880 1562 917 Alberti‚
1581 881 1705 912 faceret
1722 882 1820 912 annis
1841 883 1986 922 singulis
2005 884 2186 922 assignari.
2206 885 2324 922 Porro,

1311 932 1422 963 dictus
1446 934 1585 972 Symen,
1607 935 1659 965 cui
1680 935 1832 974 prefatus
1849 937 1996 967 decanus
2014 938 2105 967 vices
2125 947 2204 968 suas
2223 947 2325 978 super

1310 985 1371 1016 hoc
1400 987 1549 1018 totaliter
1569 988 1751 1025 commisit,
1778 992 2003 1020 memoratum
2031 991 2241 1030 prepositum
2268 992 2326 1031 qui

1312 1039 1437 1070 (11013111
1454 1040 1664 1079 prebendam
1681 1050 1745 1080 que
1764 1042 1829 1072 fuit
1845 1043 1967 1081 prefati
1986 1043 2130 1080 Alberti,
2143 1046 2219 1082 post
2237 1045 2325 1074 111111-

1310 1092 1476 1123 bitionem
1495 1093 1618 1132 ipsam,
1638 1095 1697 1124 alii
1715 1095 1749 1124 in
1767 1095 1956 1126 elusionem
1975 1096 2153 1134 apostolici
2175 1098 2325 1128 mandati

1312 1146 1511 1181 contulerat,
1533 1148 1665 1177 monuit
1695 1148 1876 1187 diligenter
1902 1151 1938 1179 ut
1964 1148 2027 1179 tibi
2046 1150 2085 1180 de
2104 1151 2326 1188 proventibus

1311 1200 1525 1238 prepositure
1549 1209 1738 1240 sucusque
1760 1202 1801 1232 ad
1824 1202 1975 1233 valorem
1995 1204 2217 1242 quadraginta
2239 1213 2327 1235 mar-

1280 1255 1281 1258 ’
1312 1260 1428 1282 03111111
1459 1252 1712 1289 Leodiensium,
1736 1255 1835 1292 prout
1854 1253 2011 1284 valebant
2029 1258 2214 1293 proventus
2233 1265 2327 1295 sepe-

276 1333 281 1337 ,
399 1333 404 1338 ,
433 1333 438 1337 ,
490 1343 496 1349 1
701 1333 706 1338 ,
841 1332 864 1362 I,
896 1333 900 1338 ,
1039 1333 1085 1363 A·
1182 1336 1188 1345 v
1281 1321 1282 1346 3
1312 1304 1399 1335 dicte
1412 1304 1594 1343 prebende,
1606 1305 1948 1344 tibi.juxtatenorem
1961 1307 2328 1340 dictarumlitterarum

232 1332 1250 1426 ξΙῙιῘΟΙῙΞΞΠέΞΞίΙΞζἴξζυῗέἔὲοῗζῃέἰέιίῗὲἶξὲῑῑιᾰέὶᾟῙΞῈἘ
1281 1374 1282 1401 }
1312 1358 1442 1397 prefato
1460 1359 1584 1388 decano
1601 1359 1722 1390 ultimo
1740 1359 1956 1397 directarum,
1972 1362 2070 1391 annis
2086 1362 2229 1401 singulis
2244 1363 2328 1393 assi-

1312 1414 1440 1450 gnaret.
1468 1412 1509 1442 Et
1528 1413 1607 1450 quia
1630 1412 1719 1442 idem
1738 1414 1933 1452 prepositus
1955 1414 1988 1444 id
2006 1415 2139 1445 efficere
2158 1418 2328 1447 contuma-

1312 1465 1395 1495 citer
1424 1465 1613 1504 denegavit,
1647 1475 1723 1496 cum
1758 1467 1862 1496 nichil
1894 1467 2096 1498 rationabile
2124 1472 2325 1508 proponeret

1312 1518 1392 1556 quia
1419 1518 1453 1548 id
1480 1518 1553 1548 fieri
1577 1527 1643 1548 non
1661 1519 1810 1554 deberet,
1836 1520 1946 1550 dictus
1972 1521 2099 1560 Symon
2123 1522 2156 1551 in
2181 1523 2325 1552 eundem

1311 1571 1521 1609 prepositum
1553 1572 1916 1603 excommunicationis
1934 1575 2148 1611 sententiam,
2169 1575 2325 1614 exigente

1307 1623 1453 1662 justitia,
1482 1624 1722 1663 promulgavit.
1744 1626 1883 1662 Verum,
1904 1635 1978 1656 cum
2001 1627 2111 1657 dictus
2129 1629 2324 1666 prepositus

1310 1679 1447 1716 propter
1473 1677 1534 1707 hoc
1553 1678 1593 1708 ad
1611 1678 1725 1708 sedem
1743 1679 1964 1717 apostolicam
1981 1681 2199 1719 appellasset,
2220 1684 2324 1721 tuque

1311 1739 1412 1760 causa
1438 1731 1665 1769 prosequendi
1695 1732 1867 1770 negotium
1886 1732 2093 1772 hujusmodi,
2111 1734 2151 1764 ad
2173 1737 2324 1765 nostram

1309 1785 1516 1821 presentiam
1543 1784 1760 1818 accessisses,
1789 1793 1850 1815 nos
1880 1785 1969 1815 idem
1998 1787 2170 1825 negotium
2201 1787 2324 1818 dilecto

1310 1836 1381 1866 filio
1393 1836 1550 1870 Geraido,
1563 1836 1676 1867 abbati
1688 1837 1877 1874 Lesatensi,
1890 1839 2063 1877 capellano
2076 1843 2191 1870 nostro
2202 1841 2324 1871 nostri-

1310 1898 1374 1928 que
1401 1889 1520 1928 palatii
1546 1899 1724 1920 causarum
1741 1891 1891 1930 generali
1909 1892 2066 1929 auditori,
2089 1894 2324 1924 commisimus

1310 1943 1545 1973 decidendum.
1561 1943 1713 1982 Cumque
1729 1944 1944 1982 Lambertus,
1956 1945 2111 1977 clericus,
2127 1947 2235 1985 ipsius
2250 1956 2322 1986 pre-

1309 1996 1414 2035 positi
1428 1999 1637 2035 procurator,
1648 2006 1709 2035 pro
1723 2006 1760 2027 eo
1776 2006 1877 2036 super
1889 1998 2084 2037 hujusmodi
2098 2000 2323 2039 appellatione

1310 2049 1421 2088 ipsius
1439 2050 1481 2079 ad
1496 2050 1691 2080 ..decanum
1707 2051 1848 2082 ecclesie
1869 2052 2068 2082 Sanctorum
2082 2054 2323 2092 Apostolorum

1311 2103 1538 2138 Coloniensis,
1550 2105 1685 2133 nostras
1698 2104 1759 2134 sub
1774 2106 1863 2135 certa
1876 2105 1983 2135 forma
1998 2106 2130 2136 litteras
2148 2107 2324 2145 impetras-

1311 2158 1360 2186 set
1370 2158 1469 2195 teque
1481 2156 1566 2195 ipsis
1577 2157 1825 2188 contradicente
1836 2158 1869 2188 in
1881 2159 2051 2190 audientia
2060 2159 2323 2198 publica,dictus

1311 2209 1426 2246 abbas,
1440 2210 1479 2240 ad
1497 2212 1589 2240 tuam
1606 2211 1742 2241 tandem
1761 2211 1970 2248 instantiam,
1984 2221 2040 2242 eas
2055 2212 2120 2242 sibi
2133 2215 2324 2252 presentari

1310 2263 1459 2299 fecisset,
1475 2263 1537 2293 fuit
1556 2264 1772 2302 postmodum
1791 2273 1903 2295 coram
1920 2274 1957 2295 eo
1975 2265 2062 2295 inter
2077 2268 2108 2296 te
2123 2269 2155 2296 et
2169 2275 2326 2305 procura-

1310 2319 1417 2347 torem
1443 2317 1555 2355 ipsum
1585 2317 1714 2347 diutius
1737 2317 1906 2356 litigatum
1929 2320 2042 2348 utrum
2062 2319 2249 2358 predictum
2268 2330 2323 2351 ne-

1310 2370 1439 2409 gotium
1468 2371 1557 2400 65561
1582 2372 1612 2400 61
1637 2369 1773 2400 deberet
1800 2371 1833 2400 in
1858 2371 1950 2401 curia
1968 2374 2083 2402 nostra
2101 2374 2251 2410 tractari,
2269 2374 2324 2404 vel

1310 2423 1460 2462 predicte
1490 2423 1602 2453 littere
1620 2432 1681 2462 pro
1700 2424 1817 2454 eodem
1839 2425 2011 2463 preposito
2030 2425 2208 2464 impetrate
2226 2427 2324 2458 debe-

1311 2479 1384 2507 rent
1402 2476 1546 2507 absolvi.
1570 2476 1663 2506 Idem
1684 2485 1762 2507 vero
1784 2477 1899 2512 abbas,
1917 2478 2065 2514 demum,
2084 2479 2209 2510 auditis
2223 2480 2324 2510 ratio-

1311 2530 1412 2560 nibus
1438 2532 1469 2560 et
1501 2529 1763 2569 allegationibus
1787 2531 1965 2570 utriusque
1984 2532 2103 2570 partis,
2123 2533 2163 2563 de
2184 2534 2324 2572 speciali

1310 2583 1468 2614 mandato
1481 2585 1609 2617 nostro,
1623 2583 1855 2621 pronuntiavit
1871 2584 2041 2622 prefatum
2057 2586 2229 2624 negotium
2250 2595 2324 2618 esse

1311 2638 1345 2667 in
1362 2636 1479 2667 eadem
1494 2636 1587 2666 curia
1603 2638 1635 2666 et
1652 2638 1805 2675 tempora
1823 2638 2077 2668 constitutionis
2092 2639 2201 2669 felicis
2219 2648 2326 2670 recor-

1312 2690 1459 2720 dationis
1483 2690 1672 2720 Innocentii
1694 2698 1778 2729 pape
1798 2691 1876 2727 IIII,
1898 2691 2150 2729 predecessoris
2169 2692 2287 2727 nostri,
2307 2700 2326 2722 a

1310 2745 1343 2774 te
1371 2751 1473 2781 super
1501 2742 1562 2773 hoe
1594 2742 1702 2773 fuisse
1726 2743 1878 2783 legitime
1910 2743 2100 2781 observata,
2130 2745 2324 2784 dictumque

1310 2796 1485 2835 negotium
1502 2796 1538 2826 111
1564 2796 1658 2826 curia
1682 2796 1757 2835 ipsa
1776 2796 1898 2827 debere
1918 2798 2068 2828 tractari.
2089 2798 2229 2834 Verum,
2247 2798 2325 2837 quia

264 2864 287 2887 1.
304 2863 347 2887 En
360 2863 506 2894 plusieurs
519 2863 648 2888 endroits
663 2863 810 2889 l'ecriture
821 2864 859 2889 du
872 2866 1031 2890 manuscrit
1043 2869 1086 2891 est
1100 2866 1126 2891 si
1138 2866 1252 2891 endom-
1280 2867 1281 2884 1
1312 2849 1421 2880 dictus
1437 2850 1636 2888 Procurator
1652 2849 1710 2888 qni
1728 2851 1859 2879 tantum
1877 2850 1918 2880 ad
1934 2850 2183 2889 impetrandum
2199 2852 2229 2880 et
2251 2859 2326 2881 con‘

234 2907 332 2938 inagce
349 2915 403 2939 que
422 2908 451 2932 la
466 2908 576 2933 lecture
593 2915 627 2933 en
642 2911 684 2933 est
698 2908 877 2940 impossible.

1279 2888 1282 2934 t

1311 2901 1545 2932 tradicendum
1575 2910 1635 2940 pro
1665 2902 1839 2941 preposito
1863 2903 1936 2942 ipso
1956 2903 2152 2934 mandatum
2169 2902 2323 2939 habebat,
