2519 3262
224 229 281 258 19ss

223 312 324 347 tente,
347 311 391 344 te,
415 309 494 338 tunc
519 307 552 337 in
576 308 631 336 tuo
665 304 871 335 monasterio
888 301 1132 333 Clarevallensi
1164 309 1233 331 mo-

224 366 364 399 rantem,
385 362 424 392 de
451 361 592 391 fratrum
620 361 813 389 nostrorum
833 356 976 387 consilio
1004 357 1036 386 et
1052 354 1232 394 apostolice

224 416 434 456 plenitudine
475 413 653 452 potestatis
687 411 752 450 ipsi
785 410 926 440 ecclesie
962 409 1165 447 prefecimus
1200 408 1233 436 in

224 472 407 508 pastorem,
426 468 575 506 injuncto
592 464 833 495 nichilominus
849 463 972 493 dilecto
990 461 1060 492 filio
1077 486 1082 491 .
1103 459 1233 490 abbati

223 521 452 555 cisterciensi,
471 528 528 558 per
545 521 678 548 nostras
702 517 833 546 litteras
860 518 895 545 ut
920 518 952 545 te
980 515 1020 544 ad
1046 513 1234 551 suscipien-

224 576 301 605 dum
322 574 472 612 ejusdem
499 571 640 602 ecclesie
668 570 830 609 regimen,
851 567 1121 599 exortationibus
1141 574 1234 604 opor-

224 628 316 658 tunis
332 627 505 658 induceret
527 626 570 660 et,
594 624 623 654 si
642 631 779 654 necesse
800 622 897 658 foret,
916 623 984 651 tarn
1002 621 1118 650 nostra
1133 627 1234 657 quam

226 690 285 711 sua
311 680 521 712 auctoritate,
543 686 601 716 per
629 685 664 707 se
691 676 743 706 vel
774 684 833 714 per
861 675 964 705 alium
993 674 1170 703 coartaret.
1195 671 1235 701 Et

225 734 371 772 licet2t11‚
397 732 464 761 hiis
480 731 618 765 auditis,
638 730 701 759 iter
720 729 927 767 arripuisses
946 727 984 756 ad
1003 726 1116 756 sedem
1141 733 1236 763 apos-

226 787 360 817 tolicam
382 785 550 817 veniendi,
583 783 802 822 expositurus
822 781 919 811 nobis
945 780 1033 819 quod
1050 777 1233 817 episcopali

225 839 380 879 dignitati
410 839 566 868 affectum
595 845 661 867 non
685 835 846 874 applicas,
865 843 901 864 ac
921 834 1057 872 propter
1073 832 1134 861 hoc
1161 839 1237 869 sup-

225 893 359 932 pliciter
377 892 545 930 petiturus
562 892 598 920 ut
614 891 645 920 te
663 889 704 919 ab
721 887 914 927 hujusmodi
935 895 1035 917 onere
1058 885 1167 923 ipsius
1186 892 1234 913 ec-

226 946 328 976 clesie
362 944 422 975 tibi
450 953 468 974 a
490 943 589 974 nobis
618 942 778 980 imposito
803 940 978 971 absolvere
1006 939 1235 977 dignaremur,

226 1002 338 1029 tamen
367 998 511 1028 dilectus
537 996 642 1032 filius,
660 995 763 1025 abhas
784 993 980 1024 monasterii
1000 990 1235 1023 Maceriarum,

226 1052 463 1082 Cisterciensis
486 1049 628 1085 ordinis,
649 1049 701 1079 cui
721 1047 872 1087 prefatus
899 1045 1002 1076 abbas
1017 1043 1172 1074 Cistercii
1191 1042 1237 1072 vi·
1263 1064 1264 1070 i

227 1114 281 1135 ces
308 1113 387 1135 suas
409 1105 441 1134 in
460 1104 520 1133 bac
534 1104 629 1141 parte
648 1101 829 1136 commisit,
848 1102 880 1130 te
900 1099 1032 1129 monuit
1048 1100 1081 1128 et
1105 1096 1237 1127 induxit
1263 1105 1264 1139 ἰ

228 1168 264 1188 ac
280 1158 342 1188 tibi
360 1158 447 1196 quod
477 1157 626 1195 regimen
651 1155 802 1193 ejusdem
823 1153 963 1183 ecclesie
981 1151 1186 1189 susciperes,
1203 1149 1239 1179 in

228 1212 352 1242 virtute
379 1210 568 1241 obedientie
595 1210 626 1239 et
650 1207 713 1238 sub
744 1205 1018 1237 interminatione
1048 1211 1237 1234 excommu-

229 1264 422 1299 nicationis,
447 1262 604 1301 injunxit.
627 1261 720 1291 Idem
738 1267 871 1298 quoque
888 1258 991 1288 abbas
1014 1256 1183 1290 Cistercii,
1205 1255 1239 1285 in

229 1317 421 1357 hujusmodi
443 1317 566 1346 virtute
595 1313 783 1345 obedientie
805 1314 836 1342 et
858 1311 919 1341 sub
940 1319 1024 1350 pena
1051 1318 1240 1340 excommu-

231 1370 410 1401 nicationis
428 1368 592 1399 sententie
606 1366 829 1406 promulgate,
846 1364 905 1394 tibi
923 1373 981 1403 per
999 1371 1078 1393 suas
1090 1362 1240 1401 precepit

231 1425 362 1455 litteras
382 1425 415 1453 ut
432 1431 543 1452 coram
561 1430 598 1451 eo
619 1422 708 1449 certo
726 1418 870 1449 termino
890 1424 1103 1455 compareres
1114 1417 1146 1445 et
1163 1414 1237 1450 tibi,

231 1479 264 1508 in
289 1478 413 1507 virtute
434 1484 471 1505 ac
494 1474 556 1504 sub
573 1482 658 1512 pena
677 1471 861 1506 similibus,
881 1469 1025 1499 inhibuit
1047 1477 1086 1498 ne
1104 1470 1240 1507 propter

230 1531 291 1561 hoc
317 1530 357 1559 ad
389 1529 503 1558 sedem
537 1515 757 1566 apostolicam
792 1524 966 1553 accederes
997 1521 1237 1561 supradictam.

231 1584 336 1614 Porro
357 1584 393 1612 tu
421 1580 673 1614 nichilominus,
694 1578 756 1607 iter
775 1578 945 1615 arreptum
965 1582 1182 1614 persequens,
1200 1573 1240 1602 all

233 1638 381 1667 nostram
411 1633 616 1673 presentiam
644 1630 817 1661 accessisti
838 1629 1011 1659 humiliter
1033 1628 1166 1658 tandem
1184 1635 1240 1665 pe—

231 1692 306 1720 tens
331 1698 349 1719 a
375 1687 472 1718 nobis
497 1690 543 1723 ut,
573 1694 647 1715 cum
674 1684 808 1714 dubites
833 1691 871 1713 ue
899 1681 1084 1720 supradicti
1101 1680 1241 1710 abbates

233 1744 289 1773 ant
314 1742 418 1780 aliqui
441 1740 499 1770 alii
519 1740 558 1769 ad
577 1738 771 1769 mandat-um
791 1736 899 1775 ipsius
920 1735 1052 1765 abbatis
1070 1733 1239 1767 Cistercii,

235 1796 266 1826 in
284 1798 314 1826 te
332 1795 392 1825 tali
412 1795 452 1824 de
478 1802 589 1828 causa,
612 1793 748 1831 propter
767 1789 959 1828 hujusmodi
990 1789 1158 1827 precepta,
1187 1796 1238 1825 pe-

234 1858 292 1879 nas
306 1847 541 1887 suspensionis
555 1845 607 1876 vel
625 1844 793 1875 Interdicti
809 1846 865 1873 aut
881 1841 1241 1872 excommunicationis

234 1902 420 1933 sententias
436 1898 691 1939 promulgarint,
709 1896 884 1935 providere
913 1895 971 1925 tibi
992 1903 1093 1932 super
1114 1894 1173 1924 hoc
1192 1903 1242 1922 sa·

233 1955 376 1986 lubriter
393 1960 600 1984 curaremus.
620 1951 706 1986 Quia
725 1958 802 1979 vero
820 1947 1025 1978 venerabilis
1048 1947 1149 1977 frater
1167 1956 1240 1977 nos-

235 2010 328 2039 ter..
349 2008 528 2046 episcopus
553 2003 780 2036 Tusculanus,
809 2001 1009 2031 auctoritate
1038 2001 1152 2030 nostra
1176 2000 1241 2030 sibi

234 2069 334 2100 super
358 2060 419 2090 hoc
436 2068 454 2089 a
471 2057 568 2088 nobis
586 2056 768 2087 commissa
783 2054 917 2085 oraculo
939 2053 1013 2083 vive
1036 2053 1135 2088 vocis,
1154 2055 1184 2083 te
1200 2052 1241 2083 ab

231 2113 426 2153 hujusmodi
453 2111 644 2143 sententiis,
665 2109 762 2147 sique
784 2108 871 2147 jure,
890 2106 1063 2136 occasione
1078 2106 1239 2144 predicta,

233 2167 374 2198 forsitan
394 2166 461 2195 sint
478 2164 619 2203 prolate,
633 2162 731 2201 juxta
748 2160 889 2191 ecclesie
908 2159 1063 2194 sormam,
1081 2158 1239 2194 absolvit,

232 2221 410 2258 tecumque
437 2215 648 2256 dispensavit
675 2222 776 2253 super
804 2211 1052 2251 irregularitate
1082 2211 1111 2241 si
1140 2220 1241 2250 quam

231 2273 358 2304 talibus
373 2272 498 2311 ligatus
515 2269 693 2300 sententiis
710 2266 922 2302 contraxisti,
934 2266 965 2295 te
978 2265 1104 2295 divinis
1118 2264 1241 2295 ofliciis

232 2326 367 2357 interim
385 2323 618 2357 immiscendo‚
630 2322 727 2360 prout
741 2321 774 2350 in
785 2319 979 2358 patentibus
992 2318 1117 2348 litteris
1133 2317 1241 2356 ipsius

232 2379 380 2419 episcopi
401 2376 584 2409 Tusculani
604 2374 777 2410 confectis,
800 2372 922 2403 exinde
941 2371 1076 2410 plenius
1092 2371 1239 2401 contine-

231 2434 296 2469 tur,
308 2432 461 2470 n08,2tuis
473 2427 780 2470 supplicationibus
791 2425 955 2461 inclinati,
968 2424 1057 2464 quod
1069 2423 1110 2454 ab
1122 2423 1240 2454 eodem

232 2486 389 2525 episcopo
415 2492 517 2523 super
533 2483 601 2513 hiis
626 2482 751 2512 factum
765 2481 827 2515 est,
851 2480 961 2509 ratum
983 2479 1014 2508 et
1034 2477 1169 2507 firmum
1186 2476 1240 2507 ha-

230 2538 360 2574 bentes,
387 2537 420 2567 id
452 2535 650 2567 auctoritate
683 2533 870 2573 apostolica
904 2530 1144 2562 confirmamus
1175 2531 1237 2560 etc.
1265 2555 1267 2564 s

231 2600 337 2631 usque
356 2589 618 2621 communimus.
1265 2570 1267 2629 i

269 2644 434 2676 Tenorem
447 2644 559 2673 autern
574 2641 765 2672 litterarum
777 2640 928 2678 ipsarum
945 2637 984 2668 de
995 2635 1097 2667 verbo
1113 2635 1154 2666 ad
1168 2644 1239 2666 ver·
1265 2635 1266 2656 3

229 2697 308 2728 bum
326 2695 540 2736 presentibus
559 2694 701 2725 fecimus
718 2692 882 2728 annotari.¹
901 2691 958 2730 qui
976 2690 1056 2721 talis
1072 2691 1143 2720 est:

270 2766 284 2784 (t
303 2754 385 2788 Odo,
414 2752 632 2783 miseratione
661 2751 774 2781 divina
803 2748 1017 2781 Tusculanus
1043 2746 1236 2786 episcopus,
1264 2752 1265 2759 ¹

230 2807 414 2839 venerabili
445 2809 476 2836 et
505 2805 664 2844 religioso
696 2804 767 2834 viro
798 2801 895 2833 fratri
925 2800 1095 2839 Philippo,
1125 2798 1237 2829 abbati
1264 2791 1265 2810 1

230 2860 426 2892 monasterii
454 2858 667 2891 Clarevallis,
694 2855 933 2887 Cisterciensis
953 2853 1095 2889 ordinis,
1115 2852 1235 2891 Lingo-

229 2914 345 2946 nensis
371 2912 528 2945 diocesis,
547 2911 691 2941 salutem
710 2910 743 2940 in
760 2909 916 2940 Domino.
943 2905 1161 2938 Macloviensi
1185 2913 1236 2935 ec-

974 217 1219 249 REGISTRES
1246 214 1460 246 D’URBAIN
1487 215 1544 245 IV.

1290 298 1394 329 clesia
1421 297 1569 336 pastoris
1589 296 1711 327 solatio
1731 296 1904 332 destituta,
1931 296 2170 326 sanctissimus
2194 299 2299 335 pater,

1291 352 1448 382 dominus
1466 350 1636 386 Urbanus,
1651 358 1737 388 papa
1753 349 1829 385 1111,
1850 358 1920 383 vos,
1943 349 1983 378 de
2001 348 2143 378 fratrum
2159 358 2297 380 suorum

1291 405 1433 435 consilio
1457 405 1487 433 et
1512 403 1694 442 apostolice
1716 402 1926 441 plenitudine
1946 403 2139 440 potestatis,
2158 403 2299 441 prefecit

1292 459 1401 488 eidem
1416 457 1556 487 ecclesie
1571 456 1603 486 in
1620 456 1815 494 episcopum
1835 457 1867 485 et
1882 457 2064 494 pastorem.
2086 456 2234 494 injuncto
2253 464 2303 485 re-

1292 512 1413 551 ligioso
1432 511 1504 540 viro
1522 533 1527 538 .
1545 535 1549 539 .
1570 509 1860 540 abbatiCistercii.
1877 517 1936 547 per
1947 517 2027 538 suas
2042 508 2175 538 litteras
2192 511 2227 538 ut
2243 517 2304 538 vos

1292 564 1380 603 quod
1408 563 1557 602 regImen
1580 563 1729 601 predicte
1757 561 1978 600 susciperetis
2005 561 2146 591 ecclesie
2172 564 2304 591 exorta-

1293 617 1443 648 tionibus
1467 616 1643 655 oportunis
1662 615 1820 645 inducere
1839 617 1871 645 et
1893 615 1933 645 ad
1958 615 2003 651 id,
2029 617 2097 645 tam
2116 624 2176 645 sua
2202 623 2304 654 qnam

1292 671 1403 709 ipsius
1421 670 1549 700 domini
1568 678 1652 708 pape
1671 670 1884 704 auctoritate,
1902 670 1929 698 si
1944 677 2081 698 necesse
2099 669 2196 702 foret,
2216 677 2307 698 com-

1290 724 1418 763 pellere
1428 726 1634 762 procnraret.
1648 722 1734 753 Sane
1750 731 1820 752 vos.
1839 722 2011 752 intellecto
2029 723 2116 760 quod
2134 721 2306 760 predictus

1293 787 1379 816 papa
1407 777 1516 807 eidem
1540 776 1682 806 ecclesie
1708 784 1768 806 vos
1797 776 1831 805 in
1854 776 2050 814 episcopum
2077 778 2107 805 et
2134 766 2306 813 pastorem

1295 831 1492 870 prefecerat,
1516 830 1579 860 iter
1598 829 1794 868 arripuistis
1819 828 1858 858 ad
1883 828 1996 858 sedem
2017 828 2236 867 apostolicam
2253 836 2308 857 ve-

1294 884 1420 918 niendi,
1436 883 1661 922 supplicaturi
1679 882 1787 912 eidem
1808 882 1944 911 domino
1963 890 2047 920 pape
2064 883 2098 910 ut
2115 889 2174 910 vos
2191 880 2231 910 ab
2251 880 2308 910 hu-

1291 937 1441 976 jusmodi
1467 945 1567 966 onere
1596 935 1693 965 vobis
1713 935 1873 973 imposito
1899 934 2074 964 absolvere
2100 934 2308 973 dignaretur.

1296 989 1400 1019 Vobis
1426 990 1540 1028 itaque
1568 989 1599 1018 in
1624 989 1742 1019 itinere
1759 987 1953 1027 hujtismodi
1976 987 2183 1022 constitutis,
2202 986 2307 1017 abbas

1296 1043 1494 1073 monasterii
1525 1042 1763 1077 Maceriaruin,
1801 1040 2040 1071 Cisterciensis
2075 1040 2224 1075 ordinis,
2255 1040 2310 1070 cui

1295 1096 1384 1126 idem
1395 1096 1499 1126 abbas
1509 1095 1663 1126 Cistercii
1682 1095 1898 1125 commiserat
1917 1102 2018 1132 super
2035 1093 2094 1123 hoc
2106 1094 2198 1124 vices
2215 1101 2308 1130 suas,

1263 1147 1264 1151 ’
1296 1159 1355 1180 zos
1377 1149 1506 1179 monuit
1524 1151 1556 1179 et
1583 1149 1715 1178 induxit
1732 1149 1762 1178 et
1781 1149 1815 1178 in
1831 1148 1956 1178 virtute
1983 1147 2174 1177 obedientie
2192 1148 2222 1177 et
2247 1145 2310 1176 sub

1296 1203 1572 1232 interminatione
1599 1201 1961 1231 excommunicationis
1980 1201 2074 1230 vobis
2107 1200 2253 1239 injunxit
2272 1201 2309 1230 ut

1297 1255 1517 1294 susciperetis
1542 1255 1691 1294 regimen
1715 1254 1855 1284 ecclesie
1882 1253 2088 1293 supradicte.
2107 1253 2201 1283 Idem
2230 1261 2313 1292 quo-

1297 1318 1361 1348 que
1378 1308 1482 1338 abbas
1495 1308 1649 1338 Cistercii
1662 1307 1771 1343 vobis,
1789 1307 1822 1337 in
1840 1307 1957 1337 eadem
1975 1307 2100 1337 virtute
2118 1305 2310 1336 obedientie

1298 1364 1327 1392 et
1357 1361 1421 1391 sub
1448 1369 1534 1399 pena
1559 1360 1923 1391 excommunicationis
1949 1359 2016 1389 late
2039 1359 2219 1397 sententie,
2252 1367 2312 1397 per

1299 1423 1378 1445 suas
1403 1415 1552 1453 precepit
1576 1414 1709 1444 litteras
1734 1416 1769 1443 ut
1789 1413 2030 1451 compareretis
2057 1415 2146 1442 certo
2162 1412 2308 1442 termino

1299 1476 1409 1498 coram
1435 1476 1484 1503 eo,
1503 1469 1534 1497 et
1554 1467 1796 1497 nichilominus
1821 1466 1854 1496 in
1872 1466 1997 1496 virtute
2015 1475 2051 1496 ac
2073 1465 2135 1495 sub
2160 1474 2247 1504 pena
2263 1465 2308 1495 si-

1299 1521 1439 1551 milibus
1468 1520 1615 1550 inhibuit
1644 1529 1684 1550 ne
1714 1520 1754 1550 ad
1785 1520 1898 1549 sedem
1931 1519 2137 1549 accederetis
2156 1519 2309 1549 eandem.

1298 1575 1402 1604 Porro
1420 1583 1491 1610 vos,
1503 1573 1698 1603 dubitantes
1716 1582 1755 1603 ne
1774 1573 1876 1603 iidem
1888 1572 2027 1602 abbates
2044 1572 2096 1602 vel
2114 1572 2219 1611 aliqui
2239 1571 2311 1608 alii,

1299 1628 1339 1658 ad
1350 1628 1545 1657 mandatum
1558 1627 1667 1665 ipsius
1677 1626 1809 1656 abbatis
1823 1626 1991 1662 Cistercii,
2003 1626 2036 1656 in
2052 1634 2123 1660 vos2
2136 1625 2312 1656 occasione

1298 1681 1508 1720 hujusmodi,
1553 1680 1915 1711 excommunicationis
1952 1679 2002 1709 vel
2046 1678 2218 1710 interdicti
2256 1679 2314 1709 aut

1300 1734 1536 1773 suspensionis
1555 1733 1740 1764 sententias
1768 1733 2026 1772 promulgarint,
2056 1731 2314 1771 supplicavistis

1300 1788 1396 1818 nobis
1416 1797 1476 1826 per
1501 1787 1643 1818 eundern
1666 1787 1839 1817 dominum
1860 1795 1981 1825 papam
2001 1794 2102 1824 super
2122 1785 2181 1816 hoc
2202 1785 2313 1824 provi-

1299 1842 1382 1872 deri.
1400 1842 1471 1871 Nos
1487 1841 1612 1879 itaque,
1625 1840 1824 1870 auctoritate
1844 1839 1953 1878 ipsius
1967 1839 2095 1869 domini
2112 1847 2195 1877 pape
2211 1837 2310 1868 nobis

1300 1894 1340 1925 ab
1357 1903 1395 1924 eo
1412 1894 1446 1924 in
1470 1894 1529 1923 hac
1554 1895 1647 1932 parte
1671 1893 1854 1923 commissa
1881 1891 2016 1922 oraculo
2032 1891 2107 1922 vive
2126 1891 2230 1926 vocis,
2249 1899 2310 1921 vos

1300 1947 1340 1978 ab
1356 1946 1550 1985 hujusmodi
1568 1945 1747 1976 sententiis
1764 1945 1793 1975 si
1811 1954 1875 1984 que
1893 1945 2010 1974 sintin
2026 1953 2087 1974 vos
2098 1945 2235 1983 propter
2248 1943 2310 1974 hoc

1300 2000 1441 2030 forsitan
1465 1998 1686 2037 promulgate,
1702 1998 1801 2036 juxta
1825 1997 1966 2027 sormam
1987 1997 2140 2033 ecclesie,
2163 1995 2311 2026 absolvi—

1299 2061 1386 2085 mus.
1407 2055 1437 2082 et
1465 2052 1703 2090 dispensamus
1727 2050 1901 2080 vobiscum
1930 2058 2031 2088 super
2060 2049 2310 2088 irregularitate

1299 2106 1326 2135 si
1345 2114 1445 2144 quam
1465 2104 1696 2135 contraxistis,
1715 2103 1843 2133 talibus
1859 2103 1954 2139 ligati
1973 2103 2163 2136 sententiis„
2182 2111 2242 2132 vos
2262 2102 2310 2132 di-

1298 2159 1388 2188 vinis
1408 2158 1531 2188 officiis
1557 2157 1790 2187 immiscendo.
1812 2157 1847 2186 In
1869 2156 1964 2193 cujus
1987 2156 2033 2185 rei
2058 2156 2307 2191 testimonium,

1298 2211 1513 2251 presentibus
1532 2210 1656 2240 litteris
1671 2209 1822 2248 sigillum
1843 2212 1994 2239 nostrum
2014 2209 2156 2239 fecimus
2173 2209 2309 2247 apponi.

1298 2265 1417 2295 Actum
1437 2264 1524 2303 apud
1552 2263 1877 2294 t‘rbonivete1·em.v
1902 2262 1978 2292 idus
2002 2261 2175 2298 februarii,
2201 2261 2311 2301 ponti-

1267 2315 1268 2318 ’
1298 2319 1416 2348 ficatus
1431 2317 1558 2348 domini
1578 2316 1706 2348 Urbani
1726 2324 1808 2355 pape
1829 2316 1904 2346 IIIIi
1921 2324 2007 2346 anno
2022 2315 2135 2346 tertio.
2155 2325 2169 2344 υ

1338 2375 1431 2405 Nulli
1456 2383 1533 2413 ergo
1558 2376 1671 2404 nostre
1703 2372 1972 2402 confirmationis
1991 2374 2051 2402 etc.
2072 2371 2198 2402 Datum
2220 2371 2310 2410 apud

1297 2428 1588 2461 Urbeniveterem,
1607 2426 1706 2457 nonis
1726 2425 1853 2461 martii,
1873 2434 1958 2455 anno
1976 2425 2087 2455 tertio.
2107 2434 2121 2453 n

1388 2610 1482 2642 1104
1873 2606 1998 2639 ‹li-vieto,
2015 2606 2048 2633 14
2061 2613 2140 2632 mars
2158 2605 2236 2633 1264.

1331 2695 1455 2722 Litterae
1480 2693 1660 2720 executor-iae
1681 2693 1716 2719 de
1735 2694 1812 2719 certa
1838 2699 1932 2718 annua
1958 2691 2096 2725 pensione
2119 2689 2307 2722 Thomasino,

1295 2745 1372 2771 dicto
1391 2745 1499 2771 Buevcs.
1516 2742 1684 2769 exhibenda.
1702 2742 1780 2776 (Rau.
1793 2742 1838 2773 29,
1859 2740 1904 2767 sol.
1929 2741 1989 2773 127,
2007 2745 2036 2766 n·
2051 2739 2103 2767 454
2120 2740 2128 2769 )

1336 2859 1352 2879 «
1368 2873 1392 2878 ..
1413 2848 1552 2888 episcopo
1585 2846 1816 2881 Cenomanensi,
1843 2851 1870 2875 e!
1890 2844 2000 2874 dilecto
2016 2844 2082 2884 filio
2099 2867 2105 2873 .
2125 2869 2130 2874 .
2154 2843 2307 2874 archidia-

1296 2912 1369 2933 cono
1397 2900 1559 2932 castrilidi
1584 2902 1614 2931 in
1633 2899 1759 2931 ecclesia
1785 2899 2016 2930 Cenomanensi.
2037 2898 2191 2929 Dilectus
2214 2897 2309 2928 filius
