2659 3242
152 215 210 247 132

177 850 251 880 1253

157 909 231 929 nov,
253 899 304 929 ΤΞ.

337 852 467 889 orviego.

946 210 1117 240 TABLES
1143 208 1204 240 Du
1230 207 1451 239 REGISTRE
1476 208 1688 239 D'URBAIN
1715 209 1758 239 IV

1079 304 1165 330 Paga.
1182 301 1307 324 Plu-eros.

515 363 554 390 de
580 363 792 396 Burgo-novo,
822 362 938 389 rectori
965 361 1116 389 ecclesiae

516 411 555 438 de
582 410 740 442 Plebeion‚
772 411 942 437 Leonensis
970 410 1112 443 diocesis,

516 459 607 493 cujus
640 459 770 494 quidem
807 459 921 491 lvonis,
958 458 1116 486 ca÷ellani

517 507 657 542 episcopi
673 507 861 539 Prenestini,
880 507 1117 534 archidiaconus

517 557 556 584 de
580 555 812 590 Pago-Castelli
833 556 865 582 in
889 555 1021 583 ecclesia
1043 558 1115 583 Tre-

517 605 641 631 corensi
664 606 816 631 executor
838 605 1015 639 deputatus
1036 605 1114 636 erat,

516 654 574 680 sub
598 654 673 680 data
694 661 715 679 x
737 653 888 680 kalendas
926 652 1012 685 maii,
1041 659 1117 687 pon-

519 701 665 729 tiricatus
694 702 815 729 Urbani
844 709 945 736 papae
973 708 1006 727 lv
1035 707 1118 728 anno

518 750 664 782 secund0,
694 758 728 777 ac
755 758 810 785 per
836 751 978 784 ejusdem
1006 749 1112 776 lvonis

519 799 652 826 mortem
682 800 843 831 vacantes,
873 798 1008 826 confert.
1125 804 1188 824 tome
1205 801 1235 822 ιιι

562 852 681 878 Abbati
715 853 753 879 de
784 852 938 884 Mellinos,
963 852 1105 885 Andega-
1125 846 1201 886 {381
1223 845 1327 885 {2300

523 900 628 928 vensis
661 901 803 933 diocesis,
839 902 871 928 et
905 901 1119 935 archipresby—

520 953 589 978 tero
602 951 838 985 Andegavensi,
855 950 989 977 mandat
1004 950 1041 976 ut
1056 955 1118 976 ma-

519 1000 655 1034 gistrum
670 1001 831 1034 Paganum
847 999 885 1025 de
899 997 1040 1029 Pinibus,
1056 1004 1119 1024 rec-

522 1050 622 1075 torem
638 1048 789 1075 ecclesiae
803 1048 842 1074 de
855 1047 961 1079 Muris,
977 1046 1120 1080 Andega-

519 1096 624 1123 vensis
649 1096 791 1128 diocesis,
817 1096 848 1122 in
873 1094 1005 1122 ecclesia
1026 1094 1112 1121 Brio-

520 1145 606 1171 censi
629 1145 661 1171 in
684 1144 871 1171 canonicum
883 1143 979 1177 recipi
995 1142 1113 1170 faciant

521 1193 613 1228 eique
643 1194 680 1220 de
708 1193 889 1227 praebenda
917 1191 1115 1226 provideant,

520 1249 583 1268 non
606 1243 756 1269 obstante
776 1242 862 1276 quod
885 1241 916 1268 in
940 1239 1072 1267 ecclesia
1094 1246 1118 1266 s.

521 1290 666 1317 Mauricii
695 1290 934 1324 Andegavensis
962 1289 1019 1316 sub
1051 1294 1120 1315 exs-

520 1339 701 1373 pectatione
717 1339 864 1366 beneficii
879 1339 1026 1372 receptus
1041 1337 1119 1364 exis-

521 1387 575 1414 tit.
1121 1392 1184 1411 tome
1202 1389 1232 1410 lll

562 1436 609 1462 De
647 1436 812 1471 capellano
832 1436 1038 1472 {instituendo
1077 1435 1109 1461 in
1127 1432 1134 1473 Ι
1149 1433 1209 1461 390
1225 1429 1233 1470 Ι
1247 1431 1328 1471 2356

521 1485 644 1519 capella
684 1485 851 1519 hospitalis
889 1485 991 1512 Villae
1029 1483 1121 1518 Augi,

523 1533 788 1567 Rothomagensis
804 1534 947 1566 diocesis,
968 1541 985 1560 a
1002 1532 1124 1560 clericis

523 1582 664 1616 ejusdem
697 1583 804 1610 villae.

577 1632 716 1664 Petrum,
749 1632 911 1666 quondam
942 1631 1078 1665 priorem
1101 1638 1124 1657 s.
1145 1625 1228 1666 1220
1246 1623 1252 1665 Ι
1269 1626 1328 1655 45⁴2

523 1679 644 1714 Quirici
674 1681 802 1713 Lucani,
835 1681 1025 1708 monachum
1055 1686 1120 1706 mo-

522 1729 655 1756 nasterii
685 1728 870 1761 Casae-Dei,
906 1729 937 1755 in
973 1730 1121 1756 abbatem

522 1778 714 1805 monasterio
729 1778 930 1812 Agedunensi
945 1776 1102 1812 praeficit.
1125 1784 1189 1804 tone
1207 1782 1236 1802 ιιι

561 1830 613 1863 Μ.,
641 1831 741 1857 electo
766 1831 972 1863 Salernitano‚
989 1831 1045 1865 qui
1069 1831 1109 1857 ad
1127 1826 1132 1866 Ι
1149 1830 1206 1858 374
1227 1826 1323 1866 §2261

523 1879 687 1905 ecclesiam
707 1879 938 1906 Salernitanam
956 1880 1121 1906 commode

524 1928 670 1954 accedere
688 1935 751 1954 non
764 1929 880 1962 potest,
895 1928 1046 1962 temporis
1056 1934 1120 1955 ma-

524 1975 593 2002 litia
617 1975 764 2008 faciente,
791 1983 900 2003 omnes
924 1977 1120 2011 personatus,

523 2025 718 2058 praebendas
741 2026 770 2051 ct
795 2025 1007 2052 ecclesiastica
1028 2026 1121 2052 bene-

523 2071 597 2100 ficia
612 2080 734 2100 necnon
752 2074 892 2100 actiones
908 2075 941 2100 et
956 2073 1026 2107 jura
1041 2081 1122 2108 quae

525 2122 667 2155 tempore
701 2123 912 2156 promotionis
943 2122 1120 2154 obtinebat,

522 2172 672 2203 reservat,
698 2172 795 2197 donec
818 2171 968 2198 ecclcsiae
990 2170 1121 2198 Salerni-

524 2220 617 2245 tanae
646 2219 875 2253 possessionem
907 2219 1039 2254 adipisci
1068 2227 1120 2246 vn-

523 2266 597 2294 leat.
1124 2275 1188 2296 tone
1206 2274 1235 2294 ιιι

563 2316 684 2343 Abbati
721 2317 907 2344 monasterii
926 2325 950 2344 s.
989 2318 1106 2344 Urbani
1126 2313 1132 2353 Ι
1149 2318 1207 2345 375
1224 2313 1232 2353 Ι
1247 2315 1326 2344 ’2267

522 2365 792 2392 (ἶςιῑῐιῑιΙιιιιιιῡηδίε
811 2367 943 2393 mandat
965 2367 1002 2393 ut
1013 2367 1117 2401 Hugo—

522 2420 602 2445 nem,
636 2416 787 2441 rectorem
820 2415 969 2442 ccclesiae
998 2416 1036 2442 de
1065 2416 1119 2443 Ju-

522 2469 631 2495 vrgne,
662 2463 691 2489 in
721 2463 852 2490 ccclesia
881 2465 910 2490 l».
939 2464 1056 2491 Mariae
1084 2465 1122 2491 de

521 2510 912 2544 Columbae-monasterio,
976 2513 1113 2540 Bisunti-

523 2566 582 2586 nae
602 2560 744 2592 diocesis,
769 2560 798 2587 in
819 2561 1004 2588 canonicum
1025 2562 1121 2596 recipi

522 2607 618 2634 faciat
642 2608 735 2643 eique
757 2609 795 2635 de
816 2610 996 2643 praebenda
1018 2611 1120 2644 provi-

521 2656 606 2683 deal.
1125 2668 1188 2686 tome
1206 2665 1235 2685 lll

564 2706 690 2732 ljecano
712 2706 982 2733 Autissiodorensi
1004 2708 1037 2734 et
1059 2709 1129 2735 sub-
1149 2708 1208 2736 375
1228 2704 1329 2744 12268

522 2753 642 2780 decano
654 2754 843 2781 Car-nolensi
859 2756 991 2782 mandat
1006 2757 1041 2782 ut
1058 2763 1120 2783 ma-

521 2801 657 2836 gistrum
685 2802 896 2836 Reginaldum
924 2804 962 2831 dc
989 2804 1118 2832 Sancto-

523 2850 629 2877 l‘risco
643 2850 802 2879 clericum.
817 2853 871 2886 qui
886 2852 916 2878 in
930 2853 1052 2880 artibus
1065 2854 1120 2879 Pa>

1406 647 1478 676 1263

1382 705 1455 725 nov.
1471 695 1511 723 28

1566 649 1692 676 owielo.

2307 301 2393 328 Ριιοι.
2410 301 2539 322 Numeros.

1739 359 1833 386 risius
1859 359 2043 386 doctoratus
2079 359 2177 393 gessit
2202 358 2344 386 officium

1741 408 1774 434 et
1795 407 1826 434 in
1845 407 1914 441 jure
1933 407 2020 434 civili
2039 408 2174 439 studuit,
2196 407 2228 434 in
2248 407 2343 434 eccle-

1742 456 1787 483 sia
1806 464 1830 482 s.
1859 456 1981 483 ,Iuliani
1999 456 2037 483 de
2065 456 2165 487 Saltu,
2186 456 2342 483 Senonen-

1743 505 1787 531 sis
1824 505 1968 536 diocesis,
1995 504 2027 531 in
2050 504 2236 531 canonicum
2269 504 2344 531 reci-

1745 553 1777 587 pi
1811 552 1931 580 taciant
1965 553 2058 588 eique
2092 553 2130 580 de
2162 553 2343 587 praebenda

1748 602 1949 635 provideant.
2345 608 2409 628 tome
2426 605 2456 627 ιιι

1788 650 1909 677 Abbati
1919 649 2151 677 monasteriide
2164 649 2330 677 Alcobatia
2348 646 2353 685 Ι
2371 649 2430 677 396
2449 644 2455 685 Ι
2472 646 2557 676 2305

1759 699 1891 725 mandat
1921 700 1956 725 ut
1986 699 2134 733 Egidium
2163 699 2295 726 Martini
2312 699 2345 726 in

1747 747 1880 775 ecclesia
1907 747 2116 774 Ulixbonensi
2151 748 2184 775 in
2218 747 2344 775 canoni-

1747 804 1819 823 cum
1848 796 1946 830 recipi
1975 795 2083 823 faciat.

1791 846 1910 872 Abbati
1952 846 1985 871 et
2028 845 2201 871 conventui
2225 851 2347 872 monas·
2367 840 2372 879 Ι
2390 842 2446 871 221
2469 839 2552 880 1455

1749 894 1820 920 terii
1856 893 2010 925 Belliloci.
2053 893 2245 921 Nicosiensis
2283 894 2347 921 dio-

1747 944 1839 978 cesis,
1867 943 1951 969 idem
1974 943 2130 969 concedit.

1788 991 1899 1018 Electo
1930 991 2129 1018 Salernitano
2144 991 2289 1025 indulget
2318 992 2354 1019 ut
2373 986 2378 1027 Ι
2395 988 2450 1018 221
2473 986 2479 1026 Ι
2495 989 2556 1018 457

1749 1047 1866 1067 munus
1900 1040 2150 1067 consecrationis
2193 1040 2345 1075 recipere,

1749 1097 1811 1116 non
1838 1090 1988 1116 obstante
2015 1089 2251 1116 constitutione
2275 1089 2347 1116 Ale—

1750 1138 1864 1165 xandri
1879 1145 1982 1172 papae
1996 1144 2037 1170 iv,
2057 1137 2188 1164 differre
2203 1137 2322 1165 valeat.

1802 1187 1922 1213 Abbati
1935 1187 1966 1213 et
1979 1187 2153 1213 conventui
2171 1187 2356 1213 monasterii
2375 1181 2380 1222 Ι
2396 1183 2457 1213 220
2474 1180 2482 1222 Ι
2498 1184 2560 1213 453

1750 1242 1772 1261 s.
1782 1235 1892 1269 Sergii,
1905 1234 2077 1262 Bibliensis
2088 1235 2231 1267 diocesis,
2246 1235 2348 1262 indul-

1749 1285 1801 1318 get
1828 1285 1860 1310 ut
1886 1285 1970 1311 bona
1993 1291 2049 1310 sua
2073 1285 2112 1310 de
2134 1284 2334 1316 civitatibus,

1749 1332 1863 1359 castris
1890 1333 1921 1359 et
1951 1332 2021 1359 aliis
2047 1332 2123 1359 locis
2150 1333 2283 1365 extrahi,
2313 1339 2348 1360 ac

1749 1381 1819 1415 ipsa
1837 1388 1894 1416 per
1913 1383 2031 1408 terram
2054 1389 2108 1408 seu
2128 1389 2184 1416 per
2203 1381 2349 1408 mare'ad

1750 1430 1978 1457 monasterium
2011 1431 2043 1457 et
2076 1430 2140 1457 alia
2171 1429 2238 1457 loca
2282 1437 2346 1462 sua,

1751 1479 1817 1505 sine
1843 1478 1978 1512 alicujus
2003 1479 2200 1506 exhibitione
2224 1478 2351 1513 pedagii

1750 1527 1803 1554 vel
1827 1527 1960 1554 alterius
1983 1528 2039 1559 rei,
2064 1534 2266 1563 quocumque
2293 1534 2347 1554 no-

1762 1576 1846 1603 mine
1865 1578 2041 1605 censeatur.
2064 1575 2167 1604 facere
2187 1577 2348 1611 deportari

1749 1625 1890 1652 valeant.

1790 1678 2038 1713 Archiepiscopo
2050 1677 2273 1705 Coloniensiet
2288 1678 2357 1712 ejus
2374 1672 2381 1713 Ι
2396 1675 2458 1704 300
2474 1671 2482 1712 Ι
2498 1675 2560 1704 500

1752 1726 1965 1761 suffraganeis
2004 1728 2136 1755 mandat
2176 1728 2347 1762 quatenus,

1762 1776 1789 1803 si
1818 1784 1881 1811 qua
1912 1777 2024 1808 Guido‚
2058 1777 2230 1811 episcopus
2259 1776 2346 1803 Sabi-

1750 1825 1857 1852 nensis
1881 1826 1915 1851 et
1939 1825 2024 1852 sedis
2048 1825 2244 1859 apostolicae
2267 1824 2347 1858 lega-

1751 1874 1812 1905 tus,
1838 1873 2001 1900 occasione
2023 1873 2292 1901 'lheutonicorum
2315 1874 2347 1900 et

1751 1921 1883 1948 aliorum
1898 1922 2124 1957 quorumlibet,
2139 1922 2196 1957 qui
2211 1921 2351 1956 Anglicis

1761 1972 1870 1997 contra
1889 1971 1994 2004 ipsum
2013 1971 2064 1997 vel
2083 1977 2187 2005 regem
2206 1970 2339 2005 Angliae

1751 2021 1912 2053 praestare
1949 2020 2223 2053 praesumpserint
2260 2019 2348 2046 auxi-

1751 2068 1825 2095 lium
1845 2069 1877 2095 et
1895 2068 2044 2100 savorem,
2065 2068 2143 2102 ipsis
2160 2068 2285 2096 duxerit
2304 2067 2348 2094 in·

1749 2117 1953 2151 jungendum.
1981 2117 2042 2151 ipsi
2067 2117 2207 2144 universi
2230 2118 2263 2143 et
2287 2116 2349 2143 sin-

1750 2165 1815 2198 guli
1840 2166 1940 2192 eidem
1967 2166 1998 2192 in
2025 2166 2080 2192 bac
2107 2168 2198 2200 parte
2222 2165 2349 2192 obedire

1750 2215 1914 2241 studeant.
2353 2221 2418 2240 tome
2435 2218 2464 2239 ιιι

1788 2269 1836 2299 O„
1858 2275 1881 2294 s.
1900 2268 2032 2295 Adriani
2051 2268 2183 2294 diacono
2210 2267 2351 2295 cardina·
2370 2262 2376 2303 Ι
2398 2266 2450 2294 133
2472 2261 2477 2302 Ι
2499 2265 2559 2293 109

1749 2316 1781 2344 li.
1809 2317 1937 2343 mandat
1967 2318 2002 2343 ut
2028 2317 2067 2343 ad
2089 2316 2358 2350 permutationem

1747 2365 1972 2392 beneficiorum
1994 2365 2076 2392 inter
2111 2364 2359 2399 Peldeguerram,

1749 2414 1883 2447 priorem
1918 2414 2086 2440 saecularis
2119 2413 2269 2441 ecclesiae
2312 2413 2350 2440 de

1750 2462 1883 2493 sallom,
1918 2462 2112 2490 Arelatensis
2143 2462 2283 2495 diocesis,
2317 2463 2350 2488 et

1748 2511 1976 2538 'thomasinum
2004 2512 2042 2538 de
2079 2511 2194 2543 Baisio,
2223 2510 2348 2537 canoni-

1750 2567 1823 2586 cum
1849 2560 2074 2592 Mutinensem,
2102 2560 2264 2594 procedat.
2353 2567 2418 2586 ione
2434 2564 2464 2585 ιιι

1789 2612 1941 2640 Gauri-ido
1982 2614 2178 2647 presbytero.
2220 2612 2335 2639 rectori
2353 2608 2358 2648 Ι
2374 2611 2433 2640 374
2453 2610 2460 2651 Ι
2477 2609 2560 2640 22⁵⁷

1751 2662 1901 2688 ecclcsiae
1929 2663 1967 2689 de
1995 2662 2224 2693 htonteboiacm
2255 2661 2347 2688 Seno-

1751 2711 1858 2737 nensis
1874 2711 2019 2738 diocesis.
2037 2711 2076 2737 ad
2092 2711 2283 2738 decanatum
2299 2717 2346 2736 ec-

1749 2758 1864 2786 clesiae
1934 2760 1972 2785 de
2026 2759 2339 2793 castillione-super-

1753 2809 1875 2841 Lupam
1888 2808 2058 2842 acapitulo
2079 2808 2178 2841 ipsius
2197 2806 2349 2834 ecclesiae

1752 2855 1865 2883 electo.
1884 2856 2025 2889 indulget
2045 2858 2077 2883 ut
2097 2856 2242 2883 eumdem
2257 2855 2345 2882 deca—
