2519 3262
236 207 296 236 262

238 289 468 320 sollicitudine
495 294 703 317 curaremus,
727 285 892 321 Quocirca
912 285 1114 314 mandamus
1138 284 1248 323 quati-

237 352 301 373 nus
317 342 486 382 predictos
504 341 701 379 episcopum
729 340 761 369 et
785 338 973 377 capitulum
999 337 1087 377 quod
1104 337 1247 367 eundem

237 396 438 434 magistrum
457 392 711 432 Raymundum,
728 391 955 430 personaliter
971 391 1004 421 in
1019 390 1186 429 prelibata
1201 399 1248 420 ec-

236 450 341 480 clesia
353 448 569 482 residentem,
583 446 669 476 bona
679 447 710 475 et
722 445 800 484 jura
813 444 961 483 predicte
972 444 1114 474 ecclesie
1130 443 1248 479 libere,

237 503 336 541 prout
364 501 405 531 ad
430 501 542 539 ipsum
566 498 710 538 pertinet
735 499 767 528 et
795 499 893 535 prout
917 497 1138 536 predecessor
1166 505 1249 526 suus

237 553 508 587 administrabat,
523 550 805 590 temporemortis
816 559 887 586 sue,
901 559 938 580 ac
953 559 1059 589 usque
1069 550 1108 580 ad
1126 549 1249 579 festum

238 606 490 637 purificationis
509 605 604 635 beate
617 604 770 642 Virginis
786 604 942 642 proximo
955 605 1132 633 venturum
1148 603 1249 633 etiam

238 669 297 699 per
315 661 567 698 procuratorem
587 666 686 687 suum
703 656 941 687 administrare
962 657 1172 695 permittant,
1191 664 1251 686 nec

239 722 340 752 super
361 713 423 742 hoc
446 712 476 742 ei
501 711 638 750 aliquod
660 711 942 748 impedimentum
966 711 1116 748 prestent
1135 709 1194 739 sed
1220 709 1249 739 ei

239 767 278 796 de
299 766 433 804 juribus
462 768 493 796 et
523 763 712 795 redditibus
736 763 885 802 predicte
915 763 1129 802 prepositure
1152 763 1250 801 plene

240 819 474 858 respondeant,
492 818 675 848 monitione
690 817 870 856 premissa,
889 818 992 855 perte
1006 817 1058 847 vel
1074 825 1133 855 per
1145 816 1250 846 alium

240 873 437 902 auctoritate
454 872 580 907 nostra,
596 870 728 900 sublato
741 869 924 909 cujuslibet
936 870 1176 909 appellationis
1192 869 1252 899 im-

239 926 444 964 pedimento,
463 924 658 964 compellas
682 924 758 954 Non
778 923 931 954 obstante
947 925 1008 954 etc.
1026 941 1074 954 —.
1094 923 1250 953 Invocato

240 979 279 1008 ad
298 979 359 1009 1100
379 997 424 1007 ——.
445 979 570 1009 Datum
589 977 678 1016 apud
696 976 986 1014 Urbemveterem,
1005 986 1064 1007 xiii
1088 976 1251 1006 kalendas

238 1031 336 1070 junii,
355 1040 441 1062 anno
456 1031 568 1062 tertio.
587 1042 601 1060 »

830 1209 954 1240 Orvieto,
972 1210 1006 1237 28
1020 1210 1078 1236 mai
1100 1210 1179 1237 1204.

333 1214 429 1244 1702

275 1295 378 1322 Abbati
395 1298 421 1322 01
437 1295 524 1329 priori
537 1294 773 1322 Cluniaeensibus
790 1295 906 1320 mandat
924 1296 953 1320 ut
970 1294 1063 1320 Florio
1075 1295 1109 1320 (10
1121 1294 1250 1325 l'erusio,

240 1344 387 1378 capellano
405 1344 529 1379 episcopi
552 1343 729 1375 l'ortuensis,
744 1343 944 1369 canonicatum
961 1343 1100 1369 ecclesiae
1121 1343 1252 1370 Matisco-

239 1394 335 1420 nensis
354 1393 512 1428 assignent.
534 1393 613 1428 (Rau.
633 1394 677 1425 29,
694 1392 741 1419 sol.
767 1393 824 1423 171,
845 1396 875 1418 11ο
890 1392 964 1427 752.)

280 1519 292 1532 «
311 1505 424 1534 Abbati
442 1510 468 1535 et
484 1528 509 1536 ..
539 1505 641 1544 priori
662 1504 923 1541 Cluniaeensibus,
943 1505 1174 1534 Malisconensis
1189 1505 1251 1535 dio-

240 1560 321 1589 cesis,
337 1559 491 1589 Dilectus
510 1559 601 1588 iilius
619 1559 755 1589 Florius
774 1559 813 1588 de
823 1558 976 1591 Perusio,
988 1559 1184 1597 capellanus
1199 1568 1252 1589 ve-

239 1612 401 1643 nerabilis
419 1613 534 1642 fratris
551 1612 658 1643 nostri
675 1635 701 1642 ..
720 1612 870 1651 episcopi
886 1612 1098 1650 PortuensiS,
1116 1613 1248 1643 canoni-

239 1675 297 1696 cus
322 1666 584 1696 Matisconensis
606 1666 760 1702 ecclesie,
782 1666 880 1696 nobis
907 1666 1098 1704 significare
1120 1667 1251 1697 curavit

238 1719 337 1758 quod,
352 1719 519 1758 quondam
533 1719 729 1756 Guillelmo,
751 1719 936 1749 camerario
955 1719 1064 1757 ipsius
1083 1719 1246 1758 episcopi,

238 1772 365 1802 dudum
384 1773 471 1811 apud
491 1773 605 1802 sedem
625 1772 847 1811 apostolicam
866 1774 985 1803 nature
1006 1772 1156 1803 debitum
1177 1782 1250 1812 per-

239 1826 400 1862 solvente,
425 1826 513 1855 idem
530 1826 710 1864 episcopus
724 1826 930 1864 prebendam
954 1828 985 1856 et
1002 1827 1249 1861 canonicatum,

239 1888 323 1917 quos
335 1879 865 1909 (1101051101110101051000010510
875 1880 1003 1915 eadem,
1015 1880 1094 1909 dum
1110 1880 1249 1916 viveret,

238 1931 422 1968 obtinebat,
441 1934 519 1962 tunc
534 1941 591 1970 per
609 1934 752 1962 mortem
770 1932 842 1971 ejus
857 1935 1027 1969 vacantes,
1045 1933 1153 1963 eidem
1173 1933 1250 1963 Flo-

239 1985 288 2014 rio
307 1985 346 2014 de
365 1985 503 2023 speciali
522 1986 678 2015 mandato
696 1987 823 2021 nostro,
844 1986 929 2016 facto
943 1985 1009 2016 sibi
1024 1986 1158 2016 oraculo
1176 1987 1251 2017 vive

238 2037 341 2073 10015,
361 2037 501 2068 contulit
528 2039 559 2068 et
579 2047 654 2067 eum
679 2038 718 2067 de
737 2038 823 2077 ipsis
844 2047 903 2077 per
923 2047 1022 2068 suum
1046 2039 1183 2069 anulum
1203 2039 1252 2069 in-

237 2090 386 2120 vestivit.
403 2091 473 2120 Nos
495 2099 627 2129 quoque
650 2091 864 2129 postmodum
892 2091 981 2129 qnod
1004 2100 1105 2130 super
1124 2092 1185 2122 hoc
1211 2093 1251 2122 ab

238 2143 354 2174 eodem
379 2144 537 2182 episcopo
558 2143 680 2173 sactum
700 2144 820 2179 suerat,
840 2145 950 2174 ratum
966 2144 1128 2175 habentes
1146 2147 1178 2175 et
1198 2146 1251 2175 sn·-

237 2204 341 2231 mum,
355 2196 593 2227 idauctoritate
604 2197 789 2235 apostolica
798 2197 959 2226 duximus
971 2198 1249 2235 consmnanduin,

237 2249 386 2287 injuncto
405 2249 646 2280 nichilominus
663 2249 760 2280 vobis
775 2259 835 2288 per
852 2250 937 2280 alias
956 2252 1090 2280 nostras
1106 2251 1249 2288 litteras,

237 2302 324 2332 inter
341 2304 450 2333 cetera
470 2303 681 2333 continentes
708 2305 744 2334 ut
764 2312 824 2342 per
843 2312 903 2334 vos
922 2303 975 2334 vel
993 2313 1052 2342 per
1070 2304 1174 2334 alium
1193 2313 1251 2334 seu

237 2355 322 2385 alios
346 2356 488 2386 eundem
510 2357 546 2387 F.
565 2356 616 2387 vel
636 2356 753 2393 alium,
773 2357 846 2387 loco
872 2357 955 2396 ejus,
980 2357 1021 2387 ad
1046 2357 1250 2396 prebendam

238 2409 347 2447 ipsam
363 2409 396 2439 in
413 2409 528 2439 eadem
547 2410 689 2440 ecclesia
706 2410 809 2449 recipi
826 2410 988 2441 facientes
1004 2411 1038 2440 in
1053 2411 1251 2441 canonicum

237 2463 269 2492 et
294 2462 326 2491 in
350 2462 489 2492 fratrem
511 2472 547 2493 ac
573 2471 633 2501 pro
657 2464 817 2494 canonico
843 2463 952 2502 ipsius
975 2463 1104 2498 haberi,
1120 2472 1197 2494 eum
1219 2464 1251 2494 in

236 2515 490 2553 possessionem
511 2517 694 2546 eorundem
719 2517 937 2547 canonicatus
961 2518 993 2547 et
1010 2516 1180 2555 prebende
1203 2517 1250 2547 in-

237 2567 407 2598 duceretis
433 2570 464 2599 et
496 2569 723 2600 defenderetis
761 2570 948 2600 inductum.
978 2570 1253 2601 Contradictores

238 2622 299 2651 010.
314 2629 421 2660 usque
435 2623 688 2660 compescendo.
707 2623 772 2654 Sed
788 2623 865 2653 licet
880 2623 984 2654 frater
997 2623 1179 2659 Johannes,
1201 2633 1251 2654 ar-

237 2673 454 2705 chidiaconus
469 2676 500 2705 et
513 2676 697 2706 monachus
710 2676 958 2712 Cluniaeensis,
973 2676 1026 2707 cui
1039 2685 1099 2707 vos
1116 2678 1251 2708 001111111-

239 2727 361 2757 seratis
371 2735 472 2766 super
484 2727 545 2758 1100
555 2729 704 2759 totaliter
716 2729 805 2760 vices
816 2731 958 2767 vestras,
968 2729 1129 2760 dilectum
1143 2730 1252 2761 tilium

238 2779 288 2815 (3.,
301 2788 473 2811 cursorem
484 2782 650 2818 nostrum,
661 2784 914 2820 procuratorem
926 2783 1035 2822 ipsius
1050 2783 1169 2821 Florii,
1179 2784 1252 2823 ejus

239 2833 387 2870 nomine,
406 2833 440 2863 in
454 2835 710 2872 possessionem
720 2836 937 2867 canonicatus
952 2838 983 2868 et
993 2835 1162 2876 prebende
1180 2846 1252 2876 pre·

239 2885 406 2916 dictorum
430 2886 613 2924 induxerit,
641 2888 673 2918 in
692 2889 957 2920 contradictores
983 2891 1252 2922 excommunica-

988 198 1233 230 REGISTRES
1261 198 1475 230 D’URBAIN
1506 199 1563 228 IV.

1302 284 1406 314 tionis
1423 284 1591 314 sententia
1606 283 1831 322 promulgata,
1852 283 1931 322 quia
1946 285 2059 314 tamen
2076 284 2221 323 quedam
2237 293 2319 324 pars

1302 337 1443 376 capituli
1462 337 1613 375 ejusdem
1636 336 1778 367 ecclesie
1796 338 1934 375 propter
1951 336 2013 367 hoc
2033 337 2075 367 ad
2092 337 2207 368 sedem
2223 347 2320 377 apos-

1302 391 1439 421 tolicam
1460 390 1584 420 dicitur
1601 390 1804 429 appellasse,
1822 390 1911 420 idem
1934 390 2191 421 archidiaconus
2210 392 2243 421 in
2261 391 2320 422 hu-

1299 444 1448 482 jusmodi
1469 444 1602 483 negotio
1620 443 1769 482 amplius
1788 452 1853 473 non
1866 444 2044 482 processit.
2062 444 2199 474 Factam
2216 444 2319 483 igitur

1303 497 1412 527 eidem
1428 497 1543 527 Florio
1558 497 1700 535 gratiam
1720 497 1761 526 ad
1780 496 1931 527 debitum
1951 497 2090 536 perduci
2103 497 2255 528 volentes
2273 498 2317 528 ef-

1304 550 1440 585 fectum,
1457 550 1659 580 mandamus
1684 550 1846 588 quatinus
1860 550 1895 580 in
1916 550 2033 580 eodem
2050 551 2185 589 negotio
2206 559 2318 589 proce-

1303 603 1404 638 datis,
1419 603 1516 641 juxta
1536 603 1741 633 directarum
1758 602 1854 633 vobis
1875 603 2057 634 earundem
2075 603 2319 634 continentiam

1303 656 1508 686 litterarum.
1527 657 1562 687 Si
1580 665 1660 686 vero
1679 665 1781 695 super
1797 656 1859 687 1100
1875 656 1980 695 aliqui
1997 665 2032 687 se
2049 657 2206 687 duxerint
2218 665 2320 696 oppo-

1304 711 1444 746 nendOS,
1459 718 1519 740 vos
1537 718 1595 740 eos
1611 718 1653 740 ex
1669 711 1764 749 parte
1780 711 1905 745 nostra,
1918 719 1978 749 per
1993 718 2053 740 vos
2069 710 2123 740 vel
2138 719 2198 749 per
2213 710 2319 740 alium

1305 772 1364 793 seu
1382 763 1478 799 alios,
1499 763 1725 802 peremptorie
1742 764 1847 794 citare
1866 763 2004 794 curetis.
2024 764 2123 794 Diem
2144 772 2224 794 vero
2241 764 2319 794 cita-

1304 817 1409 847 tionis
1426 818 1458 847 et
1476 817 1618 847 formam
1640 819 1670 847 et
1694 817 1856 855 quicquid
1872 817 1949 847 inde
1964 817 2125 852 feceritis,
2143 816 2241 847 nobis
2259 825 2320 856 per

1306 872 1436 900 vestras
1466 870 1598 900 litteras
1629 870 1747 900 harum
1778 870 1901 900 seriem
1931 871 2143 901 continentes
2175 870 2320 901 fideliter

1306 924 1471 954 intimetis
1488 941 1537 952 —.
1555 924 1680 954 Datum
1701 924 1788 962 apud
1810 923 2099 959 Urbemveterem,
2118 933 2138 952 v
2154 924 2319 954 kalendas

1303 977 1403 1016 Junii‚
1425 986 1511 1007 anno
1529 977 1641 1007 tertio.
1661 988 1676 1006 »

1397 1147 1494 1178 1703

1923 1146 2048 1177 Orvieto,
2064 1146 2080 1172 4
2090 1146 2152 1181 juin
2170 1146 2247 1173 1264.

1342 1229 1444 1257 Abbati
1472 1231 1505 1257 de
1531 1230 1612 1261 Alba,
1641 1231 1842 1258 Cistereiensis
1868 1232 1988 1265 ordinis,
2015 1232 2157 1266 Spirensis
2187 1232 2321 1260 diocesis,

1308 1279 1427 1305 mandat
1443 1282 1473 1305 ut
1489 1280 1644 1306 llenricum
1665 1279 1814 1312 0101100111,
1840 1283 1940 1307 natum
1963 1281 2079 1308 comitis
2101 1281 2322 1316 Geminipontis,

1308 1326 1335 1353 in
1349 1327 1471 1354 ecclesia
1488 1328 1653 1363 Maguntina
1668 1329 1695 1355 in
1708 1328 1878 1356 canonicum
1894 1329 1982 1364 recipi
1999 1330 2083 1356 saciat
2099 1330 2180 1364 eique
2196 1331 2230 1357 de
2242 1339 2324 1365 prae-

1307 1376 1399 1403 benda
1416 1377 1576 1411 provideat.
1593 1378 1670 1413 (Rae.
1686 1380 1729 1408 29,
1750 1378 1797 1405 sol.
1814 1379 1874 1410 171,
1893 1384 1923 1405 n0
1937 1380 2012 1413 753.)

1347 1493 1361 1511 «
1382 1482 1495 1512 Abbati
1513 1482 1548 1512 [lc
1574 1481 1667 1518 Alba,
1695 1481 1904 1521 Cislcrcjensis
1925 1482 2052 1517 ordinis,
2081 1482 2237 1521 Spirensis
2259 1481 2324 1512 dio-

1308 1537 1391 1567 cesis.
1404 1536 1566 1567 Yolentes
1582 1537 1744 1567 dilectum
1759 1536 1865 1566 silium
1877 1554 1925 1565 —.
1943 1537 2067 1567 Datum
2080 1536 2169 1576 apud
2182 1535 2323 1567 Urbem-

1307 1592 1468 1626 veterem,
1487 1600 1509 1620 11
1530 1599 1635 1620 nonas
1652 1590 1753 1629 junii,
1769 1599 1853 1620 anno
1867 1590 1980 1621 tertio.
2001 1602 2014 1618 ›>

1399 1756 1496 1787 1704

1919 1753 2044 1784 Orvicto,
2060 1755 2076 1780 5
2087 1753 2150 1789 juin
2169 1753 2248 1780 1264.

1343 1839 1482 1874 Magistro
1495 1839 1633 1870 Nax-arro,
1649 1839 1801 1873 capellano
1816 1839 1986 1873 apostolico.
2007 1839 2125 1865 mandat
2142 1842 2171 1865 ut
2189 1837 2320 1865 Mattiaco

1307 1889 1341 1914 de
1361 1888 1502 1923 dignitate
1530 1889 1573 1915 vel
1595 1892 1749 1923 personatu
1771 1889 1798 1915 in
1821 1887 1943 1915 ecclesia
1968 1887 2100 1918 Lucensi,
2129 1888 2166 1914 ad
2191 1887 2323 1914 collatio-

1307 1945 1373 1963 nem
1398 1937 1523 1972 episcopi
1549 1940 1574 1964 et
1600 1937 1717 1971 capituli
1735 1940 1896 1972 spectante,
1920 1937 2079 1971 provideat.
2096 1937 2176 1969 11100.
2203 1937 2248 1967 29,
2271 1936 2322 1963 foi.

1307 1987 1369 2020 171,
1386 1993 1415 2013 11⁰
1430 1987 1505 2021 752.)

1348 2102 1361 2119 11
1378 2092 1527 2131 Mayistro
1552 2091 1708 2126 Navarro,
1726 2090 1886 2131 capellano
1910 2096 2024 2127 nostro,
2050 2091 2153 2121 abbati
2176 2091 2325 2122 secularis

1308 2145 1428 2174 eeclesia
1460 2145 1559 2174 sancti
1587 2145 1704 2181 Quire'ci
1734 2145 1762 2173 in
1788 2144 1911 2174 ccclesia
1939 2144 2104 2184 Buryensi.
2138 2145 2323 2176 probitatis

1308 2198 1430 2228 merita
1449 2198 1574 2236 quibus
1590 2215 1639 2228 —.
1669 2198 1753 2228 Cum
1779 2198 1905 2237 itaque,
1939 2198 2025 2228 sicut
2051 2198 2141 2228 idem
2166 2198 2324 2230 Matheus

1308 2251 1485 2290 proposuit
1498 2259 1610 2281 coram
1629 2250 1739 2285 nobis,
1758 2251 1886 2281 tructus
1903 2252 1934 2281 et
1951 2253 2136 2290 proventus
2149 2251 2323 2290 judic-atus

1309 2304 1361 2334 sui
1377 2304 1528 2343 ejusdem
1545 2304 1699 2340 ecclesie,
1713 2305 1770 2343 qui
1788 2305 1936 2343 dignitas
1948 2304 1982 2334 in
2000 2305 2074 2344 ipsa
2090 2305 2235 2336 ecclesia
2252 2305 2323 2336 fore

1308 2357 1507 2391 dinoscitur,
1524 2357 1606 2388 adeo
1623 2358 1689 2389 sint
1709 2360 1828 2388 tenues
1843 2359 1874 2389 et
1889 2358 1998 2389 exiles
2012 2358 2101 2397 quod
2112 2359 2186 2397 ipse
2204 2359 2322 2398 nequit

1309 2420 1350 2442 ex
1370 2411 1453 2445 illis,
1475 2411 1659 2441 secundum
1678 2419 1737 2442 sue
1761 2413 1887 2442 statum
1908 2420 2064 2450 persone.
2093 2412 2233 2443 comode
2250 2421 2324 2444 505-

1308 2465 1443 2502 tentari,
1468 2473 1540 2501 005,
1558 2464 1697 2495 obtentu
1716 2465 1831 2495 dilecti
1853 2464 1916 2495 filii
1938 2464 2065 2495 nobilis
2079 2465 2143 2495 viri
2156 2465 2323 2496 Johannis

1308 2518 1453 2554 Pironti,
1462 2518 1596 2557 nepotis
1610 2518 1743 2557 nepotis
1756 2517 1870 2549 dilecti
1881 2518 1944 2549 filii
1955 2518 2063 2549 nostri
2073 2519 2117 2553 J.,
2128 2521 2323 2550 sanctorum

1308 2571 1430 2602 Cosme
1451 2573 1483 2602 et
1506 2571 1666 2602 Damiani
1689 2571 1822 2602 diaconi
1847 2571 2042 2607 cardinalis,
2061 2571 2215 2603 volentes
2233 2572 2323 2604 dicto

1308 2624 1454 2661 Matheo,
1471 2625 1529 2664 qui
1548 2633 1608 2664 pro
1628 2625 1774 2664 negotiis
1794 2625 1922 2664 prefate
1940 2625 2082 2656 ecclesie
2098 2626 2320 2664 procurandis

1309 2678 1398 2717 apud
1415 2678 1531 2708 sedem
1550 2678 1772 2717 apostolicam
1789 2687 1848 2717 per
1864 2678 2040 2709 biennium
2056 2681 2087 2709 et
2107 2678 2268 2718 amplius,
2286 2680 2323 2710 ut

1309 2731 1485 2768 asseritur,
1517 2739 1648 2762 moram
1669 2731 1786 2768 traxit,
1817 2731 1960 2771 gratiam
1989 2731 2097 2762 facere
2124 2731 2320 2771 specialem,

1309 2784 1507 2815 discretioni
1527 2786 1582 2815 tue
1602 2784 1804 2815 mandamus
1822 2785 1984 2824 quatinus
2002 2784 2112 2816 eidem
2130 2785 2263 2816 Matheo
2281 2785 2322 2816 de

1309 2838 1376 2868 alia
1405 2838 1568 2877 dignitate
1595 2846 1655 2868 seu
1674 2840 1869 2876 personatu,
1899 2838 1941 2868 ad
1967 2837 2184 2869 collationem
2214 2838 2324 2878 ipsius

1308 2891 1460 2931 episcopi
1472 2893 1504 2922 et
1513 2891 1654 2931 capituli
1667 2891 1872 2922 Lucensium
1883 2892 2108 2923 communiter
2119 2891 2172 2923 vel
2181 2891 2321 2923 divisim
