2519 3262
1042 250 1281 289 TROISOEME
1309 252 1472 290 ANNEE.

216 343 356 374 testium
373 343 501 373 scilicet
522 354 527 372 :
544 343 697 382 magistri
718 343 886 373 willelmi
904 342 1028 372 Morini
1045 342 1158 372 clerici
1178 342 1232 372 Bi-

216 396 400 426 turicensis
418 396 582 431 diocesis3
602 397 843 435 magistrorum
857 395 1022 426 Johannis
1037 395 1077 424 de
1093 395 1232 433 Aquile-

216 449 286 488 gia;
297 449 480 485 vincentii,
490 450 642 479 canonici
655 448 891 483 Civitatensisg
903 450 934 478 et
944 448 1085 479 Oliverii
1105 448 1145 477 de
1164 447 1232 478 Lit-

215 504 299 537 tera,
310 503 452 541 predicti
462 502 591 532 domini
609 502 733 532 Mathei
744 501 924 531 cardinalis
941 501 1228 539 cappellanorum,

217 557 249 586 et
276 556 431 595 magistri
449 555 541 586 Petri
565 555 752 590 Guillelmi,
780 554 932 584 canonici
951 554 1057 584 sancti
1076 554 1230 584 Severini

216 608 491 648 Burdegalensis,
520 608 561 638 ad
577 608 637 637 hoc
663 607 857 646 specialiter
874 608 1069 637 vocatorum
1087 608 1118 637 et
1137 615 1230 646 roga-

215 663 327 692 torum
346 662 497 697 testium,
510 669 596 691 anno
613 660 1034 696 DominiM⁰CC⁰LXlIII⁰,
1047 660 1230 690 indictione

215 723 273 751 vu,
294 714 510 753 pontificatus
527 714 656 743 domini
682 713 810 744 Urbani
824 722 909 752 pape
927 713 993 743 IIII
1013 722 1100 743 anno
1117 713 1228 749 tertio,

215 776 331 798 mense
350 767 464 797 martii
481 767 534 797 die
551 767 812 805 quintadecima.
824 767 894 806 Ego
910 767 1036 805 Symon
1054 766 1094 796 de
1112 766 1229 803 Reate,

216 820 398 859 apostolice
427 820 519 850 sedis
546 819 745 850 auctoritate
764 819 928 853 notarius,
954 819 1137 858 prolationi
1160 827 1231 858 pre·

216 873 383 903 dictorum
410 873 647 909 ordinationis,
678 873 900 911 provisionis,
930 873 1061 906 statuti,
1085 872 1231 906 arbitrii,

215 925 582 960 decreti,diffinitionis
605 927 637 956 et
660 926 810 956 mandati
830 925 983 962 interfui,
1004 928 1035 956 et
1051 934 1089 955 ea
1105 925 1232 962 omnia,

215 980 253 1009 ut
272 979 430 1017 superius
460 979 686 1014 continentur,
714 988 780 1009 nna
803 988 879 1009 cum
894 978 1071 1009 tenoribus
1097 987 1232 1017 supras-

215 1031 346 1071 criptiS,
376 1032 416 1062 de
438 1032 596 1062 mandato
625 1035 656 1063 et
686 1033 886 1062 auctoritate
903 1031 1047 1070 predicti
1069 1031 1233 1062 archidia-

215 1085 302 1122 coni,
325 1086 462 1124 rogatus
488 1085 590 1115 etiam
607 1094 625 1116 a
644 1085 807 1123 predictis
821 1085 987 1124 partibus,
1009 1085 1131 1124 scripsi
1150 1085 1233 1115 etin

216 1137 388 1177 publicam
408 1137 551 1168 formam
569 1138 682 1177 redegi
701 1137 764 1168 sul)
781 1147 868 1168 anno
883 1140 915 1169 et
928 1138 1112 1169 indictione
1131 1139 1162 1168 et
1181 1147 1232 1168 co-

214 1199 288 1221 ram
302 1191 449 1221 test-ibus
465 1191 720 1230 suprascriptis.
739 1204 754 1220 >ι

255 1243 349 1274 Nulli
373 1253 451 1283 ergo
479 1246 591 1275 nostre
620 1244 888 1275 confirmationis
906 1246 981 1275 etc..
999 1245 1125 1275 Datum
1144 1244 1233 1283 apud

215 1297 503 1334 Urbemvetmem,
526 1307 561 1327 111
579 1306 686 1328 nonas
704 1298 835 1336 aprilis,
855 1307 942 1329 anno
960 1298 1072 1329 tertio.
1092 1308 1106 1327 1)

309 1472 406 1503 1033

815 1470 939 1502 Orvieto,
957 1471 974 1498 3
993 1470 1065 1497 avril
1081 1471 1158 1498 1264.

253 1551 354 1578 Abbati
375 1551 565 1578 Athanacensi
587 1550 770 1585 Lugdunensi
797 1550 960 1584 praedictae
984 1551 1145 1578 committit
1169 1559 1231 1578 exe-

217 1599 362 1626 cutionem
380 1600 549 1626 sententiae.
570 1599 648 1633 (Res.
664 1600 708 1629 29,
728 1599 778 1626 fol.
795 1599 829 1626 40
847 1604 883 1629 νο,
906 1604 936 1625 11⁰
949 1600 1006 1630 82.)

259 1705 274 1724 «
298 1694 411 1724 Abbati
428 1695 635 1724 Atlzanacensi
659 1694 863 1733 Luqdunensi.
889 1694 1048 1725 Exhibita
1066 1694 1164 1725 nobis
1183 1695 1231 1725 di·

218 1748 297 1778 lecti
311 1767 361 1778 —.
375 1749 500 1778 Datum
515 1748 604 1787 apud
621 1748 910 1783 Urbemveterem,
926 1757 961 1777 ιιι
978 1756 1083 1778 nonas
1098 1748 1230 1786 aprilis,

219 1809 306 1831 anno
324 1801 435 1832 tertio.
456 1812 470 1830 ι)

309 1964 407 1995 1034

817 1962 940 1993 Orvieto,
957 1964 973 1988 9
987 1963 1059 1989 avril
1081 1964 1158 1991 12134.

251 2040 387 2068 Poltrono
404 2041 438 2067 de
455 2040 632 2067 Guidalardis
654 2040 848 2074 praebendam
869 2040 895 2066 in
917 2041 1040 2067 ecclesia
1056 2041 1230 2070 Vercellensi

218 2089 338 2121 confert,
363 2090 516 2116 medietate
539 2091 731 2124 proventuum
756 2089 886 2124 ejusdem
908 2089 1087 2123 praebendae
1109 2092 1231 2125 preben-

217 2139 308 2174 daque
326 2138 456 2173 proximo
478 2140 613 2165 vacatura
639 2137 797 2164 Ferracano
813 2139 847 2164 de
868 2138 1045 2170 Roresen31,
1065 2141 1230 2167 reservatis.

217 2188 374 2214 secuudum
391 2187 561 2214 arbitralem
578 2187 755 2213 senteutiam
776 2187 811 2213 ab
825 2187 943 2220 L'bertO,
965 2195 987 2214 s.
1008 2188 1152 2215 Eustachii
1172 2189 1231 2216 dia-

218 2245 289 2264 cono
303 2236 453 2268 cardinali,
474 2236 594 2263 editam.
614 2236 693 2270 (Rea.
715 2236 760 2266 29,
778 2235 827 2262 fol.
845 2236 878 2263 40
895 2241 932 2266 νο,
949 2240 982 2262 n⁰
995 2237 1055 2263 83.»

227 2387 428 2418 Ver-cellensis.
455 2389 503 2418 Ea
529 2396 593 2426 que
613 2388 754 2426 judicio,
783 2390 861 2422 etc.,
885 2397 993 2427 usque
1018 2389 1233 2419 communiri.

218 2442 304 2472 Sane
324 2441 442 2480 petitio
461 2443 519 2471 tua
541 2441 639 2471 nobis
658 2440 807 2470 exhibita
830 2441 1022 2472 continebat
1041 2442 1141 2481 quod,
1159 2451 1234 2472 cum

218 2495 330 2525 felicis
343 2495 588 2525 recordatiouis
602 2494 796 2524 Alexander
810 2503 906 2533 papa.
925 2495 1145 2533 predecessor
1158 2505 1232 2526 nos-

218 2549 282 2583 ter,
300 2548 333 2577 in
347 2556 449 2577 causa
462 2556 525 2586 que
538 2548 626 2577 inter
638 2550 670 2577 te
685 2556 721 2577 ac
735 2548 896 2578 dilectum
911 2548 1021 2578 filium
1033 2549 1234 2579 Poltronum

220 2601 260 2631 de
274 2600 504 2635 Guidalardis,
523 2601 723 2630 canonicum
737 2601 877 2631 ecclesie
894 2604 1008 2631 sancte
1027 2602 1132 2632 Marie
1152 2603 1233 2632 Ver-

2263 272 2302 302 35

1293 342 1493 379 auditorem,
1508 345 1654 380 tandem,
1675 346 1732 376 lite
1751 355 1861 377 corani
1881 357 1918 378 eo
1935 349 2086 388 legitime
2103 355 2301 389 contestata,

1292 395 1457 435 factisque
1484 398 1712 435 positionibus
1735 402 1766 430 et
1793 403 2073 438 responsionibus
2093 405 2132 434 ad
2152 407 2299 444 easdem,

1291 450 1405 486 partes
1431 449 1503 488 ipse
1531 451 1683 481 volentes
1712 453 1818 483 vitare
1844 454 2030 493 litigiorum
2060 458 2232 488 anfractus
2265 468 2302 490 ac

1291 503 1378 531 viam
1407 503 1501 540 pacis
1525 507 1555 533 et
1588 505 1764 535 concordie
1796 507 2048 545 amplectentes,
2083 510 2239 541 videlicet
2267 515 2302 542 tu

1290 555 1542 592 presentialiter
1561 565 1620 595 pro
1639 559 1683 593 te,
1713 567 1749 587 ac
1772 559 1916 589 dilectus
1941 561 2033 590 lilius
2057 563 2218 601 magister
2242 567 2301 604 Sy-

1292 615 1382 643 mon,
1414 609 1595 639 canonicus
1630 611 1871 646 Vercellensis.
1907 614 2050 652 scriptor
2084 619 2209 652 noster,
2243 626 2302 655 pro

1292 660 1408 690 eodem
1434 662 1607 696 Poltrono,
1634 672 1651 693 a
1680 673 1744 703 quo
1774 665 1916 696 habebat
1945 675 2047 705 super
2069 667 2129 697 hcc
2156 670 2302 707 speciale

1291 714 1500 751 mandatum,
1532 716 1566 745 in
1597 717 1757 747 dilectum
1792 718 1901 748 tilium
1922 723 2074 750 nostrum
2109 722 2161 752 [i.
2196 723 2303 753 sancti

1292 767 1462 797 Eustachii
1474 768 1652 799 diaconum
1663 771 1877 805 cardinalem,
1893 774 2065 811 tamquam
2080 774 2115 804 in
2125 775 2302 812 arbitrum,

1293 819 1529 851 arbitratorem
1548 825 1579 852 et
1606 823 1819 854 amicabilem
1845 827 2107 864 compositorem
2134 836 2236 866 super
2255 837 2304 858 ea-

1292 873 1367 902 dem
1384 873 1554 911 prebenda
1571 877 1601 905 et
1620 876 1693 914 ejus
1719 877 1885 907 fructibus
1906 879 1972 909 alte
1991 881 2022 909 et
2040 879 2138 910 basse
2154 890 2306 920 compro-

1294 926 1438 962 mittere,
1458 936 1494 957 ac
1510 927 1620 966 ipsius
1638 929 1852 964 ordinationi,
1873 931 2069 963 diffinitioni
2087 942 2147 963 vos
2163 933 2306 964 submit-

1292 980 1362 1009 tere
1375 981 1568 1018 curavistis,
1581 983 1747 1020 corporali
1761 992 1863 1022 super
1875 984 1935 1014 hoc
1946 987 2088 1023 prestito
2098 987 2302 1025 juramento.

1292 1032 1387 1062 Idem
1400 1042 1480 1064 vero
1494 1035 1677 1065 cardinalis
1690 1035 1885 1075 hujusmodi
1899 1040 2145 1077 compromisso
2160 1042 2305 1079 recepto,

1293 1088 1325 1116 et
1340 1095 1357 1116 a
1375 1086 1472 1117 nobis
1486 1088 1676 1124 ordinandi,
1687 1090 1870 1126 statuendi,
1885 1092 2096 1129 providendi,
2114 1093 2308 1123 declarandi

1295 1141 1326 1169 et
1336 1140 1526 1171 diffiniendi
1540 1143 1802 1180 superpredicta
1816 1144 1987 1182 prebenda
2000 1147 2030 1175 et
2045 1146 2304 1184 ejust'ructibus,

1294 1195 1393 1231 prout
1407 1193 1473 1223 sibi
1486 1195 1670 1233 expediens
1688 1196 1870 1232 videretur,
1889 1199 2089 1229 auctoritate
2107 1208 2142 1229 ac
2160 1200 2259 1238 plena
2276 1202 2307 1230 et

1294 1246 1401 1277 libera
1426 1249 1593 1286 potestate
1612 1248 1772 1284 obtentis,
1802 1259 1839 1280 ac
1864 1251 1950 1281 visis
1975 1254 2005 1282 et
2027 1252 2152 1282 auditis
2172 1253 2306 1291 juribus

1294 1300 1472 1339 utriusque
1498 1301 1605 1340 partis
1626 1304 1657 1332 et
1680 1303 1779 1341 plene
1803 1304 1981 1338 discussis,
2011 1313 2047 1335 ac
2073 1305 2161 1344 juris
2190 1307 2306 1337 ordine

1295 1353 1485 1390 observato,
1511 1356 1580 1384 tam
1599 1356 1799 1386 auctoritate
1825 1357 1889 1387 sibi
1910 1366 1926 1387 a
1955 1358 2052 1388 nobis
2074 1359 2109 1388 in
2128 1359 2187 1388 hac
2213 1363 2306 1398 parte

1295 1407 1478 1437 commissa
1507 1416 1607 1446 quam
1625 1408 1805 1440 arbitraria
1824 1411 2005 1448 ordinavit,
2026 1411 2210 1442 arbitratus
2230 1413 2304 1449 fuit,

1294 1460 1425 1497 statuit,
1455 1461 1616 1499 providit,
1645 1463 1677 1492 et
1704 1462 1864 1493 diffinivit
1894 1464 1983 1502 quod
2012 1465 2102 1494 idem
2129 1466 2306 1495 Poltronus

1293 1513 1479 1551 predictam
1496 1513 1701 1552 prebendam
1721 1524 1797 1546 cum
1821 1516 1979 1547 omnibus
1998 1517 2132 1556 juribus
2156 1520 2186 1548 et
2204 1519 2306 1557 perti-

1293 1566 1417 1596 nentiis
1442 1567 1514 1596 suis
1543 1567 1674 1603 habeat,
1706 1570 1818 1599 teneat
1846 1571 1877 1599 et
1904 1571 2076 1608 possideat
2107 1571 2242 1610 pacifice
2274 1574 2305 1602 et

1294 1619 1417 1658 quiete,
1451 1628 1487 1649 ac
1519 1620 1628 1658 ipsam
1660 1621 1701 1651 ad
1728 1630 1804 1652 eum
1834 1623 2004 1660 pertinere
2033 1624 2208 1654 declarans
2238 1624 2304 1654 sibi

1293 1673 1541 1702 sententialiter
1556 1673 1759 1712 adjudicavit
1776 1676 1928 1711 eandem,
1945 1685 2047 1715 super
2064 1686 2101 1707 ea
2113 1677 2174 1707 tibi
2190 1686 2305 1716 perpe-

1292 1726 1388 1755 tuum
1415 1726 1589 1756 silentium
1609 1727 1823 1765 imponendo.
1843 1728 1935 1758 Idem
1952 1738 2085 1768 quoque
2109 1730 2303 1766 cardinalis,

1293 1779 1332 1808 de
1350 1779 1489 1817 speciali
1508 1780 1663 1809 mandato
1682 1783 1809 1816 nostro,
1829 1781 2013 1812 arbitratus
2031 1783 2105 1818 suit,
2123 1783 2302 1817 ordinavit,

1294 1832 1411 1861 statuit
1441 1834 1471 1862 et
1496 1833 1641 1870 providit
1665 1834 1752 1871 quod
1775 1836 1811 1864 tu
1841 1835 1971 1865 tamdiu
1997 1836 2212 1866 medietatem
2237 1845 2305 1866 om-

1293 1885 1387 1915 nium
1404 1887 1629 1923 proventuum
1645 1887 1793 1925 predicte
1807 1887 1985 1925 prebende,
2005 1889 2304 1919 distributionilms

1294 1937 1474 1967 cotidianis
1502 1939 1664 1976 exceptis,
1692 1939 1816 1970 habeas
1843 1943 1873 1970 et
1901 1941 2083 1979 percipias,
2104 1942 2207 1972 donec
2233 1951 2306 1981 pre-

1292 1990 1436 2021 bendam
1453 1991 1488 2020 in
1502 1991 1671 2029 sepedicta
1687 1993 1827 2022 ecclesia
1842 1993 1947 2023 fueris
1962 1995 2100 2032 pacifice
2113 1997 2301 2030 assecutus,

1292 2046 1323 2074 et
1341 2043 1470 2073 fructus
1483 2046 1674 2082 perceperis
1685 2052 1723 2073 ex
1740 2045 1867 2074 eadem.
1883 2045 2091 2075 Prebendam
2105 2055 2182 2075 vero
2194 2047 2303 2085 primo

1293 2097 1326 2126 in
1353 2096 1441 2126 dicta
1459 2096 1602 2126 ecclesia
1628 2099 1821 2127 vacaturam
1844 2098 1929 2127 nulli
1958 2099 2015 2128 alii
2039 2101 2069 2128 et
2091 2099 2152 2128 tibi
2170 2100 2209 2129 de
2229 2100 2304 2138 jure

1292 2150 1441 2180 debitam
1461 2150 1698 2179 conferendam
1722 2150 1782 2180 tibi
1803 2151 1975 2181 donationi
1995 2152 2179 2190 apostolice
2198 2162 2305 2183 reser-

1294 2203 1396 2238 vavit,
1424 2203 1607 2233 decernens
1626 2204 1762 2233 irritum
1788 2207 1818 2234 et
1839 2205 1948 2240 inane,
1968 2206 1997 2234 si
2017 2214 2114 2235 secus
2133 2206 2172 2235 de
2192 2206 2306 2245 liujus-

1262 2269 1265 2296 ι
1294 2257 1385 2286 modi
1414 2255 1585 2295 prebenda
1612 2259 1780 2292 vacatura,
1798 2258 1984 2296 apostolica
2016 2259 2068 2288 vel
2100 2259 2166 2288 alia
2186 2261 2306 2298 quavis

259 2345 273 2364 t(
293 2335 464 2364 Fer-racano
482 2333 518 2364 de
535 2334 700 2370 Bovesena,
719 2335 864 2364 canonino
883 2335 1004 2364 ecclesie
1020 2340 1122 2365 sancte
1138 2335 1234 2365 Mai-ie
1264 2321 1265 2346 l
1295 2310 1505 2346 auetoritate'
1537 2319 1555 2339 a
1587 2319 1757 2348 quoquam
1792 2312 1967 2350 “Ollfigssl‘it
2002 2313 2208 2350 attemptari.
2241 2322 2305 2343 non

1264 2374 1265 2378 ¹
1295 2363 1449 2393 obstante
1476 2382 1522 2399 -,
1550 2366 1647 2401 prout
1676 2364 1709 2393 in
1735 2364 1959 2394 instrumento
1982 2365 2116 2403 publico
2137 2366 2212 2395 inde
2231 2374 2307 2396 con-

1264 2386 1266 2447 l

220 2653 390 2688 cellensis,
418 2661 519 2691 super
546 2653 691 2691 quadam
717 2654 886 2691 prebenda
898 2662 962 2692 que
985 2655 1047 2684 t'uit
1074 2655 1234 2694 Symonis
1264 2675 1265 2679 ,

220 2707 344 2740 Alzati,
357 2706 526 2745 quondam
544 2706 654 2744 ipsius
672 2706 813 2736 ecclesie
830 2707 995 2741 canonici,
1011 2708 1045 2738 in
1062 2717 1127 2746 qua
1146 2710 1234 2739 uter·
1264 2701 1267 2730 ἶ

221 2769 285 2799 que
293 2762 444 2790 vestrum
457 2767 492 2788 se
502 2758 633 2788 dicebat
643 2758 763 2789 habere
775 2759 842 2797 jus,
855 2760 1059 2795 vertebatur,
1069 2761 1109 2791 ad
1119 2761 1234 2791 sedem

221 2812 443 2851 apostolicam
467 2812 617 2850 legitime
643 2812 811 2847 devoluta,
838 2813 1067 2844 venerabilem
1096 2814 1235 2845 fratrem

222 2868 376 2896 nostrum
397 2889 402 2894 .
421 2890 427 2895 .
448 2865 646 2904 episcopum
662 2865 913 2901 Penestrinum,
932 2866 1062 2897 dederit
1082 2867 1236 2905 partibus

254 2959 278 2982 1.
293 2958 329 2982 Ce
343 2963 407 2981 nom
421 2958 463 2980 est
477 2956 547 2980 ecrit
562 2955 626 2986 plus
646 2955 698 2979 bas
714 2956 888 2980 Rouescenda.

1295 2417 1392 2451 fecto,
1413 2416 1562 2455 sigillato
1577 2416 1690 2455 sigillo
1712 2417 1820 2455 ipsius
1833 2418 2028 2449 cardinalis.
2051 2418 2185 2456 plenius
2205 2419 2308 2449 conti-

1295 2472 1403 2499 netur.
1415 2470 1485 2499 Nos
1501 2470 1624 2508 itaque,
1639 2470 1708 2499 tuis
1721 2470 2028 2508 supplirationibus
2041 2471 2204 2506 inclinati,
2219 2472 2308 2510 quod

1295 2531 1397 2561 super
1420 2522 1480 2552 hoc
1501 2522 1540 2552 ab
1574 2523 1691 2552 eodem
1717 2523 1879 2553 cardInali
1912 2524 2035 2553 factum
2065 2527 2127 2558 est,
2148 2526 2257 2554 ratum
2276 2526 2307 2555 et

1295 2576 1430 2605 firmum
1460 2575 1633 2611 habentes,
1653 2576 1684 2605 id
1705 2577 1904 2607 auctoritate
1924 2577 2109 2616 apostolica
2132 2578 2306 2608 confirma-

1295 2638 1383 2665 mus,
1403 2631 1478 2662 etc.,
1496 2637 1603 2667 usque
1621 2629 1882 2659 communimus.

1335 2683 1500 2712 Tenorem
1531 2682 1641 2720 ipsius
1667 2682 1884 2713 instrumenti
1915 2683 1954 2712 de
1980 2683 2080 2713 verbo
2100 2684 2139 2713 ad
2168 2683 2306 2713 verbum

1295 2735 1511 2775 presentibus
1530 2735 1635 2765 inseri
1652 2735 1825 2771 facientes,
1846 2737 1903 2775 qui
1925 2737 2005 2766 talis
2022 2739 2071 2766 cst
2094 2747 2099 2765 :

1336 2800 1351 2818 (t
1369 2789 1407 2819 In
1424 2788 1559 2819 nomine
1582 2789 1715 2819 Domini
1735 2798 1842 2819 amen.
1869 2790 2064 2820 Presidente
2088 2790 2229 2820 rationis
2248 2790 2307 2820 im-

1296 2843 1390 2881 perio
1420 2860 1469 2872 -.
1500 2844 1585 2872 Sane
1614 2842 1701 2872 inter
1731 2842 1930 2872 Poltronum
1960 2843 1999 2872 dc
2027 2843 2246 2873 Guidalardis
2277 2844 2307 2872 et

1266 2918 1267 2923 ,
1297 2897 1524 2926 Ferracanum
1543 2895 1582 2925 de
1603 2895 2023 2931 Bovescenda,canonicos
2038 2896 2178 2925 ecclesie
2196 2898 2308 2925 sancte

1298 2949 1404 2979 Marie
1430 2948 1671 2986 Yercelleusis,
1691 2957 1792 2987 super
1809 2949 1953 2987 quadam
1972 2948 2141 2987 prebenda
2164 2957 2226 2987 que
2247 2948 2307 2978 suit
