2519 3262
1108 262 1360 294 APPENDICE
1383 262 1425 291 11.
2266 268 2304 296 57

225 359 350 390 facture
366 360 398 389 et
414 360 587 397 recepture
602 358 690 397 quod
707 366 808 396 super
819 357 880 388 hoc
897 357 977 388 ordo
992 357 1170 387 dictaverit
1187 365 1236 386 ra-

226 413 341 443 tionis.
358 412 456 443 Diem
472 413 583 442 autem
595 411 793 451 prefixionis
810 412 842 441 et
861 411 1003 441 formam
1021 411 1052 440 et
1070 410 1236 448 quidquid

227 466 302 496 inde
318 465 437 496 feceris
452 464 550 495 nobis
560 474 619 503 per
634 466 709 495 tuas
719 465 860 499 litteras,
872 463 990 493 harum
1002 463 1124 493 seriem
1135 463 1236 493 conti-

226 520 354 554 nentes,
371 518 507 549 studeas
520 518 664 548 fideliter
680 519 844 548 intimare.
860 517 985 547 Datum
998 516 1085 555 apud
1097 515 1238 546 Urbem-

226 574 443 608 vetere1n‚xv
472 571 634 602 kalendas
658 571 862 604 novembris,
890 569 1105 609 pontificatus
1130 569 1237 599 nostri

227 634 314 656 anno
333 626 443 656 tertio.
463 635 477 654 »

317 786 416 817 2972
736 782 861 815 Orx'IetQ
877 784 893 809 5
910 782 1067 808 novembre
1089 782 1166 808 1263.

265 868 483 896 Commissariis
514 866 694 901 inquisitioni
722 865 846 900 episcopi
878 864 1067 891 llutheneusis
1097 862 1240 897 <ieiunatis

227 919 347 945 maudut
360 920 388 944 ut
401 925 539 950 expensos
552 915 729 943 necessarias
741 915 776 941 nd
789 921 953 948 processum
965 912 1193 942 terminandum,
1208 913 1242 938 de

229 967 310 994 bouis
327 966 464 994 ecclcsiae
480 965 683 995 Ruthenensis,
696 964 731 990 ad
746 963 913 997 episcopum
927 961 1141 988 Ruthenensem
1162 969 1242 995 spee-

229 1017 369 1049 tantibus,
390 1015 444 1042 sibi
468 1013 631 1041 ministrari
655 1012 770 1040 saciant.
792 1013 892 1048 (Auen.
918 1019 954 1038 nu
972 1012 1058 1038 Cunn.
1083 1010 1242 1038 Cartulnire

230 1067 265 1092 (le
282 1064 495 1098 l'Archeveche,
513 1072 540 1098 p.
561 1063 623 1094 463,
641 1067 672 1089 u⁰
688 1061 761 1094 183.)

271 1171 286 1190 «
318 1160 457 1191 Urbanus
485 1159 654 1199 episcopus,
681 1167 783 1188 servus
812 1167 966 1187 seroorwn
990 1157 1056 1189 Dei.
1080 1156 1245 1186 venerabili

231 1214 325 1254 fram
343 1239 349 1244 .
372 1237 378 1243 .
406 1213 545 1253 episcopo
570 1212 750 1241 Nivcrnensi
770 1217 797 1240 el
820 1210 929 1240 dilecto
947 1211 1013 1250 silio
1031 1211 1175 1249 mnyistro
1192 1210 1245 1239 Jo-

233 1266 330 1296 lzcznn‘z'
347 1265 382 1295 de
398 1265 565 1299 Monciaco,
585 1264 755 1304 professori
769 1263 849 1302 juris
865 1264 972 1299 civilis,
989 1263 1133 1292 canonico
1156 1262 1245 1291 Pari-

231 1319 332 1354 siensi,
351 1329 385 1347 ac
405 1317 537 1358 officiali
549 1317 741 1354 Nioernensi,
755 1316 882 1346 salutem
898 1322 925 1346 el
942 1317 1140 1356 aposcolicam
1162 1316 1246 1345 bene-

232 1373 405 1403 dictionem.
429 1373 513 1402 Cum
539 1371 771 1411 inquisitionis
792 1371 963 1410 negotium
981 1371 1096 1400 contra
1112 1378 1247 1400 venera-

232 1427 335 1457 bilem
348 1426 485 1456 tratrem
500 1426 652 1456 nostrum
665 1425 861 1463 episcopum
876 1423 1128 1455 Ruthenensem
1145 1431 1247 1461 super

232 1480 378 1510 diversis
395 1479 596 1509 criminibus
612 1478 710 1508 vobis
728 1478 791 1507 sub
808 1478 898 1507 certa
916 1477 1024 1507 forma
1039 1485 1098 1515 per
1114 1478 1247 1506 nostras

234 1533 365 1564 litteras
393 1532 592 1562 duxerimus
615 1531 905 1564 committendum,
929 1532 959 1561 et
977 1531 1126 1561 nolimus
1147 1530 1246 1569 quod,

234 1589 368 1626 propter
393 1594 618 1625 expensarum
644 1585 822 1621 desectum,
844 1593 1025 1623 processus
1044 1583 1077 1613 in
1102 1584 1175 1622 ipso
1192 1592 1246 1614 ne-

234 1640 324 1680 gotio
356 1640 555 1674 retardetur,
590 1638 788 1669 discretioni
828 1639 938 1668 vestre
977 1646 1035 1676 per
1065 1637 1249 1676 apostolica

235 1695 361 1732 scripta
379 1693 579 1723 mandamus
596 1692 755 1731 quatinus
769 1700 935 1730 expensas
951 1691 990 1720 nd
1002 1691 1063 1720 hoc
1081 1690 1178 1720 vobis
1195 1699 1250 1720 ne-

235 1747 402 1778 cessarias
420 1748 451 1777 et
470 1745 703 1782 rationabiles,
720 1745 760 1775 de
778 1745 876 1774 bonis
900 1744 1039 1774 ecclesie
1060 1743 1252 1775 Ruthenen-

236 1801 296 1837 sis,
321 1801 362 1831 ad
383 1800 578 1840 episcopum
598 1799 711 1838 ipsum
733 1797 976 1837 spectantibus,
1004 1797 1135 1827 faciatis
1154 1797 1251 1827 vobis

236 1863 381 1893 congrue
404 1853 604 1883 ministrari.
629 1852 900 1883 Contradictores
926 1869 974 1881 —.
1000 1851 1075 1881 Non
1099 1850 1252 1881 obstante

237 1925 286 1938 —-.
301 1907 398 1943 Quod
409 1907 438 1936 si
451 1915 514 1936 non
529 1914 646 1936 omnes
657 1923 706 1935 —.
722 1906 848 1935 Datum
861 1904 949 1944 apud
962 1903 1251 1940 Urbemveterem,

238 1961 337 1992 nonis
354 1959 562 1996 novembris,
582 1959 798 1998 pontificatus
815 1958 924 1988 nostri
943 1966 1029 1987 anno
1048 1957 1157 1987 tertio.
1177 1966 1194 1986 ))

330 2124 428 2155 2973

747 2119 870 2153 Orviem,
890 2120 906 2147 8
927 2120 1083 2147 novembre
1104 2120 1180 2147 1263.

274 2206 524 2234 Pracdicatoribus
540 2206 619 2232 verbi
633 2204 731 2232 Crucis
746 2213 778 2231 ac
794 2204 993 2231 executoribus
1005 2204 1114 2239 negotii
1125 2203 1253 2240 ejusdcm

239 2256 337 2283 Crucis
370 2255 584 2290 indulgentiam
613 2254 881 2289 crucesignatorum
910 2253 1051 2280 concedit.
1080 2254 1179 2288 (Anca.
1207 2260 1256 2279 nes

239 2306 559 2337 Boucnes-nc-Rnoxss,
577 2303 659 2331 fonds
678 2304 704 2331 S.
730 2303 828 2330 Victor
848 2303 899 2329 727
919 2303 952 2338 ¹.)

283 2412 298 2432 ))
319 2401 458 2432 Urbanus
485 2401 656 2440 episcopus,
674 2410 777 2429 servus
793 2409 948 2429 servorum
965 2399 1033 2434 Dei,
1052 2397 1168 2428 dilectis
1183 2398 1257 2437 siliis

242 2456 389 2485 universis
399 2453 645 2494 predicatoribus
656 2453 737 2483 verbi
751 2453 858 2483 Crucis
870 2463 928 2493 pro
942 2453 1031 2482 Terre
1041 2451 1258 2482 Sanctcsubsi-

243 2509 292 2538 dio
308 2518 343 2537 ac
356 2508 565 2538 erecutorihus
578 2507 692 2546 neqotii
705 2506 839 2547 ejusdem
859 2507 975 2542 Crucis,
991 2505 1156 2535 salutemet
1171 2515 1258 2545 apos-

244 2561 366 2592 tolicam
393 2561 638 2591 benedictionem.
666 2560 830 2591 Volentes
854 2559 989 2590 labores
1014 2561 1146 2590 vestros
1174 2567 1259 2597 quos

244 2624 304 2655 pro
332 2615 435 2645 Terre
458 2615 577 2644 Sancte
603 2613 757 2643 subsidio
781 2614 914 2652 promta
932 2613 1102 2643 voluntate
1121 2611 1257 2647 subitis,

245 2667 482 2707 spiritualibus
503 2666 645 2706 premiis
663 2675 893 2705 compensare,
918 2666 1014 2696 vobis
1038 2665 1209 2696 universis
1228 2666 1260 2695 ct

248 2722 407 2761 singulis,
431 2722 568 2760 propter
590 2719 652 2750 hoc
670 2728 729 2758 per
751 2728 878 2749 annum
898 2719 932 2749 in
959 2719 1108 2758 predicto
1127 2718 1260 2757 negotio

246 2774 493 2810 laborantibus,
509 2773 603 2803 illam
615 2774 808 2803 vestrorum
822 2772 861 2802 de
878 2772 1002 2811 quibus
1015 2772 1149 2802 fueritis
1162 2771 1260 2801 corde

248 2829 382 2860 contriti
401 2829 432 2858 et
448 2836 504 2858 ore
517 2826 662 2858 confessi
675 2826 892 2856 concedimus
904 2825 1037 2855 veniam
1050 2827 1263 2864 peccatorum

284 2936 306 2958 1.
324 2934 403 2960 Cette
417 2932 494 2957 bulle
511 2933 555 2956 cst
573 2929 683 2955 inseree
701 2929 774 2954 dans
789 2936 844 2953 une
862 2928 945 2953 lettre
959 2928 992 2952 de
1008 2927 1211 2958 l'archeveque
1232 2927 1266 2951 de

253 2977 423 3003 Tarentaise
440 2977 490 3008 qui
507 2976 536 3000 la
551 2974 730 3007 promulgue.

1293 355 1419 394 illoque
1436 354 1593 384 volumus
1610 355 1786 393 privilegio
1804 365 1908 395 eaque
1925 356 2138 387 immunitate
2156 359 2302 396 gaudere

1293 417 1356 447 que
1373 408 1413 438 ad
1428 408 1515 438 dicte
1531 408 1618 437 terre
1628 408 1819 438 subsidium
1833 410 2303 447 personalitertransfretran-

1292 461 1384 491 tibus
1410 461 1444 490 111
1473 461 1621 499 generali
1647 462 1788 491 concilio
1808 464 1886 492 sunt
1907 471 2078 493 concessa.
2100 463 2194 493 Nulli
2227 473 2304 503 ergo

1292 532 1341 544 —.
1367 513 1402 544 Si
1427 514 1504 552 quis
1530 531 1579 542 —-.
1611 515 1733 544 Datum
1755 516 1841 553 apud
1862 515 2150 552 Urbemvetereni,
2171 527 2201 546 vr
2228 517 2304 547 idus

1295 566 1500 602 novembris,
1515 568 1730 605 pontificatus
1741 569 1848 598 nostri
1864 578 1950 599 anno
1968 570 2079 600 tertio.
2096 580 2110 598 »

1386 734 1483 764 2974
1792 733 1915 763 Orvieto,
1936 733 1967 760 18
1984 734 2135 760 decembre
2155 735 2232 761 1203.

1332 816 1478 843 Monachis
1496 816 1693 843 Molesmensis
1711 816 1891 848 monasterii,
1908 817 2016 843 ordinis
2031 826 2053 844 s.
2073 817 2229 851 Benedicti,
2241 818 2310 844 Lin—

1299 866 1433 900 gonensis
1461 865 1596 895 diocesis,
1617 865 1745 900 indulget
1764 869 1805 899 ut,
1822 866 1994 893 necessitate
2013 866 2057 892 vol
2075 866 2244 893 infirmitate
2260 876 2311 893 ur-

1299 917 1392 949 gente,
1411 914 1545 941 carnibus
1562 914 1637 941 vesci
1656 914 1780 941 valeant.
1796 915 1895 949 tAncu.
1919 924 1952 941 nn
1968 924 2003 941 LA
2020 916 2208 949 Corn-D'On.)

1340 1026 1354 1041 «
1378 1013 1516 1044 Urbanus
1531 1014 1700 1053 episeopus³
1715 1024 1817 1043 serens
1833 1024 1988 1044 servorum
2003 1014 2069 1051 Dei,
2087 1014 2195 1044 dilecto
2212 1015 2289 1054 silio.
2303 1037 2310 1044 .

1299 1068 1405 1097 abbati
1421 1068 1597 1097 monasterii
1612 1067 1824 1103 iilolesnzensis,
1841 1068 1957 1097 ordinis
1970 1079 1993 1098 s.
2014 1068 2182 1104 Benedicti,
2199 1068 2312 1108 Linqu-

1302 1121 1399 1151 nensis
1420 1121 1555 1158 diocesis,
1574 1120 1701 1150 salutem
1717 1126 1744 1151 el
1762 1121 1963 1161 apostolicam
1979 1121 2227 1152 benediccionem.
2249 1123 2312 1152 EX-

1301 1175 1409 1205 hibita
1430 1175 1529 1205 nobis
1552 1176 1607 1204 tua
1632 1175 1750 1214 petitio
1771 1175 1964 1206 continebat
1984 1175 2073 1214 quod
2089 1175 2313 1206 Molesmense

1302 1229 1548 1259 monasterium
1572 1228 1606 1258 in
1625 1228 1697 1258 loco
1716 1230 1766 1258 est
1783 1230 1851 1258 tam
1869 1229 1961 1259 arido
1981 1229 2201 1259 constitutum
2226 1229 2315 1268 quod

1303 1282 1427 1312 cibaria
1445 1282 1618 1312 monachis
1638 1281 1890 1312 infirmantibus
1906 1282 1959 1312 vel
1978 1282 2063 1312 alias
2086 1282 2316 1321 indigentibus

1303 1336 1505 1371 necessaria,
1520 1336 1657 1365 comode
1670 1335 1795 1365 ibidem
1808 1335 1925 1365 haberi
1940 1344 2005 1366 non
2019 1337 2170 1374 possunt,
2188 1337 2314 1374 tempo-

1302 1389 1398 1420 ribus
1427 1390 1615 1427 oportunis,
1645 1390 1782 1427 propter
1809 1389 1899 1427 quod
1929 1389 2057 1419 eisdem
2082 1389 2256 1419 monacbis
2287 1391 2318 1419 et

1304 1443 1510 1474 monasterio
1544 1451 1644 1481 grave
1675 1451 1928 1480 nonnumquam
1959 1442 2113 1473 imminet
2138 1443 2318 1472 detrimen-

1304 1498 1388 1527 tum.
1409 1497 1480 1526 Nos
1500 1496 1624 1534 itaque,
1644 1495 1796 1525 volentes
1825 1504 1926 1534 super
1946 1495 2007 1525 hoc
2026 1495 2210 1534 apostolice
2228 1495 2317 1525 beni·

1305 1550 1443 1589 gnitatis
1469 1549 1657 1579 remedium
1678 1548 1848 1581 adhibere,
1874 1557 1949 1578 cum
1969 1549 2068 1579 dictis
2082 1549 2256 1579 monachis
2272 1550 2318 1584 ut,

1305 1603 1504 1634 infirmitate
1529 1611 1587 1632 seu
1613 1602 1679 1632 alia
1701 1602 1902 1632 necessitate
1924 1603 2075 1640 urgente,
2099 1602 2190 1632 vesci
2213 1602 2319 1631 carni-

1305 1656 1369 1686 bus
1387 1656 1532 1690 valeant,
1550 1655 1782 1693 (lisitiensandi,
1800 1656 1899 1693 prout
1913 1655 2094 1693 tibi,juxta
2106 1655 2255 1693 regulam
2272 1654 2319 1684 tui

1306 1708 1448 1744 ordinis,
1467 1708 1637 1746 competit,
1658 1708 1792 1746 plenam
1807 1707 1869 1737 tibi
1887 1707 2102 1737 concedimus
2120 1707 2320 1737 auctoritate

1306 1761 1515 1801 presentium
1543 1761 1748 1791 facultatem.
1768 1761 1893 1790 Datum
1917 1761 2005 1799 apud
2030 1760 2317 1795 Urbemveterem,

1308 1826 1346 1845 xv
1360 1815 1523 1845 kalendas
1537 1814 1696 1853 υ111111111111,
1715 1814 1930 1853 pontificatus
1947 1814 2054 1844 nostri
2071 1822 2156 1844 anno
2177 1814 2289 1844 tertio.
2306 1824 2320 1843 n

1399 1988 1497 2018 2975

1849 1984 1975 2015 Orvieto,
1993 1986 2025 2012 21
2039 1985 2152 2020 janvier
2171 1985 2248 2012 1261.

1343 2071 1483 2098 Omnibus
1492 2071 1680 2098 ecelesiarum
1692 2078 1740 2097 sen
1756 2070 1997 2096 monasteriorum
2009 2070 2145 2104 praelatis
2157 2070 2321 2104 episcopum

1310 2129 1333 2148 s.
1361 2121 1502 2154 Andre-ac,
1522 2119 1669 2154 negotium
1686 2119 1784 2146 Crucis
1803 2119 1831 2146 in
1850 2119 1945 2146 Scotia
1961 2122 2106 2153 agentem,
2127 2119 2323 2145 commendat.

1310 2171 1409 2204 (Ancu.
1428 2170 1500 2196 NA'r.
1521 2178 1535 2195 L
1554 2171 1617 2199 250,
1636 2175 1664 2195 11⁰
1679 2169 1736 2203 co.)

1351 2279 1365 2297 u
1391 2268 1531 2299 Urbanus
1543 2267 1709 2307 episcopus,
1729 2277 1832 2296 servus
1850 2275 2003 2295 servorum
2017 2265 2082 2299 Dei,
2105 2264 2326 2294 venerabilibus

1310 2322 1461 2361 fratribus
1476 2320 1831 2360 universispatriarchis,
1845 2319 2083 2359 archiepiscopis
2095 2324 2123 2348 el
2134 2318 2281 2358 episcopis
2292 2327 2326 2347 uc

1312 2375 1428 2405 dilectis
1445 2374 1518 2415 filiis
1537 2374 1649 2411 electis,
1669 2373 1840 2409 abbatibus,
1852 2373 2018 2413 prioribus,
2034 2371 2190 2412 capitulis,
2203 2381 2327 2401 eonven-

1313 2429 1391 2458 tibus
1404 2434 1431 2458 et
1449 2428 1595 2467 colleqiis,
1612 2438 1636 2457 s,
1660 2426 1879 2465 Benedicei‘oel
1892 2426 2051 2466 cujuslibet
2062 2425 2187 2455 alterius
2198 2425 2325 2459 ordinis,

1313 2492 1427 2513 necnon
1455 2482 1588 2516 decanis,
1611 2480 1848 2514 archidiaconis,
1866 2480 2044 2520 prepositis,
2061 2479 2325 2519 archipresbiteris

1314 2541 1339 2566 el
1354 2535 1425 2565 aliis
1440 2535 1635 2565 ecclesiarum
1651 2534 1781 2575 prelatis
1798 2539 1823 2563 ec
1842 2533 2022 2567 rectoribus,
2037 2532 2265 2572 preceptoribus
2276 2541 2326 2560 seu

1313 2588 1612 2619 administratoribus
1627 2586 1972 2626 domorum*Hospitalis
1990 2591 2017 2615 et
2034 2585 2153 2625 Templi
2171 2595 2206 2614 ac
2223 2595 2245 2613 s.
2263 2584 2326 2613 Ma-

1314 2643 1357 2672 rio
1372 2642 1632 2678 leeotonicorzon,
1648 2641 1795 2679 exemptis
1807 2646 1834 2670 ec
1853 2650 1910 2669 non
1922 2640 2077 2678 emenonis,
2091 2637 2132 2667 ad
2142 2647 2214 2677 quos
2228 2637 2328 2667 littere

1317 2695 1585 2735 islepervencrint,
1600 2694 1724 2724 salntem
1737 2699 1764 2723 et
1777 2693 1976 2733 apostolicam
1986 2691 2229 2721 benedictionem.
2244 2692 2327 2721 Cum

1316 2749 1489 2788 negotium
1505 2748 1606 2778 Terre
1627 2747 1746 2777 Sancte
1759 2745 1944 2775 venerabili
1960 2744 2055 2774 fratri
2073 2745 2224 2775 nostro..
2242 2745 2329 2784 epis·

1317 2811 1400 2840 copo
1417 2810 1443 2831 s.
1458 2800 1602 2833 Andriae,
1624 2799 1696 2828 viro
1716 2799 1832 2837 ntique
1845 2798 1981 2836 probate
1995 2797 2072 2827 fidei
2093 2799 2123 2827 et
2139 2797 2330 2828 examinate

1318 2854 1468 2889 virtutis,
1481 2853 1514 2882 in
1528 2860 1628 2891 regno
1638 2851 1757 2887 Scene,
1770 2851 1809 2881 de
1821 2850 1962 2880 fratrum
1972 2851 2165 2880 nostrorum
2176 2851 2330 2887 consilio,

1320 2906 1519 2938 duxerimus
1551 2904 1744 2943 specialiter
1765 2903 2057 2939 committendum,
2078 2903 2334 2934 universitatem

1323 2961 1473 2991 vestram
1497 2966 1688 2994 monemus,
1716 2965 1876 2997 rogamus
1898 2958 1929 2988 et
1945 2956 2119 2987 hortamur
2138 2957 2259 2988 attente
2275 2966 2335 2996 per
