2519 3262
1005 198 1245 236 TROISIEME
1272 196 1436 234 ANNEE.

175 290 236 317 lum
261 290 352 316 adhuc
383 289 554 316 beneficium
581 291 757 322 assecutum,
786 289 812 315 in
835 289 957 315 ccclesia
990 289 1134 315 Aversana
1162 288 1188 315 in

174 338 343 366 canonicum
356 339 443 372 recipi
457 338 543 365 saciat
555 338 635 372 eique
648 339 682 365 de
696 338 856 372 praebenda
876 338 1034 372 provideat.
1048 338 1128 372 (Rae.
1144 337 1188 367 29,

176 388 306 421 101031,
324 392 356 413 no
376 387 466 420 1259.)

217 502 231 521 «
251 492 408 531 Episcopo
429 491 638 520 carcaniensi.
654 490 695 520 Et
714 490 742 519 si
758 490 798 519 ad
816 507 864 518 —.
885 490 1006 519 Datum
1023 489 1111 526 apud
1131 488 1191 518 Ur-

175 545 414 581 bemveterem‚
434 544 532 574 nonis
548 543 755 578 novembris,
774 551 861 572 anno
880 542 990 572 tertio.
1014 552 1027 569 »

735 693 861 726 Orvieto,
879 693 918 719 1⁶¹·
936 700 1013 718 mars
1036 693 1113 719 1253.

268 698 361 728 2211

212 781 250 806 Βο
264 780 444 807 assecutione
472 779 650 813 praebendae
666 776 800 812 magistri
818 776 948 807 Lamuni,
971 776 1038 802 dicti
1058 776 1141 805 pilai,
1161 775 1190 802 in

177 829 299 855 ecclesia
326 837 348 854 s.
373 828 467 854 Amati
484 827 650 859 Duaeensis,
666 826 866 853 Atrebatensis
887 824 1021 851 diocesis>
1040 825 1118 858 (Rae.
1144 826 1189 856 29,

177 877 226 904 sol.
243 878 295 905 234
310 882 350 908 v⁰‚
367 881 398 903 11ο
416 877 507 911 1260.)

217 990 231 1009 «
245 979 390 1019 Mayistro
407 980 556 1011 Lamuno.
572 977 652 1007 dicto
669 977 770 1012 Pilat,
787 976 933 1006 canonico
951 975 1071 1006 ecclesie
1087 976 1189 1005 sancti

176 1034 281 1063 Amaci
309 1033 486 1069 Duacensis,
520 1031 728 1061 attrebatensis
759 1030 900 1060 diocesis.
931 1030 1098 1060 Inducunt
1128 1038 1190 1059 nos

174 1088 231 1118 tue
255 1104 304 1117 —.
334 1087 420 1116 Sane
449 1085 567 1124 petitio
597 1086 655 1114 tua
685 1084 783 1114 nobis
816 1083 966 1113 exhibita
995 1083 1189 1113 continebat

175 1140 276 1179 quod,
297 1147 371 1169 cum
392 1139 502 1169 felicis
520 1137 763 1168 recordationis
783 1136 976 1166 Alexander
995 1145 1091 1175 papa,
1114 1145 1190 1175 pre-

174 1193 332 1223 decessor
356 1193 482 1227 noster,
515 1215 520 1220 .
544 1190 746 1230 ‚preposito
773 1190 913 1220 ecclesie
942 1190 1049 1220 sancti
1073 1189 1189 1219 Amati

174 1246 374 1282 Duacensis‚
396 1246 437 1275 ad
460 1254 559 1284 quem
578 1245 713 1275 collatio
735 1244 982 1282 prebendarum
1000 1243 1034 1273 in
1054 1252 1093 1273 ea
1112 1251 1190 1281 per—

174 1299 271 1336 tinet,
291 1299 434 1329 faciendi
452 1298 555 1337 recipi
568 1307 672 1328 unum
690 1297 849 1327 clericum
868 1297 902 1326 in
918 1297 1033 1327 eadem
1044 1296 1190 1327 ecclesia

175 1352 211 1382 in
230 1353 427 1382 canonicum
447 1353 479 1382 et
498 1352 531 1381 in
556 1351 705 1384 fratrem,
731 1360 767 1380 ac
786 1350 984 1389 providendi
1007 1349 1036 1380 ei
1055 1350 1094 1379 de
1116 1359 1189 1388 pre-

175 1406 297 1442 benda,
321 1406 350 1435 si
379 1414 445 1444 qua
459 1406 537 1434 tunc
559 1403 697 1434 vacabat
714 1403 839 1433 ibidem
860 1403 911 1433 vel
932 1402 1186 1442 quamprimum

175 1460 216 1490 ad
240 1460 275 1489 id
302 1458 514 1497 oportunitas
544 1467 579 1487 se
605 1458 749 1493 offerret,
774 1465 903 1487 necnon
925 1456 1189 1486 contradictores

175 1522 235 1552 per
252 1521 428 1543 censuram
445 1511 721 1546 ecclesiasticam,
742 1510 968 1549 appellatione
986 1510 1188 1548 postposita,

175 1566 423 1605 compescendi,
456 1565 659 1595 concesserit
692 1573 751 1603 per
782 1572 860 1593 suas
888 1563 1020 1593 litteras
1047 1563 1188 1592 liberam

176 1619 383 1653 facultatem,
414 1619 503 1648 idem
528 1617 722 1657 prepositus
750 1619 779 1647 te
808 1618 842 1646 in
869 1617 1020 1656 predicta
1047 1616 1190 1646 ecclesIa

175 1673 279 1711 recipi
308 1673 384 1702 fecit
412 1673 445 1702 in
470 1672 668 1702 canonicum
690 1672 721 1700 et
750 1671 782 1700 in
811 1671 962 1705 fratrem,
990 1671 1189 1700 auctoritate

175 1726 367 1765 hujusmodi
385 1725 585 1759 litterarui‘n7
606 1726 638 1754 et
655 1724 895 1757 nichilominus
911 1723 1067 1762 promisit
1086 1732 1187 1761 spon-

174 1781 294 1809 taneus
312 1782 341 1808 et
359 1788 394 1808 se
412 1787 471 1817 per
485 1787 565 1808 suas
579 1779 734 1816 patentes
752 1777 883 1806 litteras
898 1776 1070 1815 obligavit,
1087 1785 1190 1814 super

174 1832 235 1862 hoc
252 1833 394 1871 prestito
409 1832 614 1870 juramento,
631 1830 719 1869 quod
734 1830 806 1868 ipse
826 1830 938 1859 nullas
956 1838 973 1859 a
993 1829 1071 1859 sede
1089 1838 1189 1867 apos-

173 1886 275 1916 tolica
305 1886 437 1915 litteras
466 1885 662 1923 impetraret
690 1892 750 1922 per
779 1892 864 1921 quas
893 1885 948 1912 tua
975 1883 1125 1921 provisi0
1156 1883 1189 1912 in

173 1939 324 1978 predicta
341 1938 483 1968 ecclesia
503 1937 661 1976 impediri
680 1938 795 1975 posset
813 1939 869 1966 aut
888 1936 990 1966 etiam
1009 1936 1188 1967 retardari.

174 1993 301 2022 Verum
326 1991 543 2030 postmodum
561 1990 731 2029 predictus
751 1989 945 2028 prepositus
968 1989 1033 2018 sibi
1051 1998 1068 2018 a
1086 1988 1187 2018 nohis

176 2045 319 2076 faciendi
339 2045 444 2083 recipi
466 2044 550 2074 duos
566 2044 707 2074 clericos
728 2043 761 2072 in
780 2043 908 2081 prefata
925 2042 1068 2072 ecclesia
1085 2042 1119 2072 in
1137 2052 1190 2072 ea-

174 2099 312 2129 nonicos
335 2100 366 2128 et
386 2098 419 2127 in
439 2097 562 2127 fratres
583 2098 615 2127 et
640 2096 839 2135 providendi
859 2104 975 2126 eorum
994 2096 1128 2134 utrique
1149 2096 1189 2125 de

172 2152 343 2191 prebenda
360 2151 393 2181 in
410 2150 577 2189 prelibata
588 2149 742 2185 ecclesia,
761 2149 1014 2188 quamprimum
1031 2149 1071 2178 ad
1086 2149 1120 2178 id
1135 2149 1189 2179 ob—

172 2205 289 2236 tulerit
308 2214 343 2235 se
361 2204 513 2238 facultas⁷
531 2212 658 2233 necnon
672 2202 862 2241 preferendi
879 2211 938 2232 eos
951 2202 1111 2232 omnibus
1127 2202 1189 2232 ibi-

174 2259 249 2289 dem
260 2266 469 2297 quacumque
485 2257 683 2287 auctoritate
699 2255 854 2294 receptis,
868 2255 901 2285 in
911 2255 1188 2285 assecutionibus

174 2311 423 2351 prebendarum
445 2312 476 2340 et
500 2309 763 2340 contradictores
789 2317 848 2347 per
878 2317 1056 2339 censuram
1081 2309 1188 2339 eccle-

174 2365 357 2399 siasticam,
384 2363 608 2402 appellatione
632 2363 833 2401 postposita,
851 2363 1085 2400 compescendi
1108 2371 1188 2392 con-

174 2418 247 2449 cedi
263 2427 322 2457 per
340 2418 473 2447 nostras
493 2417 624 2446 litteras
646 2415 792 2446 obtinuit
810 2415 952 2446 liberam
974 2415 1186 2453 facultatem,

176 2480 241 2502 non
256 2471 417 2501 facientes
432 2470 471 2500 de
483 2469 661 2508 premissis
676 2469 824 2508 aliquam
838 2469 1054 2499 mentionem.
1071 2469 1187 2504 Quare

174 2524 272 2555 nobis
294 2524 467 2554 humiliter
497 2523 698 2561 supplicasti
726 2525 762 2552 ut
786 2522 964 2561 providere
993 2521 1055 2552 tibi
1085 2532 1188 2561 super

174 2578 235 2609 hoc
249 2579 388 2617 paterna
405 2576 634 2606 sollicitudine
654 2584 861 2605 curaremus.
881 2576 952 2606 Nos
970 2575 1096 2614 itaque,
1116 2576 1188 2606 tuis

175 2630 483 2671 supplicationibus
500 2629 666 2664 inclinati,
682 2629 744 2660 tibi
759 2630 957 2660 auctoritate
975 2630 1185 2669 presentium

175 2685 392 2724 indulgemus
409 2686 457 2720 ut,
478 2683 657 2722 premissis
674 2682 764 2713 veris
784 2682 1024 2719 existentibus,
1048 2692 1106 2722 per
1130 2683 1188 2714 hu-

172 2738 322 2778 jusmodi
337 2738 469 2768 litteras
484 2738 618 2767 nostras
633 2735 694 2766 tali
704 2735 845 2766 veritate
861 2736 1185 2775 tacitaimpetratas,

176 2801 278 2831 super
313 2791 524 2822 assecutione
554 2788 721 2828 prebende
764 2789 799 2818 in
826 2791 1012 2820 memorata
1040 2790 1186 2820 ecclesia

176 2846 308 2876 nullum
333 2845 441 2884 possit
462 2843 525 2874 tibi
544 2842 697 2882 generari
719 2842 941 2881 prejudicium
957 2843 1011 2873 vel
1029 2842 1184 2873 obstacu-

176 2898 247 2929 lum
271 2897 451 2937 interponi.
481 2896 578 2927 Nulli
610 2903 687 2934 ergo
719 2896 833 2926 nostre
860 2895 1090 2926 concessionis
1119 2898 1184 2926 etc.

2200 206 2258 236 365

1250 288 1373 318 Datum
1404 286 1491 325 apud
1518 286 1804 322 Urbemveterem,
1833 285 1986 316 kalendis
2018 287 2140 322 martii,
2171 296 2256 318 anno

1249 340 1407 370 secundo.
1430 348 1446 368 »

1745 479 1867 510 Orvieto,
1891 480 1921 507 10
1935 480 2087 506 novembre
2109 480 2185 506 1203.

1339 482 1435 512 2212

1285 563 1425 598 Episcopo
1441 564 1645 590 Dumblanensi
1659 567 1685 591 et
1702 564 1902 591 archidiacono
1917 573 1940 591 s.
1958 565 2084 591 Andreae
2103 565 2128 590 in
2148 566 2252 596 Soona,

1249 613 1399 647 capellano
1423 613 1591 647 apostolico,
1615 613 1807 647 provisionem
1825 613 1983 640 committit
2004 613 2111 640 Alberti
2130 616 2157 640 ct
2175 614 2255 640 Boni-

1249 662 1315 688 facii
1333 661 1515 692 clericorum,
1536 665 1671 696 nepotum
1695 662 1741 694 U.,
1759 671 1781 688 s.
1803 662 1945 688 Eustachii
1960 662 2070 689 diaconi
2086 662 2254 689 cardinalis.

1248 711 1328 745 (nm.
1347 713 1391 744 20,
1408 711 1456 737 fol.
1476 711 1528 738 234
1542 716 1585 742 νο,
1602 715 1633 737 n⁰
1652 711 1744 742 12131.)

1288 827 1303 846 ((
1329 843 1333 848 ,
1354 841 1359 846 .
1378 818 1520 857 episcopo
1542 816 1770 852 Dumblrineizsi,
1787 821 1814 845 1¹!
1842 816 2056 846 archidiacono
2072 817 2170 846 sancti
2190 818 2251 846 An-

1248 870 1317 900 dree
1333 871 1363 899 in
1377 870 1665 910 lS'cotia,capell(zno
1683 875 1793 899 nostro.
1810 870 1903 900 Sicut
1916 870 2059 900 dilectus
2076 871 2165 900 tilius
2183 878 2257 900 nos-

1248 926 1299 954 ter
1325 925 1377 959 U„
1407 924 1512 954 sancti
1543 924 1716 954 Eustachii
1746 924 1907 953 diaconus
1937 924 2131 959 cardinalis,
2156 924 2253 954 nobis

1248 977 1417 1016 exposuit,
1437 977 1518 1007 olim
1540 977 1637 1007 vobis
1655 977 1780 1007 nostris
1797 977 1953 1006 dedimus
1968 977 2091 1007 litteris
2112 977 2143 1006 in
2165 986 2257 1007 man-

1248 1031 1336 1061 datis
1359 1032 1395 1061 ut
1417 1031 1502 1060 duos
1520 1031 1721 1069 personatus
1740 1030 1792 1060 vel
1811 1030 1991 1069 dignitates
2015 1039 2051 1059 ac
2070 1030 2256 1068 prebendas

1248 1093 1308 1114 seu
1324 1084 1388 1114 duo
1403 1084 1565 1114 beneficia
1579 1083 1818 1117 ecclesiastica,
1830 1092 1905 1113 cum
1916 1092 1995 1113 cura
2007 1083 2057 1113 vel
2077 1084 2149 1113 sine
2164 1092 2256 1120 cura,

1247 1138 1281 1167 in
1302 1146 1403 1176 regno
1431 1137 1552 1173 Scotie,
1586 1137 1619 1166 in
1644 1137 1797 1166 ecclesiis
1825 1136 2074 1167 cathedralibus
2103 1137 2153 1166 vel
2179 1138 2256 1168 aliis

1248 1191 1450 1221 conferenda
1468 1190 1601 1220 dilectis
1618 1190 1700 1219 filiis
1714 1189 1853 1220 Alberto
1868 1191 1899 1220 et
1922 1190 2091 1220 Bonifatio
2110 1190 2254 1228 clericis,

1247 1243 1427 1282 nepotibus
1445 1244 1555 1281 ipsius
1579 1243 1774 1279 cardinalis,
1801 1243 1972 1273 donationi
1999 1243 2182 1281 apostolice
2205 1252 2257 1273 re-

1247 1299 1422 1327 servantes
1439 1306 1475 1327 ac
1494 1297 1711 1326 decernentes
1732 1297 1867 1326 irritum
1885 1298 1917 1326 et
1934 1297 2032 1326 inane
2051 1297 2079 1326 si
2099 1305 2196 1326 secus
2214 1297 2253 1327 (10

1247 1350 1333 1389 ipsis
1365 1350 1550 1388 apostolica
1579 1350 1630 1380 vel
1661 1349 1780 1388 quavis
1813 1350 2011 1379 auctoritate
2039 1358 2057 1379 a
2087 1358 2255 1388 quoquam

1247 1403 1455 1442 contingeret
1477 1403 1681 1441 attemptari,
1702 1403 1798 1432 dictis
1818 1402 1997 1441 nepotibus
2018 1403 2069 1432 vel
2095 1403 2167 1432 suis
2186 1412 2258 1441 pro—

1248 1457 1471 1491 curatoribus,
1487 1466 1602 1486 eorum
1621 1457 1767 1491 nomine,
1784 1457 1823 1486 (10
1841 1456 1925 1494 ipsis
1948 1456 2183 1494 personatibus
2202 1457 2257 1486 vel

1248 1510 1470 1549 dignitatibus
1490 1519 1526 1539 ac
1542 1509 1722 1548 prebendis
1741 1511 1797 1539 aut
1815 1509 1854 1539 de
1872 1509 2011 1547 prefatis
2027 1501 2192 1545 ecclesiis,
2211 1510 2257 1540 ita

1248 1563 1336 1602 quod
1363 1564 1419 1592 uni
1446 1563 1485 1592 de
1516 1572 1581 1592 uno
1605 1564 1786 1601 personatu
1814 1562 1866 1591 vel
1898 1571 1964 1592 una
1991 1562 2152 1601 dlgnitate
2177 1572 2252 1592 cum

1248 1616 1416 1655 prebenda
1431 1625 1488 1645 seu
1504 1617 1619 1645 deuna
1633 1616 1775 1645 ecclesia
1791 1616 1883 1645 tieret
1898 1615 2057 1654 provisio,
2073 1616 2252 1652 curaretis,

1248 1670 1416 1708 quamcito
1444 1669 1483 1699 ad
1513 1670 1544 1698 id
1576 1679 1610 1699 se
1642 1669 1775 1699 oil'erret
1807 1669 2029 1707 opta-tunicis,
2064 1669 2254 1707 providere.

1249 1723 1519 1753 Contradictores
1553 1725 1615 1752 etc.
1640 1723 2022 1765 usquecompescendo.
2050 1722 2255 1760 Hujusmodi

1248 1778 1359 1806 autem
1393 1776 1583 1806 litterarum
1616 1776 1813 1805 auctoritato
1843 1775 2039 1805 inhibuistis
2069 1776 2255 1805 venerabili

1248 1829 1343 1859 fratri
1364 1831 1477 1859 nostro
1504 1852 1509 1857 .
1528 1852 1533 1857 .
1554 1829 1711 1867 episcopo
1731 1829 1836 1858 sancti
1861 1829 2005 1863 Antlree,
2031 1837 2070 1858 ne
2100 1838 2258 1868 persona-

1219 1891 1220 1912 ς
1246 1883 1313 1918 tus,
1325 1883 1517 1921 dignitates,
1530 1883 1716 1920 prebendas
1731 1882 1782 1912 vel
1797 1882 1968 1917 beneficia,
1985 1883 2026 1912 ad
2040 1883 2253 1913 collationem

1247 1935 1312 1965 siv<
1340 1936 1624 1975 presentationem
1644 1944 1739 1965 suam
1758 1936 1954 1974 spectantia,
1978 1945 2040 1974 que
2068 1937 2176 1974 primo
2200 1945 2254 1965 va·

1247 1997 1321 2019 care
1345 1990 1564 2028 contingeret,
1590 1989 1690 2018 alicui
1709 1989 1875 2019 conterret
1898 1989 1949 2019 vel
1972 1989 2013 2018 ad
2040 1989 2112 2027 ipsa
2137 1998 2255 2028 quem-

1247 2043 1337 2081 piam
1358 2044 1569 2081 presentaret
1584 2043 1615 2072 et
1635 2042 1876 2072 nichilominus
1893 2051 1911 2072 a
1928 2042 2107 2072 collatione
2125 2051 2160 2071 ac
2181 2051 2254 2080 pre-

1247 2097 1434 2126 sentatione
1454 2096 1694 2126 beneficiorum
1712 2096 1903 2134 hujusmodi
1924 2096 2151 2133 suspendistis
2175 2104 2255 2125 eun-

1246 2149 1333 2185 dem,
1363 2150 1570 2180 decernendo
1599 2150 1733 2179 irritum
1761 2151 1791 2179 et
1818 2149 1914 2178 inane
1940 2149 1968 2178 si
1993 2158 2089 2178 secus
2110 2149 2149 2178 de
2170 2150 2254 2187 ipsis

1247 2203 1407 2233 existeret
1433 2204 1680 2242 attemptatum.
1711 2203 1780 2232 Nos
1808 2211 1884 2231 vero
1906 2203 2119 2240 postmodum
2144 2203 2253 2232 eidem

1246 2256 1401 2294 episcopo
1432 2258 1466 2286 ut
1490 2256 1561 2294 ipse
1580 2256 1620 2285 ad
1640 2255 1867 2294 provisionem
1888 2255 2030 2292 alicujus
2049 2256 2185 2285 minime
2205 2258 2254 2285 te-

1246 2310 1364 2338 neatur
1380 2310 1411 2339 et
1429 2309 1516 2347 quod
1533 2309 1571 2338 de
1591 2308 1839 2347 personatibus,
1858 2308 2090 2346 dignitatibus.
2112 2308 2251 2345 prehen-

1246 2362 1298 2391 dis
1317 2362 1557 2391 ecclesiasticis
1576 2370 1634 2391 seu
1649 2361 1833 2397 beneficiis,
1850 2361 1889 2391 ad
1908 2361 2016 2399 ipsius
2037 2361 2253 2392 collationem

1246 2425 1305 2446 seu
1332 2416 1617 2454 presentationem
1641 2415 1882 2453 spectantibus,
1906 2416 1962 2444 aut
1984 2415 2017 2444 in
2036 2424 2096 2444 sua
2112 2415 2252 2446 ‹·ix·itate

1245 2470 1297 2500 vel
1315 2470 1441 2500 diocesi
1463 2470 1502 2499 de
1522 2469 1683 2499 beneficio
1702 2468 1931 2498 ecclesiastico
1951 2468 2034 2498 nulli
2052 2468 2162 2498 valeat
2179 2478 2254 2507 pro—

1244 2523 1351 2553 videri
1377 2532 1435 2562 per
1460 2523 1592 2553 litteras
1618 2521 1821 2560 apostolicas
1851 2521 2049 2560 impetratas
2077 2522 2128 2551 vel
2150 2522 2252 2552 etiam

1243 2576 1486 2615 impetrandas,
1517 2584 1580 2614 que
1610 2575 1650 2605 de
1676 2575 1807 2605 indulto
1838 2574 2031 2613 hujusmodi
2060 2574 2194 2613 plenam
2221 2577 2253 2606 et

1244 2639 1442 2668 expressam
1465 2638 1530 2659 non
1556 2629 1693 2659 fecerint
1720 2628 1937 2663 mentionem,
1971 2628 2116 2658 dicimur
2145 2629 2254 2659 indul-

1244 2684 1342 2720 sisse,
1357 2683 1422 2713 sibi
1437 2685 1526 2713 certo
1545 2691 1645 2720 super
1662 2681 1723 2711 hoc
1739 2683 1974 2711 conservatore
1992 2690 2172 2717 concesso;
2189 2682 2250 2712 sic-

1244 2745 1308 2775 que
1327 2737 1436 2766 dictus
1461 2736 1639 2774 episcopus
1666 2736 1702 2765 ut
1726 2734 1928 2765 revocaretis
1953 2735 2191 2765 inhibitionem
2220 2738 2252 2766 et

1244 2790 1414 2820 decretum
1431 2788 1624 2828 hujusmodi
1641 2797 1699 2827 per
1713 2788 1855 2818 eundem
1872 2790 2143 2819 conservatorem
2155 2788 2250 2818 vobis

1244 2843 1389 2873 inhiberi
1407 2843 1484 2873 fecit
1500 2844 1532 2872 et
1550 2841 1789 2871 nichilominus
1807 2842 1839 2871 in
1858 2850 1929 2877 vos,
1948 2842 2122 2872 occasione
2138 2841 2251 2880 hujus·

1243 2896 1346 2932 modi,
1365 2895 1726 2927 excommunicationis
1751 2895 1953 2925 sententiam
1972 2895 2190 2934 promulgari,
2214 2895 2247 2925 in
