2519 3262
223 235 283 265 212

266 329 279 345 «
290 317 439 356 Mayislro
452 315 555 352 Petra,
567 314 783 345 archidiacono
795 314 953 344 Brulz'ensz'
966 316 996 344 in
1004 314 1126 345 ecclesia
1136 316 1235 355 Aqen-
1260 323 1261 326 ’

224 371 321 406 nemsi,
344 370 527 399 subdiacono
552 373 664 398 nostro.
691 369 761 398 Tue
790 368 970 407 probitatis
989 369 1110 399 merita
1129 388 1175 397 —.
1195 370 1234 399 In

227 425 340 454 nostra
357 432 436 453 sanc
450 423 654 452 constitutus
671 421 853 460 presentia,
872 421 1019 452 retulisti
1036 422 1136 461 quod,
1158 431 1234 452 cum

226 476 530 506 archidiaconatum
546 475 772 510 Bruliensem,
786 483 901 504 curam
912 475 1102 505 animarum
1113 475 1233 505 haben-

225 530 292 559 tem
322 536 499 564 annexam,
519 530 550 557 et
573 527 793 566 prebendam,
820 529 898 557 tunc
915 527 948 557 in
964 527 1107 558 ecclesia
1127 529 1234 567 Agen-

226 581 320 611 ncnsi
338 582 506 614 vacantes,
520 580 594 616 tibi,
612 582 691 610 tuuc
707 580 886 610 ecclesiam
901 580 940 610 de
957 581 1117 616 Vernoto,
1135 582 1236 611 Seno-

226 634 341 664 nensis
349 633 505 669 diocesis,
517 633 570 663 cui
581 633 707 663 similis
719 642 798 663 cura
811 633 1165 669 imminet,0btinenti,
1175 634 1235 664 du-

225 687 303 717 dum
323 687 362 717 de
380 687 488 725 gratia
506 686 650 716 conferri
668 686 811 716 fecimus
831 686 984 725 speciali,
1004 687 1234 725 postmodum,

224 742 359 770 tuorum
378 739 528 778 pensatis
546 739 744 769 meritorum
772 739 957 778 suffragiis,
980 741 1011 769 te
1041 740 1149 778 gratia
1178 748 1235 769 vo-

224 792 332 823 lentes
347 793 506 831 prosequi
519 792 689 830 ampliori,
708 792 950 822 constitutione
969 792 1138 831 generalis
1160 801 1236 822 con-

224 845 294 876 cilii
319 855 420 884 super
443 845 504 875 hoc
526 845 616 875 edita
643 854 709 875 non
730 845 895 881 obstante,
926 845 1034 883 ipsam
1057 845 1235 875 ecclesiam

224 899 264 929 de
279 900 440 934 Vernoto,
454 907 517 937 que
534 907 592 937 per
604 898 797 937 hujusmodi
812 899 1026 928 collationem
1046 898 1085 928 de
1104 898 1235 937 prefato

224 953 496 982 archidiaconatu
512 952 574 982 tibi
591 952 713 982 factam
733 952 773 982 de
796 952 872 991 jure
896 953 1084 987 vacaverat,
1105 960 1234 982 necnon

225 1006 365 1042 fructus,
384 1005 535 1036 redditus
553 1007 584 1036 et
594 1007 778 1044 proventus
801 1005 857 1044 qui
882 1014 901 1035 a
917 1007 1069 1044 tempore
1086 1005 1236 1035 collatio-

224 1059 277 1088 nis
294 1058 444 1097 ejusdem
458 1067 499 1088 ex
515 1058 657 1088 ecclesia
671 1057 745 1096 ipsa
758 1059 992 1095 provenerant,
1010 1066 1077 1087 una
1091 1066 1166 1087 cum
1186 1066 1235 1087 ar-

225 1111 458 1142 chidiaconatu
475 1113 507 1141 et
535 1110 706 1149 prebenda
731 1110 892 1149 predictis
909 1119 1028 1149 posses
1049 1110 1141 1140 licite
1159 1110 1236 1140 reti-

226 1173 316 1198 nere,
346 1165 450 1194 donec
487 1164 613 1194 nostris
643 1166 675 1194 et
698 1164 845 1194 ecclesie
876 1164 1027 1194 Romane
1060 1163 1235 1201 obsequiis
1262 1182 1263 1185 =

227 1218 416 1253 insisteres,
435 1218 467 1247 et
485 1217 573 1256 quod
597 1217 733 1247 interim
751 1216 899 1246 residere
916 1216 951 1246 in
977 1216 1047 1246 illis
1065 1219 1097 1246 et
1124 1216 1164 1246 ad
1181 1224 1235 1245 su·
1262 1222 1263 1225 ’

226 1271 378 1309 periores
395 1271 529 1300 ordines
556 1270 747 1308 promoveri
766 1273 796 1299 te
818 1269 926 1299 facere
944 1269 1083 1299 minime
1104 1270 1234 1299 tenere·
1262 1279 1263 1289 ¹

227 1323 285 1360 ris,
304 1323 378 1359 tibi,
400 1326 476 1353 tunc
502 1324 534 1352 in
562 1322 751 1353 minoribus
768 1322 944 1352 ordinibus
963 1322 1156 1358 constituto,
1176 1330 1235 1360 pei·

227 1378 360 1406 nostras
377 1377 507 1406 litteras
527 1375 768 1414 dispensando,
785 1375 946 1405 duximus
970 1375 1232 1410 concedendum,
1262 1389 1263 1394 =

227 1438 263 1459 ac
286 1429 497 1459 decrevimus
515 1428 755 1458 nichilominus
780 1428 915 1458 irritum
933 1429 964 1458 et
982 1428 1080 1457 inane
1105 1427 1134 1457 si
1155 1427 1235 1466 quid

227 1485 341 1513 contra
369 1481 561 1520 hujiismodi
580 1483 728 1511 nostram
752 1481 997 1519 indulgentiam
1023 1480 1084 1511 tibi
1101 1489 1236 1510 conces-

227 1544 311 1571 sam,
326 1538 439 1565 nostra
451 1535 501 1565 vel
513 1535 632 1573 quavis
645 1534 855 1568 auctoritate,
867 1534 1075 1572 contingeret
1090 1535 1233 1572 attemp-

226 1589 300 1619 tari.
320 1589 436 1624 Porro⁷
458 1588 537 1626 quia
558 1597 615 1626 per
633 1587 792 1617 continua
809 1586 996 1617 laudabilia
1012 1588 1147 1616 actuum
1166 1588 1234 1616 stu-

227 1642 282 1672 dia
299 1642 338 1671 de
360 1641 542 1671 virtutibus
561 1641 593 1670 in
623 1641 762 1670 virtutes
781 1641 829 1670 sic
855 1639 1069 1671 evidentibus
1098 1640 1234 1670 indiciis

226 1695 356 1726 utiliter
381 1696 541 1733 prolicere
573 1693 804 1732 comprobaris
833 1695 866 1723 ut
902 1694 1068 1723 instanter
1103 1692 1235 1731 equitas

227 1748 461 1786 snadeatquod
477 1757 495 1777 a
510 1747 716 1783 benignitate
733 1746 824 1776 sedis
839 1746 1036 1784 apostolice,
1050 1755 1113 1784 que
1131 1745 1237 1775 delec-

226 1803 315 1832 tatur
332 1802 450 1831 adesse
467 1800 687 1831 benemeritis
704 1810 740 1829 ac
768 1799 928 1838 prodesse
949 1799 1124 1829 uberiores
1148 1798 1236 1829 savo-

227 1863 280 1884 res
300 1854 529 1892 consequaris,
544 1862 616 1887 nos,
636 1854 703 1883 tuis
719 1852 1027 1891 supplicationibus
1042 1852 1161 1882 effectu
1179 1852 1236 1882 be—
1264 1876 1265 1886 ,

227 1907 340 1937 nivolo
363 1909 611 1940 concurrentes,
634 1906 734 1944 quod,
756 1908 787 1935 te
808 1906 973 1943 prefatam
997 1905 1173 1935 ecclesiam
1195 1905 1235 1935 de
1264 1899 1265 1902 ¹

227 1961 495 1998 Vernoto,quam
506 1959 703 1989 auctoritate
714 1958 962 1988 concessisonis
975 1957 1167 1996 hujusmodi
1182 1958 1236 1987 ob-

227 2013 326 2049 tines,
347 2012 450 2042 libere
472 2012 675 2050 resignante,
695 2011 881 2049 prioratum
905 2010 1069 2040 secularis
1094 2010 1235 2040 ecclesie

227 2066 332 2096 sancti
345 2065 498 2103 Caprasii
520 2064 741 2103 Agennensis,
759 2072 865 2101 nuper
883 2066 1055 2093 vacantem
1071 2065 1102 2093 ct
1119 2063 1235 2101 hujus-

227 2119 316 2149 modi
334 2128 448 2148 curam
470 2118 660 2153 habentem,
683 2126 739 2155 per
763 2117 923 2146 dilectum
953 2116 1059 2145 tilium
1080 2118 1232 2145 nostrum

224 2172 269 2208 21„
279 2173 392 2202 sancte
408 2171 512 2201 Marie
524 2171 555 2200 in
568 2170 741 2200 Cosmidin
754 2170 932 2199 diaconum
943 2169 1161 2202 cardinalem,
1174 2168 1233 2198 tibi

225 2225 423 2255 auctoritate
442 2226 555 2254 nostra
573 2223 744 2256 collatum,
767 2231 831 2252 una
847 2232 921 2252 cum
937 2221 1114 2260 prelibatis
1130 2221 1236 2251 archi—

225 2278 402 2308 diaconatu
426 2279 457 2307 ct
482 2276 650 2316 prebenda
675 2275 780 2306 libere
800 2275 912 2306 valeas
939 2275 1096 2311 retinere,
1115 2275 1235 2304 consti-

224 2331 352 2361 tutione
372 2330 522 2369 predicta
540 2339 599 2360 seu
628 2328 837 2368 quibuslibet
862 2329 1042 2358 contrariis
1072 2328 1233 2367 predicta·

225 2393 299 2414 rum
318 2384 530 2423 Agennensis
554 2386 585 2413 et
603 2383 711 2413 sancti
731 2382 885 2421 Caprasii
911 2381 1131 2412 ecclesiarum
1157 2390 1234 2411 con-

225 2437 462 2468 suetudinibus
488 2436 540 2466 vel
569 2436 716 2472 statutis,
743 2436 946 2473 juramento,
981 2434 1234 2465 confirmatione

226 2490 316 2520 sedis
330 2489 513 2528 apostolice
539 2490 595 2519 ant
614 2497 813 2528 quocunque
843 2488 909 2518 alio
927 2487 1114 2518 munimine
1139 2487 1234 2517 robo-

225 2543 320 2577 ratis,
341 2551 551 2581 nequaquam
567 2541 793 2577 obstantibus,
810 2540 871 2571 tibi
890 2541 1089 2571 auctoritate
1102 2541 1234 2578 aposto-

225 2596 524 2634 licaindulgemns,
543 2594 677 2633 proviso
691 2595 779 2634 quod
795 2594 1089 2625 archidiaconatus
1099 2595 1128 2623 et
1148 2593 1235 2631 prio-

226 2651 319 2679 ratus
338 2649 478 2688 predicti
513 2649 637 2679 debitis
666 2658 731 2679 non
762 2648 962 2678 fraudentur
998 2646 1173 2686 obsequiis
1203 2648 1233 2676 et

226 2702 415 2732 animarum
442 2711 521 2732 cura
545 2702 577 2731 in
604 2702 653 2732 eis
681 2702 874 2732 nullatenus
907 2700 1108 2739 negligatur.
1139 2699 1234 2730 Nulli

226 2763 304 2794 ergo
322 2756 434 2785 nostre
451 2755 680 2785 concessionis
699 2757 761 2785 etc.
790 2756 913 2785 Datum
937 2753 1026 2792 apud
1054 2751 1236 2784 Urbemve-

225 2810 342 2845 terem,
362 2819 383 2838 11
405 2809 480 2838 idus
499 2809 621 2844 martii,
640 2818 724 2839 anno
742 2809 852 2839 tertio.
871 2818 885 2835 a

973 232 1216 263 REGISTRES
1247 232 1463 263 D'UltBAIN
1495 232 1552 262 IV.

1384 317 1480 348 1482
1862 317 1986 347 Orvieto,
2003 318 2035 345 31
2054 325 2132 344 mars
2150 317 2227 344 1264.

1327 400 1475 426 Absolutio
1498 399 1655 425 sententiae
1681 401 1991 427 excommunicationis
2010 403 2036 426 et
2061 400 2239 434 dispensatio
2255 409 2303 426 su-

1291 458 1341 483 per
1360 449 1488 483 pluribus
1508 449 1653 475 bcneticiis
1673 449 1832 476 retinendis
1858 450 1998 483 magiam»
2018 449 2159 479 ι1116110611,
2184 452 2301 475 sanctae

1292 499 1438 525 Romanae
1457 497 1595 524 ecclesiae
1617 497 1864 529 vict—cancellario,
1887 498 2064 525 conceditur,
2086 498 2165 531 111150.
2187 500 2231 528 29,
2252 498 2300 524 sot.

1294 547 1343 575 130
1361 553 1397 580 νο,
1417 552 1447 573 n⁰
1465 549 1539 580 2332.)

1333 664 1346 681 1(
1376 653 1523 692 iila-(sistro
1553 652 1706 688 Michaeli,
1735 652 1951 682 archidiacono
1977 651 2181 688 Narbonensi,
2204 657 2305 682 sancte

1293 707 1427 736 Romane
1441 706 1561 735 ecclesie
1578 705 1838 735 vicecan‹·ellm·in.
1857 704 2058 735 Laudabilia
2081 714 2213 735 morum
2236 705 2304 734 suf-

1293 760 1399 799 fragia
1414 777 1461 790 —.
1481 760 1567 791 Sane
1578 759 1768 798 exposuisti
1785 759 1882 789 nobis
1898 758 1987 797 qnod
2003 761 2049 794 tu,
2063 761 2141 788 tunc
2152 758 2306 788 obtinens

1292 813 1469 843 rectoriam
1488 813 1630 843 ecclesie
1641 812 1853 846 s.Germani,
1867 812 2056 842 'sholosane
2074 811 2231 847 diocesis,
2252 820 2307 841 cu·

1292 875 1364 896 ram
1392 866 1570 896 habentem
1602 865 1791 895 animarum
1824 874 2002 897 annexam.
2024 865 2101 904 jura
2129 864 2254 894 audisti
2274 866 2306 895 et

1292 919 1405 958 legisti
1432 919 1558 954 civilia,
1588 918 1725 949 licentia
1747 927 1850 958 super
1877 918 1938 949 hoc
1969 927 1987 948 a
2019 918 2098 948 sede
2121 917 2306 957 apostolica

1292 981 1358 1002 non
1370 972 1516 1002 obtenta.
1531 974 1640 1007 Quare
1653 972 1751 1002 nobis
1764 971 1938 1002 humiliter
1949 971 2149 1010 supplicasti
2164 972 2212 1007 ut,
2229 979 2305 1001 cum

1294 1030 1431 1064 propter
1449 1025 1510 1055 hoc
1530 1025 1665 1055 vinculo
1687 1024 2050 1055 excommunicationis
2066 1024 2240 1059 astrictus,
2259 1023 2306 1053 di-

1293 1079 1383 1108 vinis
1399 1079 1616 1118 postmodum
1638 1081 1670 1108 te
1694 1078 1935 1112 immiscueris,
1961 1078 2128 1116 receperis
2152 1079 2183 1107 et
2202 1077 2306 1107 etiam

1292 1132 1444 1162 tenueris
1479 1132 1678 1162 decanatum
1709 1130 1850 1161 ecclesie
1872 1140 1898 1161 s.
1921 1131 2082 1161 Germani
2110 1130 2303 1160 Autisiodo-

1292 1187 1401 1215 rensis
1420 1185 1626 1214 Parisiensis
1655 1186 1687 1214 et
1704 1183 1961 1214 Narbonensem
1996 1183 2306 1213 archidiaconatum

1292 1239 1324 1268 et
1341 1237 1407 1267 alia
1425 1237 1588 1267 beneficia
1604 1237 1845 1273 ecclesiastica,
1864 1246 1939 1267 cum
1969 1246 2047 1266 cura
2068 1239 2099 1266 et
2119 1237 2191 1266 sine
2214 1244 2304 1271 cura,

1294 1291 1471 1330 providere
1490 1290 1552 1320 tibi
1574 1299 1675 1328 super
1693 1290 1753 1319 hoc
1771 1290 1810 1319 de
1832 1289 2040 1328 benignitate
2063 1290 2154 1319 sedis
2173 1291 2306 1328 aposto-

1294 1344 1356 1373 lice
1370 1352 1578 1373 curaremus.
1602 1344 1673 1373 Nos
1698 1343 1811 1382 igitur,
1839 1343 1906 1372 tuis
1930 1342 2238 1381 supplicationibus
2258 1342 2306 1372 in-

1293 1397 1420 1431 clinati,
1432 1398 1464 1426 te
1477 1396 1517 1426 ab
1532 1396 1725 1435 lmJ'usmodi
1745 1396 2108 1425 excommunicationis
2125 1395 2303 1431 sententia,

1289 1449 1383 1488 juxta
1401 1449 1544 1479 sormam
1563 1448 1716 1483 ecclesie,
1734 1448 1962 1484 absolventes,
1980 1450 2091 1479 tecum
2106 1457 2208 1488 super
2227 1448 2307 1479 irre-

1293 1503 1472 1541 gularitate
1500 1511 1599 1541 quam
1630 1511 1671 1532 ex
1704 1502 1765 1532 boc
1795 1502 2007 1532 contraxisse
2039 1502 2239 1535 dinosceris,
2274 1503 2307 1532 et

1294 1556 1394 1594 qnod,
1416 1555 1476 1584 hoc
1501 1564 1566 1585 non
1594 1554 1762 1585 obstante.
1783 1555 1952 1593 predictis
1976 1555 2172 1584 decanatum
2203 1556 2233 1585 et
2253 1563 2305 1584 ar-

1295 1609 1563 1639 chidiaconatum
1581 1608 1835 1638 Narbonensem
1858 1617 1893 1638 ac
1911 1608 2072 1638 beneficia
2090 1608 2234 1638 retinere
2251 1616 2305 1637 va-

1294 1663 1364 1692 leas
1384 1662 1582 1691 anctoritate
1601 1662 1809 1700 presentium
1839 1661 2091 1700 dispensamus.
2109 1661 2202 1691 Nulli
2226 1669 2304 1700 ergo

1295 1717 1407 1745 nostre
1426 1714 1651 1745 absolutionis
1666 1717 1697 1745 et
1715 1715 1982 1753 dispensationis
1997 1717 2058 1744 etc.
2074 1715 2197 1744 Datum
2216 1714 2305 1753 apud

1294 1768 1582 1804 Urbemveterem,
1606 1778 1626 1797 n
1642 1768 1805 1798 kalendas
1820 1768 1952 1806 aprilis,
1970 1776 2057 1798 anno
2075 1767 2184 1797 tertio.
2209 1777 2223 1796 »

1388 1947 1480 1978 1483
1873 1945 1996 1972 (lrvieto.
2014 1946 2030 1971 ·.'
2047 1944 2117 1970 avril
2139 1944 2205 1970 120}

1327 2029 1449 2056 Officiali
1465 2029 1688 2055 ‹jarcwstsnenn
1705 2029 1820 2054 mandat
1841 2030 1869 2054 ut
1886 2028 2024 2054 llainaldo
2043 2027 2185 2054 Fucherii.
2201 2028 2305 2054 elerico

1294 2079 1437 2105 Albiensis
1453 2078 1586 2106 diocesis.
1604 2078 1797 2112 praebendum
1817 2077 1843 2103 in
1863 2077 1984 2103 ccclesia
2003 2086 2026 2103 s.
2046 2076 2190 2103 Ass'rodisii
2212 2076 2304 2103 niter-

1293 2126 1539 2155 rcnsisconferat,
1559 2129 1656 2151 amoto
1681 2126 1715 2150 ab
1732 2135 1764 2151 ca
1796 2125 1961 2159 Raymundo
1989 2125 2095 2151 lta-lulli
2119 2128 2143 2151 et
2179 2125 2304 2159 quolibet

1291 2175 1348 2202 alio
1366 2175 1467 2201 illicito
1479 2175 1637 2201 detentore,
1660 2174 1738 2202 itin-2.
1758 2176 1801 2201 ’.ΝΛ
1821 2174 1869 2200 101.
1894 2175 1948 2199 ιλιι.
1966 2178 1995 2199 u⁰
2011 2175 2086 2201 533.)

1333 2298 1347 2315 t(
1363 2285 1501 2324 Os'ssvinli
1521 2285 1764 2315 Cat-cassanmisi.
1783 2285 1871 2314 Olim
1899 2285 2104 2314 constitutus
2122 2285 2154 2313 in
2174 2302 2220 2314 -.
2243 2285 2303 2314 lla-

1292 2343 1363 2369 tum
1379 2339 1466 2377 apud
1486 2338 1776 2373 L'rbemveterem,
1794 2348 1842 2366 nn
1866 2346 1969 2367 nonas
1988 2337 2120 2376 aprilis,
2138 2346 2224 2367 anno
2243 2341 2305 2368 ter-

1292 2393 1349 2423 tio.
1369 2401 1385 2421 >›

1867 2571 1993 2598 111-11010.
2013 2572 2042 2597 1ῖι
2059 2579 2136 2597 mars
2156 2571 2231 2598 1265.

1384 2572 1477 2603 1484

1329 2655 1465 2689 Magistro
1482 2654 1598 2681 Nicolao
1616 2655 1818 2681 canonicatrn
1837 2655 1946 2681 conteri
1968 2655 1995 2681 in
2013 2654 2134 2682 ccclesia
2154 2654 2302 2689 bragensi.

1292 2703 1370 2738 (ileu.
1388 2706 1432 2731 Δ),
1448 2703 1496 2730 sol.
1515 2704 1573 2737 141),
1592 2705 1703 2732 110532:
1724 2704 1870 2730 Pei-russi·
1890 2704 1997 2731 issam.»

1331 2821 1345 2840 (1
1367 2811 1515 2850 Mayislro
1533 2810 1671 2843 Nicoluo.
1699 2810 1856 2849 capellano
1880 2815 1992 2843 nostro,
2014 2810 2170 2839 scolastico
2191 2810 2301 2839 (raro-

1291 2865 1394 2894 viensi.
1417 2865 1466 2894 Ex
1495 2864 1750 2903 dispensatione
1774 2872 1873 2902 quani
1904 2881 1951 2891 —.
1981 2864 2100 2893 Datum
2131 2863 2217 2901 apud
2243 2863 2302 2893 Ur-

1292 2918 1532 2953 bemveterem,
1558 2917 1633 2947 idus
1652 2917 1775 2949 martii,
1797 2925 1883 2946 anno
1901 2917 2011 2946 tertio.
2038 2927 2051 2945 »v
