2659 3242
147 509 157 535 1
162 509 213 537 263

128 567 197 587 nov.
219 559 246 586 5.

161 958 172 972 b)

156 1200 170 1216 t)

155 1395 170 1411 ))

152 1739 166 1753 ))

148 1982 162 1998 1)

146 2178 160 2193 1)

142 2666 156 2681 ὶ)

141 2910 155 2925 ³)

235 957 249 974 ))

232 1199 246 1216 ))

231 1395 244 1411 i)

226 1738 240 1754 1)

222 2178 236 2194 ))

220 2472 234 2487 1)

219 2666 233 2682 ))

217 2910 230 2926 ))

287 510 404 538 Orvieto.

962 223 1115 252 TABLES
1142 224 1192 254 DU
1216 224 1417 255 REGISTRE
1442 226 1629 257 D'URBAIN
1654 227 1693 257 1V
2472 237 2525 265 119

1083 319 1158 337 Panas.
1190 319 1300 337 Numeros.

447 372 570 392 oensem
604 367 636 392 et
663 366 827 393 dominum
856 365 893 393 de
925 366 1083 393 Cuchiaco

447 416 553 447 partes
577 422 651 441 suas
671 415 850 450 interponat
873 417 909 442 ut
931 415 1014 443 inter
1036 423 1087 442 eos

444 469 507 496 pax
526 462 727 490 reformetur.

485 510 682 545 Dispensatio
700 520 796 547 super
816 512 958 539 absvntia
978 520 1083 539 conce·
1103 513 1108 544 1
1138 513 1192 540 435
1210 514 1214 545 1
1246 513 1299 540 904

448 559 537 586 ditur
576 560 749 588 Guillelmo
786 562 934 596 Bergere,
964 562 1084 589 cantori

446 608 681 644 Andegavensi‚
696 610 887 637 subdiacono
903 610 1084 645 apostolico,

447 657 606 685 insistenti
622 666 678 693 per
690 659 862 688 triennium
876 659 980 686 studio
996 658 1079 686 theo-

448 706 568 741 logicae
589 707 752 735 sacultatis
770 716 824 735 seu
843 708 925 741 juris
942 708 1083 735 canonici

446 755 630 783 conceditur
654 760 687 784 ut
708 758 806 791 possit
821 760 992 791 proventus
1010 764 1081 791 per-

447 804 550 839 cipere
572 806 732 833 cantoriae
749 806 984 840 ,andegavensis
1000 807 1031 832 et
1046 805 1082 833 de

446 856 577 880 canatus
598 854 714 881 ruralis
728 855 764 881 de
784 854 870 881 Inter
892 855 1083 882 Sartam-et-

445 901 646 931 Meduanam.
677 904 767 935 cujus
787 903 924 931 decanus
947 904 1067 930 existit.

479 951 520 978 Ut
535 951 708 979 Johannem
726 952 892 985 clericum,
908 955 1016 979 natum
1033 952 1084 979 Ni·
1103 953 1106 984 Ι
1138 952 1192 980 436
1210 954 1214 982 Ι
1244 953 1296 980 907

442 998 533 1033 colai,
546 999 624 1026 dicti
641 1001 724 1032 Zorn,
737 1000 852 1028 militis
869 1001 1078 1035 Argentinen-

441 1048 495 1077 sis,
516 1049 548 1075 in
574 1049 760 1075 canonicum
788 1050 929 1084 recipere
957 1049 1081 1077 valeant

442 1095 558 1122 decano
588 1099 617 1123 et
639 1096 779 1130 capitulo
804 1096 1083 1131 HonaugensibuS,

441 1145 683 1177 Argentinensis
702 1145 848 1177 diocesis,
872 1145 1013 1173 mandat.

476 1194 516 1220 Ut
532 1195 684 1227 magistro
703 1195 840 1221 Johanni
859 1194 1013 1228 Matthaei,
1030 1204 1077 1222 ca-
1097 1199 1100 1226 1
1131 1196 1183 1224 441
1202 1199 1205 1225 Ι
1241 1197 1294 1224 932

442 1242 554 1269 nonico
566 1243 718 1271 ecclesiae
729 1244 979 1278 Re1loncnsis‚de
992 1252 1079 1279 prae-

441 1290 543 1318 benda
565 1291 596 1318 in
622 1292 796 1319 Redonensi
819 1293 952 1321 ecclesia
975 1294 1082 1328 provi-

441 1339 509 1366 deri
531 1340 637 1368 faciat.

473 1388 676 1416 Praecentori
707 1389 857 1416 ecclesiae
884 1390 1098 1423 Lodovensis!
1132 1391 1182 1418 120
1200 1392 1205 1424 1
1223 1391 1293 1419 1135

441 1438 569 1465 mandat
595 1441 763 1472 quatenus,
789 1446 806 1465 a
832 1439 1016 1474 Rayniundo
1040 1440 1077 1466 de

440 1487 715 1514 sancto-Amantio
732 1486 864 1514 liberam
886 1488 923 1515 de
942 1489 1079 1517 rectoria

438 1535 589 1562 ecclesiae
622 1544 646 1562 s.
673 1536 764 1563 Pauli
796 1536 833 1563 de
867 1536 1078 1572 Claromonte‚

438 1583 630 1611 Lodovensis
645 1584 790 1618 diocesis,
805 1586 1018 1619 resignatione
1032 1594 1079 1612 re-

436 1635 537 1668 cepta,
564 1633 707 1660 eamdem
731 1635 900 1661 rectoriam
929 1643 1076 1669 personae

438 1681 567 1708 idoneae
586 1682 738 1710 conferat.
1096 1691 1157 1711 tome
1173 1692 1205 1712 111

474 1731 598 1758 Decano
616 1731 768 1758 ecclesiae
785 1740 810 1759 s.
829 1732 915 1759 Aviti
933 1733 1076 1760 Aurelia-
1093 1733 1097 1766 1
1131 1734 1182 1761 ’122
1199 1735 1203 1769 1
1220 1734 1287 1762 1141

437 1780 544 1807 nensis
571 1779 696 1806 mandat
725 1782 771 1810 ut,
802 1780 1008 1816 inquisitione
1040 1782 1077 1808 de

437 1828 579 1856 moribus
595 1828 794 1864 praehabita,
812 1829 939 1857 Heliam
958 1830 1076 1859 Mortes

435 1878 468 1904 in
489 1877 624 1905 ecclesia
649 1877 806 1905 saeculari
841 1887 865 1905 s.
897 1879 1013 1906 Auiani
1043 1880 1075 1907 in

434 1926 562 1953 Bituria
582 1927 613 1953 in
635 1928 820 1954 canonicum
842 1928 941 1963 recipi
964 1928 1071 1956 faciat.
1098 1936 1159 1956 tome
1175 1936 1206 1956 n]

470 1975 624 2010 Magistro
652 1976 795 2004 Andreae
821 1976 857 2004 de
884 1977 1093 2011 canonicatu!
1130 1978 1287 2012 13411172

433 2026 462 2051 et
500 2025 680 2059 praebenda
719 2026 751 2052 in
788 2026 920 2054 ecclesia
962 2026 1069 2054 Corin-

434 2073 562 2105 thiensi,
601 2075 776 2110 approbata
814 2076 972 2103 sententia
1007 2077 1070 2104 Ste—

432 2122 539 2158 phani,
555 2124 691 2159 episcopi
706 2124 897 2159 Penestrini,
911 2125 1069 2160 providet.

464 2171 620 2206 Magistro
657 2172 798 2199 Conrado
847 2173 992 2208 indulget
1034 2178 1069 2202 ut
1087 2181 1150 2201 tome
1164 2181 1197 2201 ιιι

432 2219 596 2247 ecclesiam
616 2229 640 2248 s.
664 2221 784 2248 Mariae
806 2221 838 2248 in
858 2221 1067 2257 Confluentia,
1088 2224 1091 2255 Ι
1124 2224 1176 2251 124
1193 2226 1196 2257 1
1215 2225 1284 2253 1146

430 2276 539 2295 curam
587 2270 767 2296 animarum
807 2270 975 2299 habentem
1019 2279 1072 2298 an-

430 2325 553 2351 nexam,
573 2327 635 2346 una
651 2327 721 2346 cum
736 2319 922 2347 canonicatu
936 2323 966 2348 et
977 2328 1072 2356 prae—

428 2366 530 2394 benda
551 2367 583 2394 in
605 2367 737 2395 ecclesia
762 2377 788 2396 s.
820 2368 961 2396 Castoris
987 2369 1066 2404 ejus-

427 2416 499 2443 dem
522 2416 592 2450 loci,
612 2417 697 2444 licite
718 2417 855 2445 retinere
874 2418 989 2446 valeat.
1087 2427 1148 2446 tomo
1163 2427 1193 2446 111

464 2465 571 2492 Eleeto
589 2465 866 2501 Brandehurgensi
886 2467 1012 2494 mandat
1029 2472 1063 2496 ut
1081 2469 1086 2501 1
1121 2469 1172 2497 126
1191 2470 1195 2502 1
1214 2470 1282 2497 1155

429 2513 638 2541 Lambertum
651 2514 688 2541 de
707 2514 877 2549 Juterbuc„
894 2524 1067 2552 pauperem

429 2561 594 2595 clericum,
621 2563 653 2589 in
674 2564 899 2597 possessionem
921 2565 1072 2592 ecclesiae

428 2610 465 2637 de
487 2611 724 2646 Salmanstorph
742 2612 858 2640 mittat.
1084 2622 1146 2642 tome
1160 2622 1193 2643 111

463 2659 612 2687 Decernit
633 2663 667 2686 ut
693 2661 772 2687 certi
803 2661 911 2689 clerici
934 2662 1062 2697 reginae
1081 2665 1084 2695 Ι
1118 2665 1169 2692 361
1188 2665 1279 2698 12199

427 2707 591 2738 Franciae,
607 2716 706 2743 nuper
721 2709 751 2735 in
765 2710 861 2736 certis
876 2710 1019 2738 ecclesiis
1033 2712 1065 2739 in
1107 2706 1110 2707 ⁷

427 2755 594 2782 canonicos
616 2757 748 2792 recepti,
770 2757 963 2792 praebendas
984 2767 1065 2787 asse-

426 2808 566 2839 quantur
592 2805 623 2831 in
653 2806 772 2834 eisdem
798 2806 952 2838 ecclesiis,
972 2808 1064 2843 juxta

427 2853 645 2888 receptionum
665 2863 798 2891 suarum
820 2855 974 2885 ordinem.
1081 2865 1143 2885 tome
1158 2865 1189 2886 ιιι

461 2902 615 2937 Episcopo
645 2903 850 2931 Cathaniensi
873 2905 1001 2933 mandat
1025 2908 1082 2939 ut!
1115 2907 1276 2942 36412210

1097 1349 1159 1368 tome
1174 1349 1206 1369 111

1372 661 1441 688 ’1263

1354 718 1423 737 nov.
1445 711 1472 738 5.

1388 1014 1402 1029 ))

1378 2090 1391 2104 1)

1376 2534 1388 2547 1)

1463 1014 1476 1030 1)

1461 1357 1473 1371 1)

1454 2092 1467 2105 ))

1447 2534 1460 2548 ))

1517 662 1631 691 Orvieto.

2310 329 2385 353 Pages.
2418 330 2524 349 *tumeres

1676 370 1883 400 Guillelmum
1922 373 2069 408 Malpilii,
2110 375 2308 410 capellanum

1676 419 1726 446 G..
1756 428 1782 447 s⁴
1809 420 1936 456 Georgii
1965 422 2001 448 ad
2032 423 2141 450 Velum
2169 426 2305 452 Aureum

1676 468 1799 496 diaconi
1836 470 2017 501 cardinalis,
2055 472 2177 499 nullum
2212 473 2315 500 authu-2

1677 517 1862 545 beneficium
1891 523 2084 553 assecutum,
2114 522 2144 548 in
2177 522 2309 549 ecclesia

1675 568 1834 594 Aversana
1850 569 1880 594 in
1897 569 2080 596 canonicum
2098 570 2198 605 recipi
2217 571 2313 598 saciat

1675 616 1767 650 eique
1790 616 1826 643 de
1849 618 2026 651 praebenda
2044 619 2221 653 provideat.

1710 665 1824 692 Abbati
1850 668 2032 694 monasterii
2052 668 2089 694 de
2116 668 2308 701 Ettenheim,
2326 671 2330 702 1
2365 670 2416 696 307
2435 670 2524 702 12219

1675 714 1916 748 Argentinensis
1944 715 2089 749 diocesis,
2119 717 2246 744 mandat
2277 721 2311 744 ut

1673 762 1810 789 Henrico
1826 762 1862 789 de
1879 763 2085 793 Achenheim‚
2101 768 2247 793 canonico
2264 774 2310 792 ec—

1674 811 1789 838 clesiae
1828 820 1852 838 s.
1887 812 2026 840 Tltomae
2058 814 2310 848 ArgentinensiS.

1676 860 1837 894 capellano
1850 860 1894 892 J„
1910 869 1950 888 ss.
1967 862 2098 889 Cosmae
2116 865 2147 889 et
2165 863 2310 891 Damiani

1672 908 1797 935 diaconi
1818 909 2000 942 cardinalis
2020 911 2057 937 de
2079 911 2258 946 praebenda
2279 913 2308 939 in

1672 958 1780 985 eadem
1800 958 1933 986 ecclesia
1952 960 2127 995 provideat.
2159 980 2164 983 ,

1709 1007 1953 1043 Archiepiscopo
1978 1009 2157 1036 Coloniensi
2182 1010 2328 1043 mandat!
2358 1010 2415 1038 368
2433 1012 2437 1043 Ι
2454 1010 2524 1038 2220

1672 1058 1706 1081 ut
1729 1055 1934 1083 Lambertum
1958 1057 1995 1084 de
2016 1058 2132 1085 Leodio
2150 1058 2312 1093 clericum,

1672 1103 1801 1131 obtentu
1830 1105 1973 1138 Henrici,
2003 1107 2175 1141 praepositi
2207 1107 2308 1134 eccle-

1671 1154 1735 1180 siae
1753 1160 1794 1181 ss.
1818 1155 2040 1189 Apostolorum
2064 1156 2095 1182 in
2116 1156 2258 1189 Colonia,
2278 1156 2307 1183 in

1672 1202 1807 1231 ecclesia
1825 1212 1850 1230 s.
1873 1204 1994 1231 Mariae
2017 1204 2055 1231 ad
2075 1205 2197 1232 Gradus
2218 1205 2311 1232 Colo—

1671 1252 1790 1278 niensis
1816 1252 1848 1279 in
1878 1253 2062 1281 canonicum
2086 1254 2185 1289 recipi
2213 1254 2308 1281 faciat

1671 1302 1763 1336 eique
1781 1300 1818 1327 de
1834 1301 2014 1336 praebenda
2030 1303 2207 1337 provideat,

1704 1349 1859 1385 Episcopo
1889 1350 2093 1378 Cathaniensi
2119 1352 2247 1378 mundat
2267 1355 2303 1378 ut
2320 1352 2325 1386 1
2358 1351 2411 1379 380
2429 1351 2520 1383 12333

1668 1398 1803 1426 Geraldo
1819 1399 1856 1425 de
1878 1399 1985 1433 Podio,
2002 1399 2229 1428 Xanctonensis
2245 1401 2310 1428 dio·

1669 1447 1759 1479 cesis,
1791 1448 1996 1475 commensali
2018 1449 2163 1483 magistri
2189 1449 2305 1477 Odonis

1668 1496 1810 1531 Capocii,
1836 1496 1990 1531 capellani
2023 1498 2201 1532 apostolici,
2233 1498 2305 1525 nul-

1668 1545 1734 1572 lum
1759 1545 1861 1572 adhuc
1880 1546 2069 1574 beneficium
2092 1549 2246 1577 assecuto,
2269 1547 2305 1574 de

1667 1591 1774 1627 aliquo
1792 1592 2119 1628 archipresbyteratu,
2138 1602 2209 1622 cum
2229 1603 2306 1621 cura

1668 1640 1716 1667 vel
1739 1641 1806 1668 sine
1833 1650 1918 1672 cura,
1942 1643 2032 1677 cujus
2059 1646 2229 1677 proventus
2253 1652 2310 1670 an-

1666 1697 1765 1717 nuum
1802 1691 1942 1718 valorem
1978 1692 2112 1726 triginta
2149 1692 2303 1719 librarum

1668 1740 1730 1765 tur.
1760 1746 1820 1765 non
1850 1739 2011 1775 excedant,
2041 1739 2079 1766 ad
2105 1739 2306 1768 collationem

1667 1786 1884 1815 archidiaconi
1938 1788 2166 1815 Xanctonensis
2219 1796 2303 1824 spec-

1665 1838 1762 1867 tante,
1789 1838 1821 1864 in
1851 1837 1958 1864 eadem
1984 1837 2101 1865 diocesi
2126 1837 2302 1872 provideat.

1700 1885 1751 1917 G„
1792 1885 1880 1913 tituli
1916 1894 1939 1913 s.
1981 1886 2081 1913 Marci
2117 1881 2324 1921 presbytero!
2359 1887 2432 1921 2091
2464 1887 2519 1915 438

1666 1934 1835 1969 cardinali,
1868 1938 2002 1966 curtem,
2037 1937 2202 1970 grangiam
2235 1935 2302 1963 sive

1664 1984 1793 2011 domum
1808 1984 1845 2011 de
1857 1984 2067 2019 Haisonvilla,
2082 1985 2305 2012 Laudunensis

1664 2033 1810 2066 diocesis,
1831 2033 1964 2061 confert.

1698 2082 1891 2118 Episcopum
1914 2085 1943 2110 et
1970 2082 2228 2110 archidiaconum
2246 2083 2303 2110 Ni·
2322 2085 2326 2116 1
2359 2084 2409 2111 135
2425 2085 2431 2116 1
2448 2084 2517 2112 1173

1663 2132 1882 2167 gripontenses
1914 2131 2092 2159 collationis
2119 2135 2304 2159 executores

1661 2181 1827 2208 constituit
1859 2181 2063 2208 canonicatus
2094 2185 2122 2209 et
2152 2181 2301 2216 praeben-

1661 2230 1717 2256 dae
1735 2230 1766 2256 in
1785 2229 1920 2257 ecclesia
1937 2229 2163 2262 Corinffliensi,
2185 2231 2305 2264 magis-

1663 2280 1710 2305 tro
1731 2278 1872 2305 Andreae
1894 2278 2008 2305 factae.

1697 2326 1845 2362 Indulget
1871 2329 1906 2354 ut
1931 2327 1967 2353 de
2000 2327 2090 2355 bonis
2114 2326 2226 2355 illicite
2253 2329 2321 2359 38-1
2355 2328 2428 2359 2071
2460 2327 2515 2356 433

1660 2376 1790 2411 quisitis
1811 2378 1841 2402 et
1862 2375 1898 2402 de
1929 2375 2061 2403 consilio
2088 2376 2299 2403 Ariminensis

1660 2424 1798 2460 episcopi
1823 2424 1856 2451 in
1885 2425 1952 2459 pios
1976 2433 2053 2451 usus
2078 2425 2200 2460 integre
2225 2432 2300 2452 con-

1657 2474 1768 2501 versis,
1785 2473 1873 2500 nulla
1891 2473 2053 2501 restitutio
2069 2474 2135 2500 fiat.

1696 2522 1851 2556 Magistro
1876 2522 2014 2556 Hugoni,
2043 2522 2127 2549 dicto
2151 2521 2314 2555 Buryundo,
2333 2522 2427 2556 14:391
2459 2523 2514 2550 924

1659 2571 1808 2598 canonico
1834 2570 1986 2598 ecclesiae
2008 2579 2031 2599 s.
2059 2571 2211 2598 Mederici
2236 2571 2299 2598 Pa-

1658 2620 1811 2649 risiensis.
1829 2620 1995 2655 capellano
2009 2620 2159 2654 Ancheri,
2177 2628 2201 2648 S.
2220 2621 2294 2647 Pra-

1658 2668 1745 2695 xedis
1777 2668 1955 2704 presbyteri
1986 2669 2170 2699 cardinali&
2192 2668 2298 2704 capel—

1658 2717 1739 2747 lano,
1754 2717 2039 2751 obtentu-ejusdem
2059 2717 2240 2749 cardinalis,
2257 2718 2295 2746 de

1657 2766 1842 2793 canonicatu
1863 2769 1891 2793 et
1922 2766 2103 2802 praebenda
2131 2767 2163 2794 in
2192 2766 2294 2794 eccle-

1654 2816 1701 2842 sia
1719 2815 2204 2843 s.⁴Germani-Autisiodorensis
2230 2816 2292 2843 Pa-

1654 2863 1799 2890 risiensis
1825 2863 1982 2899 providet,
2002 2863 2173 2891 dummodo
2194 2864 2298 2892 locum

1655 2915 1687 2939 et
1706 2912 1916 2948 praebendam
1942 2921 1966 2941 s,
1989 2912 2081 2941 Pauli
2104 2912 2141 2941 de
2162 2914 2295 2942 Sancto-

2330 628 2390 647 tome
2405 628 2433 647 111

2330 969 2391 987 tome
2407 968 2437 987 111

2323 1311 2383 1330 [ome
2399 1310 2429 1329 111

2328 2040 2430 2060 tomelli
