2519 3262
1023 170 1259 209 TROIsOEME
1290 171 1453 209 ANNEE.

294 265 390 296 1246

736 264 859 295 Orvieto,
878 263 1042 299 3111100111·
1063 263 1140 289 1202.

236 349 327 380 Quum
338 348 454 375 Thomae
466 349 500 375 de
513 349 649 381 (iraham,
662 350 798 382 perpetuo
808 348 914 374 vicario
930 347 1057 374 ecclcsiae
1074 347 1108 373 de
1124 347 1214 381 Tyke-

200 397 280 429 hilla,
297 398 484 424 Eboraceusis
497 397 630 431 diocesis,
646 398 806 432 portionem
821 405 908 431 quam
926 396 954 422 in
970 397 1072 422 cadem
1090 395 1213 422 ecclesia

200 447 288 473 abbas
297 449 324 473 et
334 450 489 474 conventus
499 447 667 474 monasterii
678 456 700 473 s.
711 446 833 473 Oswaldi
844 445 1038 479 percipiebant
1050 453 1115 471 cuin
1125 444 1212 470 certis

201 496 334 522 domibus
362 496 549 528 concesserit,
567 503 599 522 ea
626 496 764 522 duntaxat
790 493 951 521 conditione
972 496 999 519 ut
1023 493 1212 527 quadraginta

201 552 313 571 marcas
332 545 539 579 sterlingorum
558 544 708 571 annuatim
722 544 832 570 eisdem
851 542 1005 577 persolvat,
1019 541 1213 576 infrascriptis

202 594 321 620 mandat
345 596 376 620 ut
398 594 614 620 concessionem
636 592 814 626 praedictam
840 590 1000 617 executioni
1026 591 1212 617 demandent.

203 642 283 676 (Rae,
300 643 343 673 29,
363 642 412 669 sol.
437 643 485 669 11111
506 647 542 671 v0,
559 648 590 667 n⁰
608 642 687 672 295.)

243 749 257 767 «
273 737 500 768 Arclzicliacono
515 737 688 776 Leycestrie
705 737 733 766 in
751 736 875 766 ecclesia
891 736 1095 766 Line-olniensi
1107 741 1210 776 etpre-

202 791 316 821 0001011
328 789 450 820 ecclesie
465 797 569 820 sancte
596 791 693 820 Mat-ie
710 790 745 819 de
764 790 968 825 811111011111110,
1002 789 1215 819 ll'z'ntonimzsis

202 844 338 874 diocesis.
363 844 575 874 Conveniens
599 843 806 874 arbitramur
825 846 856 874 et
881 845 1144 874 consentaneum
1163 852 1212 873 ra-

202 897 286 927 tioni
305 899 340 927 ut
360 897 579 927 ecclesiarum
599 897 747 927 ministri
766 906 881 927 earum
901 898 1133 927 sustententur
1158 897 1215 926 sti-

202 950 338 989 pendiis
356 959 499 989 quarum
518 952 596 980 sunt
616 950 791 989 obsequiis
813 950 975 989 deputati.
995 953 1080 980 ¹<ane
1097 950 1215 988 petitio

202 1003 316 1034 dilecti
335 1003 398 1033 filii
421 1003 548 1034 Thome
565 1004 604 1033 de
622 1003 782 1037 Gratiam,
803 1004 957 1042 perpetui
973 1003 1092 1033 vicarii
1114 1003 1216 1033 eccle-

203 1057 252 1087 sie
270 1057 310 1087 de
326 1056 519 1096 Tykehilla,
536 1056 761 1087 Eboracensis
777 1056 935 1093 diocesis,
951 1056 1049 1086 nobis
1066 1056 1217 1087 exhibita

203 1110 396 1141 continebat
425 1110 526 1149 quod,
554 1109 638 1140 bone
665 1110 827 1140 memorie
855 1110 1067 1144 XVillelmus,
1094 1109 1217 1140 Ebora-

203 1163 314 1194 censis
342 1163 630 1202 archiepiscopus,
661 1163 701 1193 de
728 1172 895 1194 consensu
922 1163 1064 1202 capituli
1084 1163 1149 1199 sui,
1168 1172 1216 1193 ec-

205 1217 344 1247 clesiam
368 1217 407 1247 de
430 1217 621 1256 Tykehilla,
652 1217 747 1256 cujus
767 1217 839 1256 ipse
860 1217 1008 1247 Thomas
1033 1218 1218 1256 perpetuus

203 1270 321 1301 existIt
337 1270 499 1307 vicarius,
517 1270 744 1300 Eboracensis
762 1270 919 1306 diocesis,
939 1270 1075 1300 dilectis
1094 1270 1173 1300 tiliis
1191 1293 1216 1298 ..

206 1323 312 1362 priori
325 1325 356 1354 et
375 1323 554 1354 conventui
570 1324 769 1354 monasterii
787 1324 895 1354 sancti
914 1324 1073 1360 Oswaldi,
1089 1324 1218 1354 ordinis

205 1377 312 1407 sancti
331 1377 527 1416 Augustini,
543 1377 630 1408 dicte
657 1377 814 1413 diocesis,
832 1377 983 1416 patronis
1002 1377 1153 1416 ejusdem
1168 1386 1219 1407 ec-

204 1430 320 1467 clesie,
338 1431 372 1460 in
398 1431 554 1469 proprios
579 1439 662 1460 usus
683 1431 861 1467 concessit,
879 1432 911 1461 et
925 1431 1119 1470 hujusmodi
1143 1440 1219 1461 con-

206 1484 316 1513 cessio
340 1483 557 1522 postmodum
587 1492 647 1522 per
677 1484 791 1514 sedem
817 1484 1036 1522 apostolicam
1054 1485 1087 1514 in
1111 1484 1218 1514 forma

206 1537 377 1567 communi
402 1536 514 1567 extitit
540 1537 748 1567 confirmata.
765 1537 859 1567 Idem
878 1546 1010 1576 quoque
1038 1537 1219 1575 archiepis-

206 1598 322 1629 copuS,
343 1590 384 1620 ad
402 1590 436 1620 id
454 1599 620 1620 consensu
644 1590 751 1620 simili
770 1591 959 1626 accedente,
983 1593 1100 1620 taxans
1121 1591 1155 1620 in
1171 1599 1220 1620 ec-

205 1643 310 1673 clesia
333 1643 408 1682 ipsa
431 1645 628 1682 perpetuam
658 1643 832 1679 vicariam,
869 1644 1056 1682 assignavit
1091 1644 1219 1674 eisdem

206 1696 311 1735 priori
331 1698 363 1727 et
388 1697 567 1726 conventui
589 1698 715 1726 certam
735 1697 773 1727 de
794 1697 903 1735 ipsius
924 1697 1064 1727 ecclesie
1081 1705 1218 1735 proven-

206 1749 299 1780 tibus
316 1750 517 1788 portionem‚
538 1758 667 1780 necnon
688 1751 720 1780 et
737 1750 903 1788 quasdam
923 1751 1031 1780 terras
1050 1751 1081 1780 et
1101 1750 1219 1780 domos

207 1803 247 1833 ad
260 1806 398 1833 eandem
411 1803 588 1833 ecclesiam
605 1803 826 1841 pertinentes,
843 1803 984 1841 reliquis
998 1803 1138 1833 ecclesie
1149 1811 1221 1841 pre-

207 1856 273 1886 fate
300 1856 521 1895 proventibus
549 1856 686 1886 vicariis
705 1856 832 1886 ibidem
854 1857 1034 1886 servituris
1055 1858 1218 1895 perpetuo

208 1910 403 1940 reservatis.
434 1910 561 1939 Verum
588 1909 740 1948 prefatus
771 1909 930 1945 Thomas,
957 1919 1114 1940 asserens
1132 1910 1220 1948 quod

207 1963 489 1993 01000310111111113
506 1965 538 1993 01
556 1964 740 2002 proventus
757 1963 867 2001 ipsius
883 1963 1024 1993 ecclesie
1043 1965 1075 1993 et
1093 1963 1220 2002 capelle

206 2017 246 2046 de
260 2016 445 2052 Staintone,
457 2015 498 2046 ab
512 2016 628 2046 eadem
644 2016 786 2046 ecclesia
796 2016 1029 2054 dependentis,
1041 2024 1221 2046 connume-

207 2071 279 2100 rata
295 2070 396 2101 etiam
415 2070 568 2108 portione
586 2069 712 2099 vicario
731 2070 901 2108 deputata,
920 2078 978 2108 pro
1000 2070 1222 2109 quadraginta

209 2123 333 2154 marcis
359 2123 599 2162 sterlingorum
630 2123 815 2153 secundum
843 2131 1056 2153 communem
1080 2123 1221 2153 extima-

208 2177 338 2207 tionem
367 2176 473 2215 patrie
493 2177 570 2206 sunt
588 2176 707 2212 taxati,
725 2177 758 2207 et
776 2175 866 2215 quod
885 2176 1010 2206 vicaria
1028 2176 1221 2215 hujusmodi

209 2231 262 2260 est
279 2230 361 2260 adeo
379 2229 492 2260 tenuis
521 2230 553 2260 01
580 2229 681 2260 exilis
701 2229 802 2268 quod,
822 2229 975 2260 deductis
997 2230 1221 2261 incumbenti-

210 2284 274 2314 bus
292 2283 358 2313 sibi
385 2283 514 2313 ratione
530 2283 639 2322 ipsius
663 2283 787 2313 vicarie
807 2282 978 2320 oneribus,
997 2293 1038 2314 ex
1056 2284 1127 2314 11113
1151 2293 1223 2323 pro·

210 2336 369 2367 ventibus
397 2337 454 2375 qui
486 2339 618 2366 sextam
654 2338 784 2375 partem
815 2338 1039 2375 proventuum
1071 2337 1223 2376 ejusdem

211 2389 353 2420 ecclesie
381 2389 439 2419 vix
465 2390 641 2426 excedunt,
670 2389 788 2428 nequit
818 2390 992 2420 commode
1024 2391 1222 2428 sustentari,

210 2442 308 2474 nobis
328 2442 506 2473 humiliter
523 2442 728 2481 supplicavit
746 2444 793 2479 ut,
813 2451 889 2473 01110
904 2443 976 2482 ipse
994 2453 1053 2482 pro
1069 2444 1223 2483 portione

212 2505 314 2536 quam
342 2495 510 2526 nominati
530 2496 651 2535 p[ri]0r
671 2497 702 2526 et
728 2496 912 2527 conventus
931 2497 965 2526 in
993 2497 1155 2536 predictis
1174 2507 1223 2528 ec-

213 2549 317 2580 clesia
334 2551 365 2579 et
377 2548 507 2588 capella
518 2548 720 2587 percipiunt,
734 2549 820 2588 ipsis
830 2550 1054 2590 quadraginta
1070 2551 1225 2582 marchas

215 2603 457 2642 sterlingorum
494 2601 654 2632 exhibere
681 2602 780 2632 annis
816 2603 962 2642 singulis
991 2604 1035 2634 sit
1072 2606 1221 2644 paratus,

215 2656 393 2696 providere
412 2655 479 2686 sibi
503 2664 604 2695 super
626 2655 688 2686 hoc
715 2657 854 2695 paterna
881 2657 1111 2688 sollicitudine
1130 2668 1226 2689 cura-

217 2719 342 2741 remus.
362 2710 446 2740 Cum
475 2709 578 2749 igitur
596 2709 717 2740 decens
735 2709 778 2741 sit
792 2711 828 2740 ut
844 2709 916 2749 ipse
935 2711 992 2749 qui
1010 2720 1123 2741 curam
1139 2713 1225 2751 gerit

215 2763 515 2802 parrochianorum
531 2762 673 2793 ecclesie
689 2762 870 2801 sepedicte‚
885 2763 1038 2802 ipsisque
1056 2765 1227 2796 ministrat

216 2816 447 2848 ecclesiastica
464 2817 686 2853 sacramenta,
701 2816 826 2855 quique
843 2815 1111 2855 hospitalitatem
1128 2819 1226 2857 juxta

215 2871 325 2910 patrIe
342 2879 473 2901 morem
497 2869 674 2904 servando,
692 2869 900 2908 multiplices
918 2870 1174 2908 inevitabiliter,
1192 2874 1227 2903 ut

2224 186 2279 216 155

1270 263 1403 297 asserit,
1418 263 1508 293 subit
1522 272 1689 302 expensas
1704 267 1735 295 et
1754 266 1820 295 alia
1837 275 1939 296 onera
1954 268 2067 297 onmia
2085 269 2278 300 incumben-

1270 316 1315 346 tia
1332 316 1472 346 ecclesie
1490 317 1617 355 presate
1635 318 1747 348 debita
1764 321 1795 349 et
1813 322 1972 350 consueta
1989 324 2178 359 supportat,
2192 323 2278 352 sicut

1269 369 1301 398 in
1322 369 1560 407 spiritualibus
1583 371 1631 400 310
1658 373 1689 401 et
1713 372 1745 401 in
1772 373 2018 411 temporalibus
2039 375 2276 411 ministrando,

1269 422 1383 461 sicque
1409 422 1506 461 plene
1530 424 1860 455 administrationem
1878 427 2024 465 gerendo
2046 427 2156 465 ipsius
2177 428 2278 458 eccle-

1269 475 1329 509 sie,
1361 475 1426 505 sibi
1455 477 1541 506 circa
1570 479 1800 516 supportanda
1825 479 2016 517 hujusmodi
2040 490 2142 511 onera
2172 482 2280 520 possit

1270 528 1389 558 utilius
1418 530 1608 568 providere,
1637 540 1708 567 nos,
1730 532 1839 570 ipsius
1859 533 2168 571 supplicationibus
2188 534 2280 564 incli-

1269 582 1350 618 nati,
1369 582 1504 613 salubre
1520 584 1607 613 circa
1625 585 1773 622 predicta
1791 586 2003 616 intendentes
2020 588 2207 617 remedium
2227 588 2280 617 ad-

1269 635 1396 672 hibere,
1414 637 1602 675 portionem
1622 638 1815 676 hujusmodi
1838 648 1937 678 quam
1958 640 2023 679 ipsi
2042 641 2134 679 prior
2154 642 2185 671 et
2206 650 2279 670 con-

1269 690 1390 719 ventus
1411 689 1446 719 in
1475 690 1575 720 dictis
1599 692 1739 721 ecclesia
1758 694 1789 722 et
1819 693 1947 731 capella
1973 694 2175 732 percipiunt,
2205 703 2281 723 cum

1270 742 1427 772 domibus
1449 744 1480 773 et
1505 744 1606 773 terris
1634 744 1787 783 prefatis,
1808 746 1897 776 veris
1916 747 2143 777 existentibus
2162 756 2224 785 que
2242 747 2281 777 de

1270 796 1443 826 taxatione
1471 796 1665 835 hujusmodi
1694 800 1725 828 et
1750 799 1828 828 aliis
1858 800 2016 837 superius
2033 802 2278 839 proponuntur,

1272 848 1338 879 sibi
1367 858 1427 888 per
1450 852 1583 881 nostras
1609 851 1740 881 litteras
1770 852 1931 882 duximus
1958 853 2217 889 concedendam,
2242 853 2283 883 ab

1271 902 1358 940 ipso,
1378 903 1487 941 quoad
1505 904 1640 940 vixerit,
1657 905 1881 942 retinendam,
1900 906 2051 944 predicta
2066 907 2282 937 concessione

1272 955 1518 995 archiepiscopi
1544 966 1609 987 non
1643 957 1808 995 obstante,
1837 959 1884 988 ita
1912 960 2024 989 tamen
2050 961 2138 998 quod
2157 968 2217 998 pro
2234 968 2284 990 ea-

1273 1009 1348 1039 dem
1376 1010 1530 1048 portione
1558 1011 1780 1050 quadraginta
1812 1020 1943 1042 marcas
1971 1013 2212 1051 sterlingorum
2229 1022 2285 1043 an—

1273 1063 1403 1093 nuatiin
1432 1063 1569 1094 exolvat
1597 1064 1702 1102 priori
1731 1066 1763 1095 et
1799 1066 1978 1096 conventui
2013 1067 2220 1103 memoratis,
2245 1067 2285 1096 ad

1274 1116 1362 1155 quod
1380 1116 1493 1155 ipsum
1512 1126 1648 1148 manere
1669 1118 1880 1148 decrevimus
1904 1119 2102 1157 obligatum.
2123 1120 2286 1154 Quocirca

1274 1170 1476 1200 mandamus
1499 1172 1666 1209 quatenus
1695 1172 1838 1202 eundem
1863 1172 2027 1202 vicarium
2044 1173 2077 1202 in
2099 1173 2286 1212 possessio-

1275 1232 1351 1253 nem
1370 1224 1457 1254 dicte
1481 1224 1648 1262 portionis
1676 1234 1713 1255 ac
1728 1227 1896 1256 terrarum
1915 1227 1946 1256 et
1963 1226 2140 1256 domorum
2161 1226 2288 1265 predic-

1276 1277 1398 1312 tarum,
1418 1276 1516 1315 juxta
1534 1277 1765 1308 concessionis
1783 1279 1815 1308 et
1831 1278 2074 1317 assignationis
2091 1278 2285 1318 hujusmodi

1275 1331 1390 1359 nostre
1408 1331 1571 1367 tenorem,
1590 1339 1651 1360 vos
1664 1331 1715 1361 vel
1734 1331 1818 1361 alter
1835 1332 1998 1368 vestrum,
2017 1341 2076 1370 per
2088 1340 2148 1362 vos
2160 1332 2213 1362 vel
2228 1341 2287 1371 per

1276 1383 1381 1412 alium
1392 1383 1547 1413 seualios
1565 1384 1734 1414 inducatis
1751 1386 1781 1415 et
1799 1384 1989 1415 defendatis
2009 1385 2194 1415 inductum.
2212 1386 2287 1416 Non

1276 1437 1430 1467 obstante
1441 1437 1470 1466 si
1482 1453 1531 1465 -.
1546 1438 1819 1469 Contradictores
1830 1439 1893 1469 etc.
1904 1447 2012 1477 usque
2030 1440 2285 1478 compescendo.

1275 1490 1399 1519 Datum
1430 1490 1518 1528 apud
1547 1490 1834 1528 Urbemveterem,
1862 1501 1899 1521 111
1918 1491 2082 1522 kalendas
2111 1491 2285 1527 februarii,

1276 1551 1362 1573 anno
1381 1543 1491 1573 tertio.
1512 1553 1527 1571 n

1369 1732 1463 1762 1247
1815 1731 1940 1764 OrvietO,
1959 1731 2115 1766 sojanvier
2138 1732 2215 1759 1204.

1312 1815 1451 1849 Episcopo
1467 1817 1495 1842 ct
1515 1815 1640 1849 capitulo
1657 1815 1939 1843 Barchinonensibus
1965 1818 2080 1843 mundat
2103 1821 2131 1844 ut
2150 1818 2287 1844 Jacobum

1275 1864 1309 1890 de
1327 1864 1440 1897 Olorda,
1462 1864 1633 1891 canonicum
1653 1864 1881 1899 Majoriceusem,
1902 1865 1930 1891 iu
1959 1865 2128 1893 canonicum
2148 1867 2288 1901 recipiant

1276 1913 1357 1947 cique
1381 1914 1416 1940 dc
1440 1914 1592 1948 praebendu
1617 1914 1796 1948 provideant.
1825 1915 1902 1949 111Εο.
1925 1915 1969 1948 29,
1992 1914 2038 1942 l'ol.
2063 1915 2122 1945 101,
2147 1920 2178 1942 n0
2201 1917 2274 1950 290.)

1318 2032 1332 2052 ‹<
1353 2022 1512 2062 Episcopo
1528 2028 1556 2052 et
1581 2023 1699 2053 dilectis
1724 2023 1800 2063 siliis
1828 2024 1962 2064 capitulo
1980 2025 2287 2055 Barclzinonensibus.

1278 2077 1496 2107 Intendentes
1525 2077 1645 2107 dilecto
1671 2078 1741 2108 filio
1757 2096 1805 2106 —.
1826 2079 1950 2109 Datum
1968 2079 2055 2117 apud
2075 2079 2291 2111 Urbemvete-

1279 2139 1362 2167 rem,
1381 2140 1416 2160 111
1435 2130 1599 2161 kalendas
1620 2131 1794 2168 februarii,
1814 2140 1899 2162 anno
1917 2133 2028 2162 tertio.
2055 2142 2069 2161 >›

1372 2318 1468 2349 1248

1820 2317 1944 2348 Orviem,
1964 2319 1997 2345 227
2012 2318 2127 2353 janvier
2144 2318 2220 2345 1202.

1316 2401 1512 2436 infrascriptis
1543 2401 1661 2428 mandat
1697 2400 1945 2435 archiepiscopum
1978 2400 2178 2428 Coloniensem
2212 2401 2293 2428 indu-

1281 2453 1347 2477 cant
1363 2453 1392 2478 ut
1407 2451 1576 2484 Arnoldum,
1594 2450 1774 2484 capellanum
1790 2450 1991 2484 apostolicum,
2012 2453 2112 2477 natum
2127 2450 2242 2478 comitis
2261 2451 2294 2478 de

1283 2500 1347 2534 Los,
1364 2500 1390 2526 in
1408 2500 1594 2535 praepositum
1604 2498 1741 2526 ccclesiae
1757 2499 1924 2526 Leodiensis
1935 2499 2023 2534 recipi
2040 2499 2135 2527 faciat.
2153 2500 2231 2535 111011.
2247 2501 2292 2533 29,

1283 2549 1332 2575 sol.
1349 2549 1410 2578 101,
1430 2555 1459 2575 n⁰
1476 2549 1550 2582 297.)

1322 2659 1467 2690 «Abbati
1486 2659 1746 2699 E111·ehodien[si],
1766 2659 2055 2690 Premonstrolenms
2072 2660 2200 2698 ordinis,
2222 2661 2295 2691 Leo-

1282 2712 1393 2742 diensis
1415 2713 1554 2750 diocesis,
1576 2713 1643 2749 Th„
1663 2712 1878 2743 archidiacono
1901 2713 1936 2744 cle
1955 2714 2133 2744 Blonlrelzen
2160 2715 2191 2744 ι’1ι
2208 2714 2298 2745 eccle·

1282 2767 1327 2796 sia
1346 2766 1537 2802 Treverensi,
1553 2771 1580 2796 et
1598 2766 1757 2796 scolastico
1779 2766 1900 2797 ecclesie
1923 2768 2026 2797 sancti
2044 2767 2188 2798 Get-conis
2210 2767 2296 2798 Colo-

1285 2820 1407 2850 niensis.
1436 2820 1588 2851 Dilectus
1616 2820 1708 2850 filius
1731 2820 1915 2857 Arnoldus,
1943 2821 2140 2860 capellanus
2170 2824 2295 2859 noster,

1285 2875 1388 2904 natus
1406 2873 1531 2904 nobilis
1549 2874 1613 2904 viri
1628 2897 1634 2903 .
1651 2897 1657 2904 .
1677 2873 1812 2904 comitis
1829 2874 1868 2905 de
1887 2874 1966 2910 Los,
1983 2875 2177 2914 prepositus
2196 2875 2298 2906 eccle-
