<?xml version="1.0" encoding="UTF-8"?>
<!DOCTYPE html PUBLIC "-//W3C//DTD XHTML 1.0 Transitional//EN"
    "http://www.w3.org/TR/xhtml1/DTD/xhtml1-transitional.dtd">
<html xmlns="http://www.w3.org/1999/xhtml" xml:lang="en" lang="en">
 <head>
  <title>
</title>
<meta http-equiv="Content-Type" content="text/html;charset=utf-8" />
  <meta name='ocr-system' content='tesseract 3.04.00' />
  <meta name='ocr-capabilities' content='ocr_page ocr_carea ocr_par ocr_line ocrx_word'/>
</head>
<body>
  <div class='ocr_page' id='page_1' title='image "./lesregistresdurb34cath/lesregistresdurb34cath_0275.png"; bbox 0 0 2519 3262; ppageno 0'>
   <div class='ocr_carea' id='block_1_1' title="bbox 1042 173 1473 212">
    <p class='ocr_par' dir='ltr' id='par_1_1' title="bbox 1042 173 1473 212">
     <span class='ocr_line' id='line_1_1' title="bbox 1042 173 1473 212; baseline 0.005 -4"><span class='ocrx_word' id='word_1_1' title='bbox 1042 173 1280 210; x_wconf 68' lang='lat' dir='ltr'>TROISIPJME</span> <span class='ocrx_word' id='word_1_2' title='bbox 1311 175 1473 212; x_wconf 69' lang='lat' dir='ltr'>ANNFJE.</span> 
     </span>
    </p>
   </div>
   <div class='ocr_carea' id='block_1_2' title="bbox 212 262 1224 353">
    <p class='ocr_par' dir='ltr' id='par_1_2' title="bbox 212 262 1224 353">
     <span class='ocr_line' id='line_1_2' title="bbox 254 262 1222 302; baseline 0.001 -11"><span class='ocrx_word' id='word_1_3' title='bbox 254 273 266 291; x_wconf 75' lang='grc' dir='ltr'>(ι</span> <span class='ocrx_word' id='word_1_4' title='bbox 289 262 448 302; x_wconf 80' lang='lat' dir='ltr'><em>Episcopo</em></span> <span class='ocrx_word' id='word_1_5' title='bbox 470 262 662 292; x_wconf 65' lang='grc' dir='ltr'>ίάνηοκρηςὶ,</span> <span class='ocrx_word' id='word_1_6' title='bbox 681 263 763 292; x_wconf 89' lang='lat' dir='ltr'>Illos</span> <span class='ocrx_word' id='word_1_7' title='bbox 782 263 938 300; x_wconf 84' lang='lat' dir='ltr'>precipue</span> <span class='ocrx_word' id='word_1_8' title='bbox 956 264 1017 292; x_wconf 86' lang='lat' dir='ltr'>etc..</span> <span class='ocrx_word' id='word_1_9' title='bbox 1032 280 1081 293; x_wconf 85' lang='lat'>—.</span> <span class='ocrx_word' id='word_1_10' title='bbox 1100 263 1222 293; x_wconf 85' lang='lat' dir='ltr'>Datum</span> 
     </span>
     <span class='ocr_line' id='line_1_3' title="bbox 212 315 1224 353; baseline -0.001 -8"><span class='ocrx_word' id='word_1_11' title='bbox 212 316 299 353; x_wconf 86' lang='lat' dir='ltr'>apud</span> <span class='ocrx_word' id='word_1_12' title='bbox 318 315 607 350; x_wconf 85' lang='lat' dir='ltr'>Urbemveterem,</span> <span class='ocrx_word' id='word_1_13' title='bbox 629 325 663 344; x_wconf 84' lang='grc'>111</span> <span class='ocrx_word' id='word_1_14' title='bbox 681 316 843 345; x_wconf 81' lang='lat' dir='ltr'>kalendas</span> <span class='ocrx_word' id='word_1_15' title='bbox 863 316 955 348; x_wconf 90' lang='lat' dir='ltr'>maii,</span> <span class='ocrx_word' id='word_1_16' title='bbox 975 324 1061 345; x_wconf 89' lang='lat' dir='ltr'>auno</span> <span class='ocrx_word' id='word_1_17' title='bbox 1079 315 1189 345; x_wconf 83' lang='lat' dir='ltr'>tertio.</span> <span class='ocrx_word' id='word_1_18' title='bbox 1208 324 1224 344; x_wconf 87' lang='lat'>›&gt;</span> 
     </span>
    </p>
   </div>
   <div class='ocr_carea' id='block_1_3' title="bbox 786 484 1149 513">
    <p class='ocr_par' dir='ltr' id='par_1_3' title="bbox 786 484 1149 513">
     <span class='ocr_line' id='line_1_4' title="bbox 786 484 1149 513; baseline 0.006 -4"><span class='ocrx_word' id='word_1_19' title='bbox 786 484 910 513; x_wconf 71' lang='lat' dir='ltr'>Orvi0to,</span> <span class='ocrx_word' id='word_1_20' title='bbox 926 484 960 511; x_wconf 73' lang='lat'>28</span> <span class='ocrx_word' id='word_1_21' title='bbox 974 491 1052 510; x_wconf 85' lang='lat' dir='ltr'>mars</span> <span class='ocrx_word' id='word_1_22' title='bbox 1073 484 1149 512; x_wconf 66' lang='lat'><strong>1262.</strong></span> 
     </span>
    </p>
   </div>
   <div class='ocr_carea' id='block_1_4' title="bbox 303 486 400 516">
    <p class='ocr_par' dir='ltr' id='par_1_4' title="bbox 303 486 400 516">
     <span class='ocr_line' id='line_1_5' title="bbox 303 486 400 516; baseline 0 0"><span class='ocrx_word' id='word_1_23' title='bbox 303 486 400 516; x_wconf 65' lang='lat' dir='ltr'>›158ss</span> 
     </span>
    </p>
   </div>
   <div class='ocr_carea' id='block_1_5' title="bbox 208 567 1223 894">
    <p class='ocr_par' dir='ltr' id='par_1_5' title="bbox 208 567 1223 894">
     <span class='ocr_line' id='line_1_6' title="bbox 248 567 1223 603; baseline 0 -9"><span class='ocrx_word' id='word_1_24' title='bbox 248 569 384 603; x_wconf 69' lang='lat' dir='ltr'>Episcopo</span> <span class='ocrx_word' id='word_1_25' title='bbox 413 567 615 595; x_wconf 68' lang='lat' dir='ltr'>Concordiensi</span> <span class='ocrx_word' id='word_1_26' title='bbox 643 569 761 594; x_wconf 79' lang='lat' dir='ltr'>mandat</span> <span class='ocrx_word' id='word_1_27' title='bbox 790 568 914 601; x_wconf 78' lang='lat' dir='ltr'>inquirat</span> <span class='ocrx_word' id='word_1_28' title='bbox 937 568 964 593; x_wconf 92' lang='grc'>111</span> <span class='ocrx_word' id='word_1_29' title='bbox 991 568 1132 594; x_wconf 84' lang='lat' dir='ltr'>decanum</span> <span class='ocrx_word' id='word_1_30' title='bbox 1155 569 1223 594; x_wconf 80' lang='lat' dir='ltr'>Ter-</span> 
     </span>
     <span class='ocr_line' id='line_1_7' title="bbox 210 616 1220 651; baseline 0 -8"><span class='ocrx_word' id='word_1_31' title='bbox 210 618 354 651; x_wconf 80' lang='lat' dir='ltr'>gestinum</span> <span class='ocrx_word' id='word_1_32' title='bbox 371 619 397 643; x_wconf 82' lang='lat' dir='ltr'>et</span> <span class='ocrx_word' id='word_1_33' title='bbox 419 617 490 643; x_wconf 83' lang='lat' dir='ltr'>alios</span> <span class='ocrx_word' id='word_1_34' title='bbox 504 618 623 643; x_wconf 79' lang='lat' dir='ltr'>clericos</span> <span class='ocrx_word' id='word_1_35' title='bbox 640 616 687 650; x_wconf 86' lang='lat' dir='ltr'>qui</span> <span class='ocrx_word' id='word_1_36' title='bbox 708 616 843 642; x_wconf 78' lang='lat' dir='ltr'>fratribus</span> <span class='ocrx_word' id='word_1_37' title='bbox 859 616 967 642; x_wconf 83' lang='lat' dir='ltr'>ordinis</span> <span class='ocrx_word' id='word_1_38' title='bbox 988 617 1220 643; x_wconf 77' lang='lat' dir='ltr'>l&#39;raedicatorum</span> 
     </span>
     <span class='ocr_line' id='line_1_8' title="bbox 209 665 1220 699; baseline 0.001 -8"><span class='ocrx_word' id='word_1_39' title='bbox 209 665 329 692; x_wconf 79' lang='lat' dir='ltr'>,iohanni</span> <span class='ocrx_word' id='word_1_40' title='bbox 354 666 416 692; x_wconf 88' lang='lat' dir='ltr'>Ursi</span> <span class='ocrx_word' id='word_1_41' title='bbox 441 668 470 691; x_wconf 85' lang='grc'>61</span> <span class='ocrx_word' id='word_1_42' title='bbox 487 665 663 696; x_wconf 60' lang='lat' dir='ltr'>castellano,</span> <span class='ocrx_word' id='word_1_43' title='bbox 692 665 860 691; x_wconf 81' lang='lat' dir='ltr'>mandatum</span> <span class='ocrx_word' id='word_1_44' title='bbox 880 665 979 699; x_wconf 84' lang='lat' dir='ltr'>papale</span> <span class='ocrx_word' id='word_1_45' title='bbox 1000 674 1086 698; x_wconf 80' lang='lat' dir='ltr'>super</span> <span class='ocrx_word' id='word_1_46' title='bbox 1109 666 1220 699; x_wconf 71' lang='lat' dir='ltr'>praedi·</span> 
     </span>
     <span class='ocr_line' id='line_1_9' title="bbox 209 713 1222 748; baseline 0.001 -8"><span class='ocrx_word' id='word_1_47' title='bbox 209 715 321 741; x_wconf 72' lang='lat' dir='ltr'>catione</span> <span class='ocrx_word' id='word_1_48' title='bbox 343 715 440 741; x_wconf 86' lang='lat' dir='ltr'>Crucis</span> <span class='ocrx_word' id='word_1_49' title='bbox 456 717 554 740; x_wconf 80' lang='lat' dir='ltr'>contra</span> <span class='ocrx_word' id='word_1_50' title='bbox 574 714 706 740; x_wconf 76' lang='lat' dir='ltr'>Tartarus</span> <span class='ocrx_word' id='word_1_51' title='bbox 724 713 751 739; x_wconf 89' lang='lat' dir='ltr'>in</span> <span class='ocrx_word' id='word_1_52' title='bbox 771 713 842 740; x_wconf 82' lang='lat' dir='ltr'>sesto</span> <span class='ocrx_word' id='word_1_53' title='bbox 865 714 888 740; x_wconf 85' lang='lat' dir='ltr'>l).</span> <span class='ocrx_word' id='word_1_54' title='bbox 910 714 1045 748; x_wconf 69' lang='lat' dir='ltr'>stephani</span> <span class='ocrx_word' id='word_1_55' title='bbox 1064 716 1222 748; x_wconf 76' lang='lat' dir='ltr'>protomar-</span> 
     </span>
     <span class='ocr_line' id='line_1_10' title="bbox 209 762 1222 798; baseline -0.001 -8"><span class='ocrx_word' id='word_1_56' title='bbox 209 764 281 798; x_wconf 80' lang='lat' dir='ltr'>tyris</span> <span class='ocrx_word' id='word_1_57' title='bbox 303 763 330 789; x_wconf 93' lang='lat' dir='ltr'>in</span> <span class='ocrx_word' id='word_1_58' title='bbox 352 763 471 789; x_wconf 81' lang='lat' dir='ltr'>ecclesia</span> <span class='ocrx_word' id='word_1_59' title='bbox 494 762 660 796; x_wconf 71' lang='lat' dir='ltr'>Tergestina</span> <span class='ocrx_word' id='word_1_60' title='bbox 688 763 787 796; x_wconf 78' lang='lat' dir='ltr'>exequi</span> <span class='ocrx_word' id='word_1_61' title='bbox 813 762 985 794; x_wconf 80' lang='lat' dir='ltr'>volentibus,</span> <span class='ocrx_word' id='word_1_62' title='bbox 1008 763 1126 797; x_wconf 81' lang='lat' dir='ltr'>injurias</span> <span class='ocrx_word' id='word_1_63' title='bbox 1149 763 1222 789; x_wconf 89' lang='lat' dir='ltr'>intu-</span> 
     </span>
     <span class='ocr_line' id='line_1_11' title="bbox 210 811 1220 845; baseline 0 -7"><span class='ocrx_word' id='word_1_64' title='bbox 210 813 312 843; x_wconf 75' lang='lat' dir='ltr'>lerunt,</span> <span class='ocrx_word' id='word_1_65' title='bbox 330 819 433 845; x_wconf 84' lang='lat' dir='ltr'>eosque</span> <span class='ocrx_word' id='word_1_66' title='bbox 458 812 493 837; x_wconf 78' lang='lat' dir='ltr'>ad</span> <span class='ocrx_word' id='word_1_67' title='bbox 516 812 742 844; x_wconf 84' lang='lat' dir='ltr'>comparendum</span> <span class='ocrx_word' id='word_1_68' title='bbox 766 819 862 837; x_wconf 83' lang='lat' dir='ltr'>coram</span> <span class='ocrx_word' id='word_1_69' title='bbox 880 812 946 837; x_wconf 83' lang='lat' dir='ltr'>sede</span> <span class='ocrx_word' id='word_1_70' title='bbox 963 811 1121 845; x_wconf 80' lang='lat' dir='ltr'>apostolica</span> <span class='ocrx_word' id='word_1_71' title='bbox 1141 812 1220 838; x_wconf 80' lang='lat' dir='ltr'>citet.</span> 
     </span>
     <span class='ocr_line' id='line_1_12' title="bbox 208 859 935 894; baseline 0 -7"><span class='ocrx_word' id='word_1_72' title='bbox 208 861 288 893; x_wconf 73' lang='lat' dir='ltr'>(Rae.</span> <span class='ocrx_word' id='word_1_73' title='bbox 306 861 349 891; x_wconf 76' lang='lat'>29,</span> <span class='ocrx_word' id='word_1_74' title='bbox 368 860 415 887; x_wconf 84' lang='lat' dir='ltr'>sol.</span> <span class='ocrx_word' id='word_1_75' title='bbox 441 860 497 890; x_wconf 82' lang='lat'>155,</span> <span class='ocrx_word' id='word_1_76' title='bbox 515 864 547 885; x_wconf 85' lang='lat' dir='ltr'>n⁰</span> <span class='ocrx_word' id='word_1_77' title='bbox 564 860 631 892; x_wconf 76' lang='lat' dir='ltr'>03o;</span> <span class='ocrx_word' id='word_1_78' title='bbox 647 859 806 892; x_wconf 72' lang='grc' dir='ltr'><strong>ΡοττΗΑεΤ,</strong></span> <span class='ocrx_word' id='word_1_79' title='bbox 828 860 935 894; x_wconf 71' lang='grc'><strong>18842.)</strong></span> 
     </span>
    </p>
   </div>
   <div class='ocr_carea' id='block_1_6' title="bbox 206 964 1220 1102">
    <p class='ocr_par' dir='ltr' id='par_1_6' title="bbox 206 964 1220 1102">
     <span class='ocr_line' id='line_1_13' title="bbox 247 964 1220 1005; baseline 0 -9"><span class='ocrx_word' id='word_1_80' title='bbox 247 975 263 996; x_wconf 88' lang='lat'>«</span> <span class='ocrx_word' id='word_1_81' title='bbox 283 965 437 1005; x_wconf 75' lang='lat' dir='ltr'><em>Episcopo</em></span> <span class='ocrx_word' id='word_1_82' title='bbox 459 964 689 995; x_wconf 72' lang='lat' dir='ltr'>concordiensi.</span> <span class='ocrx_word' id='word_1_83' title='bbox 705 965 877 995; x_wconf 85' lang='lat' dir='ltr'>Horribile</span> <span class='ocrx_word' id='word_1_84' title='bbox 897 975 955 996; x_wconf 89' lang='lat' dir='ltr'>seu</span> <span class='ocrx_word' id='word_1_85' title='bbox 974 966 1157 996; x_wconf 83' lang='lat' dir='ltr'>nefandum</span> <span class='ocrx_word' id='word_1_86' title='bbox 1171 984 1220 995; x_wconf 82' lang='lat'>—.</span> 
     </span>
     <span class='ocr_line' id='line_1_14' title="bbox 206 1017 1219 1058; baseline 0.001 -10"><span class='ocrx_word' id='word_1_87' title='bbox 206 1019 330 1049; x_wconf 87' lang='lat' dir='ltr'>Datum</span> <span class='ocrx_word' id='word_1_88' title='bbox 346 1019 434 1057; x_wconf 87' lang='lat' dir='ltr'>apud</span> <span class='ocrx_word' id='word_1_89' title='bbox 452 1017 744 1054; x_wconf 86' lang='lat' dir='ltr'>Urbemveterem,</span> <span class='ocrx_word' id='word_1_90' title='bbox 764 1028 784 1048; x_wconf 90' lang='lat' dir='ltr'>v</span> <span class='ocrx_word' id='word_1_91' title='bbox 804 1019 967 1049; x_wconf 84' lang='lat' dir='ltr'>kalendas</span> <span class='ocrx_word' id='word_1_92' title='bbox 985 1019 1117 1058; x_wconf 78' lang='lat' dir='ltr'>aprilis,</span> <span class='ocrx_word' id='word_1_93' title='bbox 1133 1028 1219 1050; x_wconf 88' lang='lat' dir='ltr'>anno</span> 
     </span>
     <span class='ocr_line' id='line_1_15' title="bbox 206 1072 355 1102; baseline -0.007 0"><span class='ocrx_word' id='word_1_94' title='bbox 206 1072 318 1102; x_wconf 84' lang='lat' dir='ltr'>tertio.</span> <span class='ocrx_word' id='word_1_95' title='bbox 341 1081 355 1101; x_wconf 80' lang='grc'>))</span> 
     </span>
    </p>
   </div>
   <div class='ocr_carea' id='block_1_7' title="bbox 776 1240 1145 1269">
    <p class='ocr_par' dir='ltr' id='par_1_7' title="bbox 776 1240 1145 1269">
     <span class='ocr_line' id='line_1_16' title="bbox 776 1240 1145 1269; baseline 0 -3"><span class='ocrx_word' id='word_1_96' title='bbox 776 1240 900 1269; x_wconf 64' lang='grc'><strong>0111610,</strong></span> <span class='ocrx_word' id='word_1_97' title='bbox 920 1241 953 1268; x_wconf 74' lang='grc'>22</span> <span class='ocrx_word' id='word_1_98' title='bbox 974 1240 1048 1267; x_wconf 87' lang='lat' dir='ltr'>avril</span> <span class='ocrx_word' id='word_1_99' title='bbox 1069 1241 1145 1268; x_wconf 51' lang='lat' dir='ltr'>leot.</span> 
     </span>
    </p>
   </div>
   <div class='ocr_carea' id='block_1_8' title="bbox 298 1241 392 1271">
    <p class='ocr_par' dir='ltr' id='par_1_8' title="bbox 298 1241 392 1271">
     <span class='ocr_line' id='line_1_17' title="bbox 298 1241 392 1271; baseline 0 0"><span class='ocrx_word' id='word_1_100' title='bbox 298 1241 392 1271; x_wconf 78' lang='grc'><strong>1587</strong></span> 
     </span>
    </p>
   </div>
   <div class='ocr_carea' id='block_1_9' title="bbox 206 1323 1218 1408">
    <p class='ocr_par' dir='ltr' id='par_1_9' title="bbox 206 1323 1218 1408">
     <span class='ocr_line' id='line_1_18' title="bbox 242 1323 1218 1358; baseline 0.003 -9"><span class='ocrx_word' id='word_1_101' title='bbox 242 1323 408 1358; x_wconf 78' lang='lat' dir='ltr'>Raymundo</span> <span class='ocrx_word' id='word_1_102' title='bbox 442 1325 476 1350; x_wconf 89' lang='lat' dir='ltr'>de</span> <span class='ocrx_word' id='word_1_103' title='bbox 503 1324 585 1350; x_wconf 87' lang='lat' dir='ltr'>Saule</span> <span class='ocrx_word' id='word_1_104' title='bbox 613 1324 880 1352; x_wconf 82' lang='lat' dir='ltr'>archidiaconatum</span> <span class='ocrx_word' id='word_1_105' title='bbox 905 1325 1042 1352; x_wconf 80' lang='lat' dir='ltr'>ecelesiae</span> <span class='ocrx_word' id='word_1_106' title='bbox 1075 1325 1218 1352; x_wconf 72' lang='lat' dir='ltr'>Uticensis</span> 
     </span>
     <span class='ocr_line' id='line_1_19' title="bbox 206 1373 986 1408; baseline 0.004 -10"><span class='ocrx_word' id='word_1_107' title='bbox 206 1373 239 1398; x_wconf 83' lang='lat' dir='ltr'>de</span> <span class='ocrx_word' id='word_1_108' title='bbox 257 1381 329 1399; x_wconf 89' lang='lat' dir='ltr'>novo</span> <span class='ocrx_word' id='word_1_109' title='bbox 348 1373 510 1399; x_wconf 80' lang='lat' dir='ltr'>confirmat.</span> <span class='ocrx_word' id='word_1_110' title='bbox 527 1374 607 1408; x_wconf 73' lang='lat' dir='ltr'>(Rae.</span> <span class='ocrx_word' id='word_1_111' title='bbox 623 1374 667 1405; x_wconf 72' lang='lat'>20,</span> <span class='ocrx_word' id='word_1_112' title='bbox 683 1373 729 1400; x_wconf 86' lang='lat' dir='ltr'>t&#39;ol.</span> <span class='ocrx_word' id='word_1_113' title='bbox 749 1375 798 1401; x_wconf 83' lang='lat'>155</span> <span class='ocrx_word' id='word_1_114' title='bbox 814 1379 850 1407; x_wconf 67' lang='grc' dir='ltr'>νο,</span> <span class='ocrx_word' id='word_1_115' title='bbox 870 1380 898 1400; x_wconf 81' lang='lat'>11⁰</span> <span class='ocrx_word' id='word_1_116' title='bbox 911 1375 986 1408; x_wconf 70' lang='lat'><strong>(337.)</strong></span> 
     </span>
    </p>
   </div>
   <div class='ocr_carea' id='block_1_10' title="bbox 203 1481 1219 1894">
    <p class='ocr_par' dir='ltr' id='par_1_10' title="bbox 203 1481 1219 1894">
     <span class='ocr_line' id='line_1_20' title="bbox 246 1481 1217 1521; baseline 0 -10"><span class='ocrx_word' id='word_1_117' title='bbox 246 1492 260 1511; x_wconf 84' lang='grc'>(1</span> <span class='ocrx_word' id='word_1_118' title='bbox 280 1481 462 1521; x_wconf 67' lang='lat' dir='ltr'>llaymundo</span> <span class='ocrx_word' id='word_1_119' title='bbox 491 1481 525 1511; x_wconf 79' lang='lat' dir='ltr'>de</span> <span class='ocrx_word' id='word_1_120' title='bbox 552 1482 658 1517; x_wconf 75' lang='lat' dir='ltr'>Saule,</span> <span class='ocrx_word' id='word_1_121' title='bbox 680 1481 899 1511; x_wconf 77' lang='lat' dir='ltr'>archidiacono</span> <span class='ocrx_word' id='word_1_122' title='bbox 916 1483 1037 1511; x_wconf 71' lang='lat' dir='ltr'>ecclesie</span> <span class='ocrx_word' id='word_1_123' title='bbox 1056 1482 1217 1517; x_wconf 75' lang='lat' dir='ltr'><em>Uticensis,</em></span> 
     </span>
     <span class='ocr_line' id='line_1_21' title="bbox 205 1534 1218 1574; baseline 0.001 -9"><span class='ocrx_word' id='word_1_124' title='bbox 205 1534 322 1565; x_wconf 77' lang='lat' dir='ltr'><em>ordinis</em></span> <span class='ocrx_word' id='word_1_125' title='bbox 339 1535 436 1564; x_wconf 76' lang='lat' dir='ltr'>sancti</span> <span class='ocrx_word' id='word_1_126' title='bbox 451 1535 629 1574; x_wconf 60' lang='lat' dir='ltr'>Augustini.</span> <span class='ocrx_word' id='word_1_127' title='bbox 647 1535 809 1574; x_wconf 77' lang='lat' dir='ltr'>capellano</span> <span class='ocrx_word' id='word_1_128' title='bbox 827 1540 942 1566; x_wconf 79' lang='lat' dir='ltr'>nostro.</span> <span class='ocrx_word' id='word_1_129' title='bbox 961 1537 998 1566; x_wconf 88' lang='lat' dir='ltr'>In</span> <span class='ocrx_word' id='word_1_130' title='bbox 1017 1537 1218 1574; x_wconf 78' lang='lat' dir='ltr'>proviSioni-</span> 
     </span>
     <span class='ocr_line' id='line_1_22' title="bbox 205 1588 1219 1627; baseline 0.001 -9"><span class='ocrx_word' id='word_1_131' title='bbox 205 1588 269 1618; x_wconf 88' lang='lat' dir='ltr'>bus</span> <span class='ocrx_word' id='word_1_132' title='bbox 289 1589 530 1619; x_wconf 79' lang='lat' dir='ltr'>ecclesiasticis</span> <span class='ocrx_word' id='word_1_133' title='bbox 549 1608 595 1617; x_wconf 92' lang='lat'>—.</span> <span class='ocrx_word' id='word_1_134' title='bbox 616 1589 701 1618; x_wconf 61' lang='lat' dir='ltr'>Sane</span> <span class='ocrx_word' id='word_1_135' title='bbox 721 1589 799 1627; x_wconf 81' lang='lat' dir='ltr'>quia</span> <span class='ocrx_word' id='word_1_136' title='bbox 817 1589 937 1619; x_wconf 84' lang='lat' dir='ltr'>merita</span> <span class='ocrx_word' id='word_1_137' title='bbox 953 1592 1009 1618; x_wconf 86' lang='lat' dir='ltr'>tua</span> <span class='ocrx_word' id='word_1_138' title='bbox 1027 1591 1105 1619; x_wconf 88' lang='lat' dir='ltr'>sunt</span> <span class='ocrx_word' id='word_1_139' title='bbox 1121 1589 1219 1619; x_wconf 85' lang='lat' dir='ltr'>nobis</span> 
     </span>
     <span class='ocr_line' id='line_1_23' title="bbox 205 1641 1219 1681; baseline 0.002 -10"><span class='ocrx_word' id='word_1_140' title='bbox 205 1641 370 1672; x_wconf 75' lang='lat' dir='ltr'>laudabili</span> <span class='ocrx_word' id='word_1_141' title='bbox 391 1642 587 1671; x_wconf 81' lang='lat' dir='ltr'>testimonio</span> <span class='ocrx_word' id='word_1_142' title='bbox 607 1643 852 1676; x_wconf 82' lang='lat' dir='ltr'>commendata,</span> <span class='ocrx_word' id='word_1_143' title='bbox 875 1642 1022 1672; x_wconf 74' lang='lat' dir='ltr'>libenter</span> <span class='ocrx_word' id='word_1_144' title='bbox 1038 1651 1219 1681; x_wconf 84' lang='lat' dir='ltr'>personam</span> 
     </span>
     <span class='ocr_line' id='line_1_24' title="bbox 203 1695 1219 1734; baseline 0.002 -10"><span class='ocrx_word' id='word_1_145' title='bbox 203 1697 309 1730; x_wconf 84' lang='lat' dir='ltr'>tuam,</span> <span class='ocrx_word' id='word_1_146' title='bbox 324 1704 424 1733; x_wconf 88' lang='lat' dir='ltr'>quam</span> <span class='ocrx_word' id='word_1_147' title='bbox 443 1696 576 1733; x_wconf 79' lang='lat' dir='ltr'>generis</span> <span class='ocrx_word' id='word_1_148' title='bbox 590 1696 725 1725; x_wconf 84' lang='lat' dir='ltr'>decorat</span> <span class='ocrx_word' id='word_1_149' title='bbox 742 1695 915 1726; x_wconf 85' lang='lat' dir='ltr'>nobilitas.</span> <span class='ocrx_word' id='word_1_150' title='bbox 930 1696 1093 1730; x_wconf 63' lang='lat' dir='ltr'>condiune</span> <span class='ocrx_word' id='word_1_151' title='bbox 1107 1697 1219 1734; x_wconf 85' lang='lat' dir='ltr'>provi-</span> 
     </span>
     <span class='ocr_line' id='line_1_25' title="bbox 204 1749 1219 1787; baseline 0.001 -9"><span class='ocrx_word' id='word_1_152' title='bbox 204 1749 311 1778; x_wconf 80' lang='lat' dir='ltr'>sionis</span> <span class='ocrx_word' id='word_1_153' title='bbox 348 1749 455 1787; x_wconf 80' lang='lat' dir='ltr'>gratia</span> <span class='ocrx_word' id='word_1_154' title='bbox 486 1749 717 1787; x_wconf 86' lang='lat' dir='ltr'>prevenimus.</span> <span class='ocrx_word' id='word_1_155' title='bbox 749 1749 840 1778; x_wconf 84' lang='lat' dir='ltr'>Licet</span> <span class='ocrx_word' id='word_1_156' title='bbox 876 1749 977 1787; x_wconf 85' lang='lat' dir='ltr'>igitur</span> <span class='ocrx_word' id='word_1_157' title='bbox 1012 1749 1219 1779; x_wconf 84' lang='lat' dir='ltr'>venerabilis</span> 
     </span>
     <span class='ocr_line' id='line_1_26' title="bbox 204 1801 1218 1840; baseline 0.001 -9"><span class='ocrx_word' id='word_1_158' title='bbox 204 1801 308 1831; x_wconf 86' lang='lat' dir='ltr'>frater</span> <span class='ocrx_word' id='word_1_159' title='bbox 324 1804 458 1831; x_wconf 88' lang='lat' dir='ltr'>noster.</span> <span class='ocrx_word' id='word_1_160' title='bbox 478 1824 483 1830; x_wconf 96' lang='lat'>.</span> <span class='ocrx_word' id='word_1_161' title='bbox 501 1803 681 1840; x_wconf 81' lang='lat' dir='ltr'>episcopus</span> <span class='ocrx_word' id='word_1_162' title='bbox 695 1802 879 1835; x_wconf 76' lang='lat' dir='ltr'>Uticensis,</span> <span class='ocrx_word' id='word_1_163' title='bbox 892 1802 931 1831; x_wconf 88' lang='lat' dir='ltr'>de</span> <span class='ocrx_word' id='word_1_164' title='bbox 945 1802 1218 1833; x_wconf 71' lang='lat' dir='ltr'>archidiaconatu</span> 
     </span>
     <span class='ocr_line' id='line_1_27' title="bbox 204 1854 1218 1894; baseline 0.002 -10"><span class='ocrx_word' id='word_1_165' title='bbox 204 1854 345 1884; x_wconf 76' lang='lat' dir='ltr'>ecclesie</span> <span class='ocrx_word' id='word_1_166' title='bbox 363 1855 535 1886; x_wconf 74' lang='lat' dir='ltr'>Uticensis</span> <span class='ocrx_word' id='word_1_167' title='bbox 556 1854 635 1884; x_wconf 90' lang='lat' dir='ltr'>olim</span> <span class='ocrx_word' id='word_1_168' title='bbox 654 1855 825 1884; x_wconf 83' lang='lat' dir='ltr'>ordinaria</span> <span class='ocrx_word' id='word_1_169' title='bbox 846 1854 908 1884; x_wconf 87' lang='lat' dir='ltr'>tibi</span> <span class='ocrx_word' id='word_1_170' title='bbox 930 1856 1128 1886; x_wconf 85' lang='lat' dir='ltr'>auctoritate</span> <span class='ocrx_word' id='word_1_171' title='bbox 1145 1865 1218 1894; x_wconf 90' lang='lat' dir='ltr'>pro-</span> 
     </span>
    </p>
   </div>
   <div class='ocr_carea' id='block_1_11' title="bbox 204 1908 1248 1958">
    <p class='ocr_par' dir='ltr' id='par_1_11' title="bbox 204 1908 1248 1958">
     <span class='ocr_line' id='line_1_28' title="bbox 204 1908 1248 1958; baseline 0.003 -22"><span class='ocrx_word' id='word_1_172' title='bbox 204 1908 338 1941; x_wconf 87' lang='lat' dir='ltr'>viderit,</span> <span class='ocrx_word' id='word_1_173' title='bbox 359 1910 389 1938; x_wconf 87' lang='lat' dir='ltr'>et</span> <span class='ocrx_word' id='word_1_174' title='bbox 416 1908 631 1946; x_wconf 82' lang='lat' dir='ltr'>postmodum</span> <span class='ocrx_word' id='word_1_175' title='bbox 658 1908 754 1937; x_wconf 87' lang='lat' dir='ltr'>illum</span> <span class='ocrx_word' id='word_1_176' title='bbox 782 1917 841 1946; x_wconf 90' lang='lat' dir='ltr'>per</span> <span class='ocrx_word' id='word_1_177' title='bbox 868 1917 927 1937; x_wconf 85' lang='lat' dir='ltr'>nos</span> <span class='ocrx_word' id='word_1_178' title='bbox 948 1908 1136 1938; x_wconf 84' lang='lat' dir='ltr'>obtinueris</span> <span class='ocrx_word' id='word_1_179' title='bbox 1156 1910 1217 1939; x_wconf 87' lang='lat' dir='ltr'>tibi</span> <span class='ocrx_word' id='word_1_180' title='bbox 1247 1947 1248 1958; x_wconf 24' lang='lat'>¹</span> 
     </span>
    </p>
   </div>
   <div class='ocr_carea' id='block_1_12' title="bbox 196 1961 1219 2904">
    <p class='ocr_par' dir='ltr' id='par_1_12' title="bbox 196 1961 1219 2904">
     <span class='ocr_line' id='line_1_29' title="bbox 203 1961 1219 2000; baseline 0.002 -10"><span class='ocrx_word' id='word_1_181' title='bbox 203 1961 242 1990; x_wconf 89' lang='lat' dir='ltr'>de</span> <span class='ocrx_word' id='word_1_182' title='bbox 270 1961 378 1999; x_wconf 84' lang='lat' dir='ltr'>gratia</span> <span class='ocrx_word' id='word_1_183' title='bbox 408 1961 545 1999; x_wconf 86' lang='lat' dir='ltr'>speciali</span> <span class='ocrx_word' id='word_1_184' title='bbox 581 1961 727 1991; x_wconf 87' lang='lat' dir='ltr'>conferri</span> <span class='ocrx_word' id='word_1_185' title='bbox 756 1962 789 1990; x_wconf 94' lang='lat' dir='ltr'>in</span> <span class='ocrx_word' id='word_1_186' title='bbox 817 1961 942 1991; x_wconf 88' lang='lat' dir='ltr'>litteris</span> <span class='ocrx_word' id='word_1_187' title='bbox 968 1962 1095 1992; x_wconf 88' lang='lat' dir='ltr'>nostris</span> <span class='ocrx_word' id='word_1_188' title='bbox 1116 1971 1219 2000; x_wconf 85' lang='lat' dir='ltr'>super</span> 
     </span>
     <span class='ocr_line' id='line_1_30' title="bbox 202 2015 1218 2055; baseline 0.002 -11"><span class='ocrx_word' id='word_1_189' title='bbox 202 2015 395 2053; x_wconf 85' lang='lat' dir='ltr'>hujusmodi</span> <span class='ocrx_word' id='word_1_190' title='bbox 423 2015 482 2044; x_wconf 86' lang='lat' dir='ltr'>tibi</span> <span class='ocrx_word' id='word_1_191' title='bbox 502 2015 681 2044; x_wconf 85' lang='lat' dir='ltr'>collatione</span> <span class='ocrx_word' id='word_1_192' title='bbox 703 2016 874 2045; x_wconf 75' lang='lat' dir='ltr'>concessis</span> <span class='ocrx_word' id='word_1_193' title='bbox 893 2016 933 2045; x_wconf 86' lang='lat' dir='ltr'>de</span> <span class='ocrx_word' id='word_1_194' title='bbox 951 2016 1146 2054; x_wconf 87' lang='lat' dir='ltr'>provisione</span> <span class='ocrx_word' id='word_1_195' title='bbox 1159 2025 1218 2055; x_wconf 88' lang='lat' dir='ltr'>per</span> 
     </span>
     <span class='ocr_line' id='line_1_31' title="bbox 201 2068 1216 2108; baseline 0.002 -11"><span class='ocrx_word' id='word_1_196' title='bbox 201 2068 345 2098; x_wconf 89' lang='lat' dir='ltr'>eundem</span> <span class='ocrx_word' id='word_1_197' title='bbox 363 2068 559 2106; x_wconf 86' lang='lat' dir='ltr'>episcopum</span> <span class='ocrx_word' id='word_1_198' title='bbox 586 2068 647 2098; x_wconf 85' lang='lat' dir='ltr'>tibi</span> <span class='ocrx_word' id='word_1_199' title='bbox 674 2068 761 2098; x_wconf 84' lang='lat' dir='ltr'>facta</span> <span class='ocrx_word' id='word_1_200' title='bbox 782 2068 822 2098; x_wconf 84' lang='lat' dir='ltr'>de</span> <span class='ocrx_word' id='word_1_201' title='bbox 838 2069 966 2104; x_wconf 70' lang='lat' dir='ltr'>eodem,</span> <span class='ocrx_word' id='word_1_202' title='bbox 988 2069 1216 2108; x_wconf 81' lang='lat' dir='ltr'>appellatione</span> 
     </span>
     <span class='ocr_line' id='line_1_32' title="bbox 201 2121 1215 2160; baseline 0.003 -10"><span class='ocrx_word' id='word_1_203' title='bbox 201 2130 302 2160; x_wconf 88' lang='lat' dir='ltr'>super</span> <span class='ocrx_word' id='word_1_204' title='bbox 315 2121 375 2151; x_wconf 86' lang='lat' dir='ltr'>hoc</span> <span class='ocrx_word' id='word_1_205' title='bbox 392 2130 452 2160; x_wconf 89' lang='lat' dir='ltr'>pro</span> <span class='ocrx_word' id='word_1_206' title='bbox 465 2123 579 2159; x_wconf 85' lang='lat' dir='ltr'>parte.</span> <span class='ocrx_word' id='word_1_207' title='bbox 597 2144 603 2150; x_wconf 91' lang='lat'><strong>.</strong></span> <span class='ocrx_word' id='word_1_208' title='bbox 621 2122 795 2160; x_wconf 78' lang='lat' dir='ltr'>prepositi,</span> <span class='ocrx_word' id='word_1_209' title='bbox 813 2145 820 2151; x_wconf 88' lang='lat'><em>.</em></span> <span class='ocrx_word' id='word_1_210' title='bbox 833 2144 840 2150; x_wconf 90' lang='lat'>.</span> <span class='ocrx_word' id='word_1_211' title='bbox 859 2122 1001 2152; x_wconf 72' lang='lat' dir='ltr'>sacriste</span> <span class='ocrx_word' id='word_1_212' title='bbox 1019 2132 1055 2152; x_wconf 89' lang='lat' dir='ltr'>ac</span> <span class='ocrx_word' id='word_1_213' title='bbox 1073 2123 1215 2153; x_wconf 87' lang='lat' dir='ltr'>aliorum</span> 
     </span>
     <span class='ocr_line' id='line_1_33' title="bbox 200 2173 1217 2211; baseline 0.003 -8"><span class='ocrx_word' id='word_1_214' title='bbox 200 2175 438 2204; x_wconf 80' lang='lat' dir='ltr'>canonicorum</span> <span class='ocrx_word' id='word_1_215' title='bbox 452 2173 663 2205; x_wconf 82' lang='lat' dir='ltr'>Uticensium</span> <span class='ocrx_word' id='word_1_216' title='bbox 682 2174 747 2204; x_wconf 85' lang='lat' dir='ltr'>sibi</span> <span class='ocrx_word' id='word_1_217' title='bbox 763 2175 1011 2211; x_wconf 81' lang='lat' dir='ltr'>adherentium,</span> <span class='ocrx_word' id='word_1_218' title='bbox 1027 2176 1067 2205; x_wconf 89' lang='lat' dir='ltr'>ad</span> <span class='ocrx_word' id='word_1_219' title='bbox 1081 2185 1217 2206; x_wconf 86' lang='lat' dir='ltr'>venera-</span> 
     </span>
     <span class='ocr_line' id='line_1_34' title="bbox 200 2227 1217 2266; baseline 0.003 -10"><span class='ocrx_word' id='word_1_220' title='bbox 200 2227 303 2257; x_wconf 85' lang='lat' dir='ltr'>bilem</span> <span class='ocrx_word' id='word_1_221' title='bbox 316 2228 451 2258; x_wconf 79' lang='lat' dir='ltr'>tratrem</span> <span class='ocrx_word' id='word_1_222' title='bbox 463 2230 615 2257; x_wconf 82' lang='lat' dir='ltr'>nostrum</span> <span class='ocrx_word' id='word_1_223' title='bbox 637 2251 641 2256; x_wconf 93' lang='lat'>.</span> <span class='ocrx_word' id='word_1_224' title='bbox 661 2228 876 2266; x_wconf 77' lang='lat' dir='ltr'>‚episcopum</span> <span class='ocrx_word' id='word_1_225' title='bbox 889 2228 1124 2265; x_wconf 81' lang='lat' dir='ltr'>Sabinensem,</span> <span class='ocrx_word' id='word_1_226' title='bbox 1138 2231 1217 2260; x_wconf 88' lang='lat' dir='ltr'>tunc</span> 
     </span>
     <span class='ocr_line' id='line_1_35' title="bbox 202 2280 1214 2320; baseline 0.002 -10"><span class='ocrx_word' id='word_1_227' title='bbox 202 2280 494 2318; x_wconf 80' lang='lat' dir='ltr'>archiepiscopum</span> <span class='ocrx_word' id='word_1_228' title='bbox 526 2280 794 2316; x_wconf 78' lang='lat' dir='ltr'>Narbonensem,</span> <span class='ocrx_word' id='word_1_229' title='bbox 820 2281 883 2311; x_wconf 89' lang='lat' dir='ltr'>loci</span> <span class='ocrx_word' id='word_1_230' title='bbox 903 2282 1214 2320; x_wconf 76' lang='lat' dir='ltr'>metropolitanum,</span> 
     </span>
     <span class='ocr_line' id='line_1_36' title="bbox 201 2333 1216 2375; baseline 0.003 -12"><span class='ocrx_word' id='word_1_231' title='bbox 201 2333 414 2371; x_wconf 79' lang='lat' dir='ltr'>interposita,</span> <span class='ocrx_word' id='word_1_232' title='bbox 440 2334 480 2363; x_wconf 80' lang='lat' dir='ltr'>de</span> <span class='ocrx_word' id='word_1_233' title='bbox 511 2334 758 2372; x_wconf 85' lang='lat' dir='ltr'>compromisso</span> <span class='ocrx_word' id='word_1_234' title='bbox 785 2335 818 2364; x_wconf 90' lang='lat' dir='ltr'>in</span> <span class='ocrx_word' id='word_1_235' title='bbox 847 2343 924 2364; x_wconf 87' lang='lat' dir='ltr'>eum</span> <span class='ocrx_word' id='word_1_236' title='bbox 953 2335 1052 2372; x_wconf 84' lang='lat' dir='ltr'>facto,</span> <span class='ocrx_word' id='word_1_237' title='bbox 1078 2337 1109 2366; x_wconf 89' lang='lat' dir='ltr'>et</span> <span class='ocrx_word' id='word_1_238' title='bbox 1128 2337 1216 2375; x_wconf 86' lang='lat' dir='ltr'>quod</span> 
     </span>
     <span class='ocr_line' id='line_1_37' title="bbox 200 2387 1216 2426; baseline 0.004 -11"><span class='ocrx_word' id='word_1_239' title='bbox 200 2387 311 2416; x_wconf 85' lang='lat' dir='ltr'>dictus</span> <span class='ocrx_word' id='word_1_240' title='bbox 334 2387 619 2425; x_wconf 86' lang='lat' dir='ltr'>metropolitauus</span> <span class='ocrx_word' id='word_1_241' title='bbox 638 2387 868 2426; x_wconf 83' lang='lat' dir='ltr'>provisionem</span> <span class='ocrx_word' id='word_1_242' title='bbox 890 2389 1030 2418; x_wconf 83' lang='lat' dir='ltr'>eandem</span> <span class='ocrx_word' id='word_1_243' title='bbox 1050 2397 1115 2419; x_wconf 89' lang='lat' dir='ltr'>non</span> <span class='ocrx_word' id='word_1_244' title='bbox 1135 2390 1216 2420; x_wconf 88' lang='lat' dir='ltr'>vitio</span> 
     </span>
     <span class='ocr_line' id='line_1_38' title="bbox 200 2440 1215 2480; baseline 0.003 -11"><span class='ocrx_word' id='word_1_245' title='bbox 200 2448 342 2478; x_wconf 80' lang='lat' dir='ltr'>persone</span> <span class='ocrx_word' id='word_1_246' title='bbox 374 2440 522 2469; x_wconf 79' lang='lat' dir='ltr'>cassavit</span> <span class='ocrx_word' id='word_1_247' title='bbox 546 2442 577 2470; x_wconf 90' lang='lat' dir='ltr'>et</span> <span class='ocrx_word' id='word_1_248' title='bbox 606 2440 709 2470; x_wconf 87' lang='lat' dir='ltr'>etiam</span> <span class='ocrx_word' id='word_1_249' title='bbox 740 2441 889 2471; x_wconf 84' lang='lat' dir='ltr'>irritavit</span> <span class='ocrx_word' id='word_1_250' title='bbox 912 2442 1069 2480; x_wconf 86' lang='lat' dir='ltr'>quodque</span> <span class='ocrx_word' id='word_1_251' title='bbox 1097 2442 1138 2472; x_wconf 85' lang='lat' dir='ltr'>ab</span> <span class='ocrx_word' id='word_1_252' title='bbox 1155 2443 1215 2472; x_wconf 92' lang='lat' dir='ltr'>hu-</span> 
     </span>
     <span class='ocr_line' id='line_1_39' title="bbox 196 2493 1214 2533; baseline 0.004 -11"><span class='ocrx_word' id='word_1_253' title='bbox 196 2493 347 2529; x_wconf 87' lang='lat' dir='ltr'>jusmodi</span> <span class='ocrx_word' id='word_1_254' title='bbox 369 2493 558 2523; x_wconf 84' lang='lat' dir='ltr'>cassatione</span> <span class='ocrx_word' id='word_1_255' title='bbox 587 2501 628 2523; x_wconf 76' lang='lat' dir='ltr'>ex</span> <span class='ocrx_word' id='word_1_256' title='bbox 655 2495 750 2532; x_wconf 90' lang='lat' dir='ltr'>parte</span> <span class='ocrx_word' id='word_1_257' title='bbox 772 2495 831 2524; x_wconf 84' lang='lat' dir='ltr'>tua</span> <span class='ocrx_word' id='word_1_258' title='bbox 848 2494 972 2524; x_wconf 88' lang='lat' dir='ltr'>dicitur</span> <span class='ocrx_word' id='word_1_259' title='bbox 992 2495 1214 2533; x_wconf 86' lang='lat' dir='ltr'>appellatum,</span> 
     </span>
     <span class='ocr_line' id='line_1_40' title="bbox 200 2545 1217 2586; baseline 0.004 -11"><span class='ocrx_word' id='word_1_260' title='bbox 200 2545 295 2576; x_wconf 88' lang='lat' dir='ltr'>nulla</span> <span class='ocrx_word' id='word_1_261' title='bbox 305 2554 446 2584; x_wconf 86' lang='lat' dir='ltr'>prorsus</span> <span class='ocrx_word' id='word_1_262' title='bbox 460 2545 573 2575; x_wconf 79' lang='lat' dir='ltr'>habita</span> <span class='ocrx_word' id='word_1_263' title='bbox 586 2547 768 2582; x_wconf 85' lang='lat' dir='ltr'>mentione,</span> <span class='ocrx_word' id='word_1_264' title='bbox 784 2548 897 2578; x_wconf 87' lang='lat' dir='ltr'>tamen</span> <span class='ocrx_word' id='word_1_265' title='bbox 912 2548 1162 2586; x_wconf 84' lang='lat' dir='ltr'>opponentibus</span> <span class='ocrx_word' id='word_1_266' title='bbox 1182 2558 1217 2579; x_wconf 88' lang='lat' dir='ltr'>se</span> 
     </span>
     <span class='ocr_line' id='line_1_41' title="bbox 199 2599 1214 2640; baseline 0.004 -12"><span class='ocrx_word' id='word_1_267' title='bbox 199 2599 262 2629; x_wconf 90' lang='lat' dir='ltr'>tibi</span> <span class='ocrx_word' id='word_1_268' title='bbox 284 2607 384 2637; x_wconf 81' lang='lat' dir='ltr'>super</span> <span class='ocrx_word' id='word_1_269' title='bbox 402 2599 469 2629; x_wconf 89' lang='lat' dir='ltr'>hiis</span> <span class='ocrx_word' id='word_1_270' title='bbox 488 2599 661 2637; x_wconf 88' lang='lat' dir='ltr'>preposito</span> <span class='ocrx_word' id='word_1_271' title='bbox 678 2601 710 2630; x_wconf 88' lang='lat' dir='ltr'>et</span> <span class='ocrx_word' id='word_1_272' title='bbox 732 2600 972 2631; x_wconf 82' lang='lat' dir='ltr'>adherentibus</span> <span class='ocrx_word' id='word_1_273' title='bbox 994 2602 1214 2640; x_wconf 87' lang='lat' dir='ltr'>supradictis,</span> 
     </span>
     <span class='ocr_line' id='line_1_42' title="bbox 200 2651 1217 2692; baseline 0.004 -11"><span class='ocrx_word' id='word_1_274' title='bbox 200 2654 232 2682; x_wconf 90' lang='lat' dir='ltr'>et</span> <span class='ocrx_word' id='word_1_275' title='bbox 247 2660 265 2682; x_wconf 89' lang='lat' dir='ltr'>a</span> <span class='ocrx_word' id='word_1_276' title='bbox 281 2652 474 2690; x_wconf 87' lang='lat' dir='ltr'>provisione</span> <span class='ocrx_word' id='word_1_277' title='bbox 492 2651 687 2691; x_wconf 87' lang='lat' dir='ltr'>hujusmodi</span> <span class='ocrx_word' id='word_1_278' title='bbox 713 2653 754 2682; x_wconf 87' lang='lat' dir='ltr'>ad</span> <span class='ocrx_word' id='word_1_279' title='bbox 774 2661 835 2683; x_wconf 90' lang='lat' dir='ltr'>nos</span> <span class='ocrx_word' id='word_1_280' title='bbox 853 2653 1117 2692; x_wconf 81' lang='lat' dir='ltr'>appellantibus,</span> <span class='ocrx_word' id='word_1_281' title='bbox 1145 2655 1217 2685; x_wconf 90' lang='lat' dir='ltr'>nul-</span> 
     </span>
     <span class='ocr_line' id='line_1_43' title="bbox 199 2704 1215 2738; baseline 0.003 -3"><span class='ocrx_word' id='word_1_282' title='bbox 199 2705 270 2735; x_wconf 90' lang='lat' dir='ltr'>lum</span> <span class='ocrx_word' id='word_1_283' title='bbox 300 2704 352 2734; x_wconf 89' lang='lat' dir='ltr'>vel</span> <span class='ocrx_word' id='word_1_284' title='bbox 379 2705 548 2735; x_wconf 88' lang='lat' dir='ltr'>modicum</span> <span class='ocrx_word' id='word_1_285' title='bbox 570 2706 601 2735; x_wconf 89' lang='lat' dir='ltr'>te</span> <span class='ocrx_word' id='word_1_286' title='bbox 619 2705 745 2735; x_wconf 86' lang='lat' dir='ltr'>asseris</span> <span class='ocrx_word' id='word_1_287' title='bbox 770 2706 892 2736; x_wconf 84' lang='lat' dir='ltr'>exinde</span> <span class='ocrx_word' id='word_1_288' title='bbox 912 2707 1092 2737; x_wconf 77' lang='lat' dir='ltr'>comodum</span> <span class='ocrx_word' id='word_1_289' title='bbox 1121 2716 1215 2738; x_wconf 85' lang='lat' dir='ltr'>asse-</span> 
     </span>
     <span class='ocr_line' id='line_1_44' title="bbox 200 2758 1214 2796; baseline 0.004 -9"><span class='ocrx_word' id='word_1_290' title='bbox 200 2760 326 2794; x_wconf 89' lang='lat' dir='ltr'>cutum,</span> <span class='ocrx_word' id='word_1_291' title='bbox 353 2758 435 2796; x_wconf 86' lang='lat' dir='ltr'>quin</span> <span class='ocrx_word' id='word_1_292' title='bbox 453 2758 557 2788; x_wconf 88' lang='lat' dir='ltr'>immo</span> <span class='ocrx_word' id='word_1_293' title='bbox 575 2766 650 2788; x_wconf 81' lang='lat' dir='ltr'>curn</span> <span class='ocrx_word' id='word_1_294' title='bbox 674 2758 735 2792; x_wconf 90' lang='lat' dir='ltr'>eis,</span> <span class='ocrx_word' id='word_1_295' title='bbox 754 2759 930 2789; x_wconf 83' lang='lat' dir='ltr'>occasione</span> <span class='ocrx_word' id='word_1_296' title='bbox 952 2760 1033 2791; x_wconf 87' lang='lat' dir='ltr'>dicti</span> <span class='ocrx_word' id='word_1_297' title='bbox 1052 2761 1214 2791; x_wconf 86' lang='lat' dir='ltr'>archidia-</span> 
     </span>
     <span class='ocr_line' id='line_1_45' title="bbox 198 2811 1216 2853; baseline 0.003 -12"><span class='ocrx_word' id='word_1_298' title='bbox 198 2813 351 2846; x_wconf 73' lang='lat' dir='ltr'>conatus,</span> <span class='ocrx_word' id='word_1_299' title='bbox 381 2811 510 2841; x_wconf 83' lang='lat' dir='ltr'>diutius</span> <span class='ocrx_word' id='word_1_300' title='bbox 539 2820 650 2841; x_wconf 83' lang='lat' dir='ltr'>coram</span> <span class='ocrx_word' id='word_1_301' title='bbox 683 2811 828 2842; x_wconf 78' lang='lat' dir='ltr'>diversis</span> <span class='ocrx_word' id='word_1_302' title='bbox 860 2813 1033 2850; x_wconf 81' lang='lat' dir='ltr'>judicibus</span> <span class='ocrx_word' id='word_1_303' title='bbox 1058 2813 1216 2853; x_wconf 86' lang='lat' dir='ltr'>litigasti.</span> 
     </span>
     <span class='ocr_line' id='line_1_46' title="bbox 200 2864 1219 2904; baseline 0.005 -11"><span class='ocrx_word' id='word_1_304' title='bbox 200 2864 345 2894; x_wconf 80' lang='lat' dir='ltr'>Demuin</span> <span class='ocrx_word' id='word_1_305' title='bbox 380 2873 471 2898; x_wconf 87' lang='lat' dir='ltr'>vero,</span> <span class='ocrx_word' id='word_1_306' title='bbox 505 2864 698 2903; x_wconf 79' lang='lat' dir='ltr'>hujusmodi</span> <span class='ocrx_word' id='word_1_307' title='bbox 729 2865 863 2904; x_wconf 81' lang='lat' dir='ltr'>negotio</span> <span class='ocrx_word' id='word_1_308' title='bbox 898 2866 1141 2904; x_wconf 88' lang='lat' dir='ltr'>appellationis</span> <span class='ocrx_word' id='word_1_309' title='bbox 1178 2868 1219 2898; x_wconf 87' lang='lat' dir='ltr'>ad</span> 
     </span>
    </p>
   </div>
   <div class='ocr_carea' id='block_1_13' title="bbox 1246 279 1256 2415">
    <p class='ocr_par' dir='ltr' id='par_1_13' title="bbox 1246 279 1256 2415">
     <span class='ocr_line' id='line_1_47' title="bbox 1246 279 1256 2415; baseline 0 0"><span class='ocrx_word' id='word_1_310' title='bbox 1246 279 1256 2415; x_wconf 95' lang='lat' dir='ltr'> </span> 
     </span>
    </p>
   </div>
   <div class='ocr_carea' id='block_1_14' title="bbox 2238 197 2295 227">
    <p class='ocr_par' dir='ltr' id='par_1_14' title="bbox 2238 197 2295 227">
     <span class='ocr_line' id='line_1_48' title="bbox 2238 197 2295 227; baseline 0.053 -3"><span class='ocrx_word' id='word_1_311' title='bbox 2238 197 2295 227; x_wconf 71' lang='lat'>5235</span> 
     </span>
    </p>
   </div>
   <div class='ocr_carea' id='block_1_15' title="bbox 1275 264 2294 1897">
    <p class='ocr_par' dir='ltr' id='par_1_15' title="bbox 1275 264 2294 1897">
     <span class='ocr_line' id='line_1_49' title="bbox 1284 264 2294 316; baseline 0.013 -23"><span class='ocrx_word' id='word_1_312' title='bbox 1284 264 1398 294; x_wconf 87' lang='lat' dir='ltr'>sedem</span> <span class='ocrx_word' id='word_1_313' title='bbox 1421 266 1640 303; x_wconf 84' lang='lat' dir='ltr'>apostolicam</span> <span class='ocrx_word' id='word_1_314' title='bbox 1662 268 1830 301; x_wconf 58' lang='grc'><strong>1161011110.</strong></span> <span class='ocrx_word' id='word_1_315' title='bbox 1854 279 1914 300; x_wconf 80' lang='lat' dir='ltr'>nos</span> <span class='ocrx_word' id='word_1_316' title='bbox 1937 273 2045 310; x_wconf 83' lang='lat' dir='ltr'>primo</span> <span class='ocrx_word' id='word_1_317' title='bbox 2063 275 2189 306; x_wconf 87' lang='lat' dir='ltr'>dictum</span> <span class='ocrx_word' id='word_1_318' title='bbox 2206 279 2294 316; x_wconf 66' lang='lat' dir='ltr'>epis&lt;-</span> 
     </span>
     <span class='ocr_line' id='line_1_50' title="bbox 1283 318 2291 360; baseline 0.015 -15"><span class='ocrx_word' id='word_1_319' title='bbox 1283 325 1402 354; x_wconf 88' lang='lat' dir='ltr'>copum</span> <span class='ocrx_word' id='word_1_320' title='bbox 1431 318 1651 349; x_wconf 63' lang='lat' dir='ltr'>sabinensem</span> <span class='ocrx_word' id='word_1_321' title='bbox 1684 324 1711 350; x_wconf 82' lang='lat' dir='ltr'>el</span> <span class='ocrx_word' id='word_1_322' title='bbox 1755 325 1967 359; x_wconf 84' lang='lat' dir='ltr'>postmodum</span> <span class='ocrx_word' id='word_1_323' title='bbox 1997 326 2156 358; x_wconf 79' lang='lat' dir='ltr'>dilectum</span> <span class='ocrx_word' id='word_1_324' title='bbox 2185 330 2291 360; x_wconf 80' lang='lat' dir='ltr'>silium</span> 
     </span>
     <span class='ocr_line' id='line_1_51' title="bbox 1282 371 2291 418; baseline 0.013 -20"><span class='ocrx_word' id='word_1_325' title='bbox 1282 371 1436 400; x_wconf 86' lang='lat' dir='ltr'>nostrum</span> <span class='ocrx_word' id='word_1_326' title='bbox 1463 372 1517 406; x_wconf 75' lang='lat'>1‘..‚</span> <span class='ocrx_word' id='word_1_327' title='bbox 1540 373 1646 402; x_wconf 78' lang='lat' dir='ltr'>sancti</span> <span class='ocrx_word' id='word_1_328' title='bbox 1672 375 1789 410; x_wconf 68' lang='lat' dir='ltr'>Angeli</span> <span class='ocrx_word' id='word_1_329' title='bbox 1806 376 1983 407; x_wconf 79' lang='lat' dir='ltr'>diaconum</span> <span class='ocrx_word' id='word_1_330' title='bbox 2002 381 2221 418; x_wconf 82' lang='lat' dir='ltr'>cardinalem,</span> <span class='ocrx_word' id='word_1_331' title='bbox 2240 394 2291 413; x_wconf 71' lang='lat' dir='ltr'>co-</span> 
     </span>
     <span class='ocr_line' id='line_1_52' title="bbox 1283 423 2293 465; baseline 0.014 -14"><span class='ocrx_word' id='word_1_332' title='bbox 1283 431 1351 451; x_wconf 87' lang='lat' dir='ltr'>ram</span> <span class='ocrx_word' id='word_1_333' title='bbox 1373 423 1509 461; x_wconf 74' lang='lat' dir='ltr'>quibus,</span> <span class='ocrx_word' id='word_1_334' title='bbox 1537 425 1623 455; x_wconf 73' lang='lat' dir='ltr'>sicut</span> <span class='ocrx_word' id='word_1_335' title='bbox 1639 427 1777 457; x_wconf 78' lang='lat' dir='ltr'>asseris.</span> <span class='ocrx_word' id='word_1_336' title='bbox 1805 430 1951 460; x_wconf 86' lang='lat' dir='ltr'>nondum</span> <span class='ocrx_word' id='word_1_337' title='bbox 1973 432 2013 461; x_wconf 86' lang='lat' dir='ltr'>ad</span> <span class='ocrx_word' id='word_1_338' title='bbox 2039 432 2109 462; x_wconf 87' lang='lat' dir='ltr'>litis</span> <span class='ocrx_word' id='word_1_339' title='bbox 2127 437 2293 465; x_wconf 66' lang='lat' dir='ltr'>contesta—</span> 
     </span>
     <span class='ocr_line' id='line_1_53' title="bbox 1281 475 2291 525; baseline 0.015 -22"><span class='ocrx_word' id='word_1_340' title='bbox 1281 475 1408 505; x_wconf 84' lang='lat' dir='ltr'>tionem</span> <span class='ocrx_word' id='word_1_341' title='bbox 1428 485 1529 515; x_wconf 85' lang='lat' dir='ltr'>super</span> <span class='ocrx_word' id='word_1_342' title='bbox 1550 478 1729 517; x_wconf 87' lang='lat' dir='ltr'>principali</span> <span class='ocrx_word' id='word_1_343' title='bbox 1752 489 1949 518; x_wconf 76' lang='lat' dir='ltr'>processum</span> <span class='ocrx_word' id='word_1_344' title='bbox 1970 486 2095 521; x_wconf 80' lang='lat' dir='ltr'>extitit,</span> <span class='ocrx_word' id='word_1_345' title='bbox 2114 496 2215 525; x_wconf 86' lang='lat' dir='ltr'>super</span> <span class='ocrx_word' id='word_1_346' title='bbox 2233 488 2291 518; x_wconf 84' lang='lat' dir='ltr'>hoc</span> 
     </span>
     <span class='ocr_line' id='line_1_54' title="bbox 1282 528 2291 576; baseline 0.013 -19"><span class='ocrx_word' id='word_1_347' title='bbox 1282 528 1522 566; x_wconf 78' lang='lat' dir='ltr'>deputavimus</span> <span class='ocrx_word' id='word_1_348' title='bbox 1545 531 1729 562; x_wconf 69' lang='lat' dir='ltr'>auditores.</span> <span class='ocrx_word' id='word_1_349' title='bbox 1761 534 1924 565; x_wconf 78' lang='lat' dir='ltr'>Nolentes</span> <span class='ocrx_word' id='word_1_350' title='bbox 1944 539 2054 567; x_wconf 86' lang='lat' dir='ltr'>autem</span> <span class='ocrx_word' id='word_1_351' title='bbox 2073 540 2173 576; x_wconf 73' lang='lat' dir='ltr'>quod,</span> <span class='ocrx_word' id='word_1_352' title='bbox 2202 550 2291 570; x_wconf 68' lang='lat' dir='ltr'>ocra-</span> 
     </span>
     <span class='ocr_line' id='line_1_55' title="bbox 1282 580 2293 625; baseline 0.012 -16"><span class='ocrx_word' id='word_1_353' title='bbox 1282 580 1377 611; x_wconf 85' lang='lat' dir='ltr'>sione</span> <span class='ocrx_word' id='word_1_354' title='bbox 1395 583 1584 620; x_wconf 75' lang='lat' dir='ltr'>questionis</span> <span class='ocrx_word' id='word_1_355' title='bbox 1607 584 1811 622; x_wconf 79' lang='lat' dir='ltr'>hujusmodi,</span> <span class='ocrx_word' id='word_1_356' title='bbox 1832 589 1982 625; x_wconf 77' lang='lat' dir='ltr'>prefatus</span> <span class='ocrx_word' id='word_1_357' title='bbox 2001 591 2293 623; x_wconf 60' lang='lat' dir='ltr'>archidiacouatus</span> 
     </span>
     <span class='ocr_line' id='line_1_56' title="bbox 1281 634 2292 677; baseline 0.014 -15"><span class='ocrx_word' id='word_1_358' title='bbox 1281 634 1480 672; x_wconf 79' lang='lat' dir='ltr'>prolixioris</span> <span class='ocrx_word' id='word_1_359' title='bbox 1496 637 1701 668; x_wconf 83' lang='lat' dir='ltr'>detrimenta</span> <span class='ocrx_word' id='word_1_360' title='bbox 1717 641 1902 670; x_wconf 79' lang='lat' dir='ltr'>vacationis</span> <span class='ocrx_word' id='word_1_361' title='bbox 1922 642 2082 677; x_wconf 80' lang='lat' dir='ltr'>incurrat,</span> <span class='ocrx_word' id='word_1_362' title='bbox 2102 646 2292 676; x_wconf 82' lang='lat' dir='ltr'>considera-</span> 
     </span>
     <span class='ocr_line' id='line_1_57' title="bbox 1280 687 2293 738; baseline 0.014 -22"><span class='ocrx_word' id='word_1_363' title='bbox 1280 687 1325 716; x_wconf 87' lang='lat' dir='ltr'>tis</span> <span class='ocrx_word' id='word_1_364' title='bbox 1352 688 1582 719; x_wconf 73' lang='lat' dir='ltr'>laudabililms</span> <span class='ocrx_word' id='word_1_365' title='bbox 1612 692 1744 721; x_wconf 87' lang='lat' dir='ltr'>meritis</span> <span class='ocrx_word' id='word_1_366' title='bbox 1770 694 1837 723; x_wconf 88' lang='lat' dir='ltr'>tuis</span> <span class='ocrx_word' id='word_1_367' title='bbox 1856 695 1974 733; x_wconf 84' lang='lat' dir='ltr'>tuique</span> <span class='ocrx_word' id='word_1_368' title='bbox 1996 697 2172 728; x_wconf 85' lang='lat' dir='ltr'>nobilitate</span> <span class='ocrx_word' id='word_1_369' title='bbox 2197 708 2293 738; x_wconf 74' lang='lat' dir='ltr'>genc-</span> 
     </span>
     <span class='ocr_line' id='line_1_58' title="bbox 1281 741 2292 788; baseline 0.011 -19"><span class='ocrx_word' id='word_1_370' title='bbox 1281 741 1328 769; x_wconf 81' lang='lat' dir='ltr'>ris</span> <span class='ocrx_word' id='word_1_371' title='bbox 1356 741 1480 780; x_wconf 76' lang='lat' dir='ltr'>quibus</span> <span class='ocrx_word' id='word_1_372' title='bbox 1507 743 1539 772; x_wconf 89' lang='grc'>111</span> <span class='ocrx_word' id='word_1_373' title='bbox 1570 746 1751 782; x_wconf 83' lang='lat' dir='ltr'>conspectu</span> <span class='ocrx_word' id='word_1_374' title='bbox 1790 750 1905 778; x_wconf 81' lang='lat' dir='ltr'>nostro</span> <span class='ocrx_word' id='word_1_375' title='bbox 1944 750 2115 787; x_wconf 75' lang='lat' dir='ltr'>gratiosus</span> <span class='ocrx_word' id='word_1_376' title='bbox 2146 752 2292 788; x_wconf 71' lang='lat' dir='ltr'>haberis,</span> 
     </span>
     <span class='ocr_line' id='line_1_59' title="bbox 1280 794 2292 838; baseline 0.013 -16"><span class='ocrx_word' id='word_1_377' title='bbox 1280 794 1418 824; x_wconf 87' lang='lat' dir='ltr'>obtentu</span> <span class='ocrx_word' id='word_1_378' title='bbox 1455 805 1588 835; x_wconf 79' lang='lat' dir='ltr'>quoque</span> <span class='ocrx_word' id='word_1_379' title='bbox 1620 798 1802 828; x_wconf 66' lang='lat' dir='ltr'>caminatis</span> <span class='ocrx_word' id='word_1_380' title='bbox 1834 802 1975 838; x_wconf 75' lang='lat' dir='ltr'>predicti</span> <span class='ocrx_word' id='word_1_381' title='bbox 2009 813 2045 833; x_wconf 88' lang='lat' dir='ltr'>ac</span> <span class='ocrx_word' id='word_1_382' title='bbox 2073 805 2197 834; x_wconf 76' lang='lat' dir='ltr'>nobilis</span> <span class='ocrx_word' id='word_1_383' title='bbox 2229 807 2292 836; x_wconf 89' lang='lat' dir='ltr'>viri</span> 
     </span>
     <span class='ocr_line' id='line_1_60' title="bbox 1278 847 2291 889; baseline 0.014 -13"><span class='ocrx_word' id='word_1_384' title='bbox 1278 847 1393 877; x_wconf 81' lang='lat' dir='ltr'>Jacobi</span> <span class='ocrx_word' id='word_1_385' title='bbox 1413 850 1595 884; x_wconf 73' lang='lat' dir='ltr'>(iantelmi,</span> <span class='ocrx_word' id='word_1_386' title='bbox 1619 852 1740 881; x_wconf 86' lang='lat' dir='ltr'>sororii</span> <span class='ocrx_word' id='word_1_387' title='bbox 1780 854 1841 889; x_wconf 84' lang='lat' dir='ltr'>tui,</span> <span class='ocrx_word' id='word_1_388' title='bbox 1866 855 1983 885; x_wconf 85' lang='lat' dir='ltr'>vicarii</span> <span class='ocrx_word' id='word_1_389' title='bbox 2006 857 2038 886; x_wconf 90' lang='grc'>111</span> <span class='ocrx_word' id='word_1_390' title='bbox 2060 858 2148 888; x_wconf 85' lang='lat' dir='ltr'>Urbe</span> <span class='ocrx_word' id='word_1_391' title='bbox 2178 859 2291 889; x_wconf 82' lang='lat' dir='ltr'>dilecti</span> 
     </span>
     <span class='ocr_line' id='line_1_61' title="bbox 1280 900 2290 948; baseline 0.014 -19"><span class='ocrx_word' id='word_1_392' title='bbox 1280 900 1341 929; x_wconf 86' lang='lat' dir='ltr'>filii</span> <span class='ocrx_word' id='word_1_393' title='bbox 1355 901 1480 931; x_wconf 86' lang='lat' dir='ltr'>nobilis</span> <span class='ocrx_word' id='word_1_394' title='bbox 1493 903 1556 933; x_wconf 90' lang='lat' dir='ltr'>viri</span> <span class='ocrx_word' id='word_1_395' title='bbox 1569 904 1694 941; x_wconf 75' lang='lat' dir='ltr'>Caroli,</span> <span class='ocrx_word' id='word_1_396' title='bbox 1707 906 1840 936; x_wconf 85' lang='lat' dir='ltr'>comitis</span> <span class='ocrx_word' id='word_1_397' title='bbox 1852 908 2042 946; x_wconf 71' lang='lat' dir='ltr'>Andegavie</span> <span class='ocrx_word' id='word_1_398' title='bbox 2057 920 2092 940; x_wconf 87' lang='lat' dir='ltr'>ac</span> <span class='ocrx_word' id='word_1_399' title='bbox 2104 912 2290 948; x_wconf 73' lang='lat' dir='ltr'>l&#39;rovincie,</span> 
     </span>
     <span class='ocr_line' id='line_1_62' title="bbox 1279 955 2291 1002; baseline 0.013 -20"><span class='ocrx_word' id='word_1_400' title='bbox 1279 955 1501 992; x_wconf 85' lang='lat' dir='ltr'>apostolicam</span> <span class='ocrx_word' id='word_1_401' title='bbox 1522 965 1581 994; x_wconf 87' lang='lat' dir='ltr'>pro</span> <span class='ocrx_word' id='word_1_402' title='bbox 1605 958 1636 987; x_wconf 89' lang='lat' dir='ltr'>te</span> <span class='ocrx_word' id='word_1_403' title='bbox 1656 959 1798 996; x_wconf 70' lang='lat' dir='ltr'>gratiam</span> <span class='ocrx_word' id='word_1_404' title='bbox 1825 959 2000 991; x_wconf 87' lang='lat' dir='ltr'>humiliter</span> <span class='ocrx_word' id='word_1_405' title='bbox 2024 963 2291 1002; x_wconf 77' lang='lat' dir='ltr'>implorantium,</span> 
     </span>
     <span class='ocr_line' id='line_1_63' title="bbox 1279 1007 2291 1054; baseline 0.013 -19"><span class='ocrx_word' id='word_1_406' title='bbox 1279 1007 1431 1037; x_wconf 88' lang='lat' dir='ltr'>volentes</span> <span class='ocrx_word' id='word_1_407' title='bbox 1451 1009 1621 1039; x_wconf 86' lang='lat' dir='ltr'>devotioni</span> <span class='ocrx_word' id='word_1_408' title='bbox 1645 1012 1701 1040; x_wconf 86' lang='lat' dir='ltr'>tue</span> <span class='ocrx_word' id='word_1_409' title='bbox 1728 1013 1869 1050; x_wconf 80' lang='lat' dir='ltr'>gratiam</span> <span class='ocrx_word' id='word_1_410' title='bbox 1900 1015 2007 1045; x_wconf 81' lang='lat' dir='ltr'>l‘acerc</span> <span class='ocrx_word' id='word_1_411' title='bbox 2027 1017 2220 1054; x_wconf 74' lang='lat' dir='ltr'>specialem,</span> <span class='ocrx_word' id='word_1_412' title='bbox 2241 1028 2291 1048; x_wconf 79' lang='lat' dir='ltr'>ar-</span> 
     </span>
     <span class='ocr_line' id='line_1_64' title="bbox 1279 1059 2291 1109; baseline 0.011 -20"><span class='ocrx_word' id='word_1_413' title='bbox 1279 1059 1549 1092; x_wconf 82' lang='lat' dir='ltr'>chidiaconatum</span> <span class='ocrx_word' id='word_1_414' title='bbox 1569 1063 1724 1099; x_wconf 81' lang='lat' dir='ltr'>eundem,</span> <span class='ocrx_word' id='word_1_415' title='bbox 1740 1074 1815 1095; x_wconf 88' lang='lat' dir='ltr'>cum</span> <span class='ocrx_word' id='word_1_416' title='bbox 1834 1067 1991 1097; x_wconf 87' lang='lat' dir='ltr'>omnibus</span> <span class='ocrx_word' id='word_1_417' title='bbox 2003 1068 2138 1107; x_wconf 84' lang='lat' dir='ltr'>juribus</span> <span class='ocrx_word' id='word_1_418' title='bbox 2148 1072 2179 1100; x_wconf 88' lang='lat' dir='ltr'>et</span> <span class='ocrx_word' id='word_1_419' title='bbox 2192 1072 2291 1109; x_wconf 85' lang='lat' dir='ltr'>perti—</span> 
     </span>
     <span class='ocr_line' id='line_1_65' title="bbox 1280 1113 2290 1160; baseline 0.01 -18"><span class='ocrx_word' id='word_1_420' title='bbox 1280 1113 1406 1143; x_wconf 88' lang='lat' dir='ltr'>nentiis</span> <span class='ocrx_word' id='word_1_421' title='bbox 1435 1115 1519 1149; x_wconf 86' lang='lat' dir='ltr'>suis,</span> <span class='ocrx_word' id='word_1_422' title='bbox 1539 1117 1719 1154; x_wconf 85' lang='lat' dir='ltr'>premissis</span> <span class='ocrx_word' id='word_1_423' title='bbox 1738 1126 1796 1148; x_wconf 83' lang='lat' dir='ltr'>seu</span> <span class='ocrx_word' id='word_1_424' title='bbox 1818 1119 2027 1157; x_wconf 69' lang='lat' dir='ltr'>quibuslibet</span> <span class='ocrx_word' id='word_1_425' title='bbox 2046 1121 2123 1151; x_wconf 81' lang='lat' dir='ltr'>aliis</span> <span class='ocrx_word' id='word_1_426' title='bbox 2141 1123 2290 1160; x_wconf 85' lang='lat' dir='ltr'>appella-</span> 
     </span>
     <span class='ocr_line' id='line_1_66' title="bbox 1280 1166 2291 1213; baseline 0.01 -18"><span class='ocrx_word' id='word_1_427' title='bbox 1280 1166 1441 1204; x_wconf 83' lang='lat' dir='ltr'>tionibus,</span> <span class='ocrx_word' id='word_1_428' title='bbox 1475 1168 1599 1199; x_wconf 87' lang='lat' dir='ltr'>litteris</span> <span class='ocrx_word' id='word_1_429' title='bbox 1628 1178 1687 1200; x_wconf 89' lang='lat' dir='ltr'>seu</span> <span class='ocrx_word' id='word_1_430' title='bbox 1721 1173 1938 1209; x_wconf 79' lang='lat' dir='ltr'>processibus</span> <span class='ocrx_word' id='word_1_431' title='bbox 1969 1183 2079 1204; x_wconf 84' lang='lat' dir='ltr'>coram</span> <span class='ocrx_word' id='word_1_432' title='bbox 2108 1175 2220 1213; x_wconf 86' lang='lat' dir='ltr'>priore</span> <span class='ocrx_word' id='word_1_433' title='bbox 2253 1176 2291 1205; x_wconf 82' lang='lat' dir='ltr'>de</span> 
     </span>
     <span class='ocr_line' id='line_1_67' title="bbox 1292 1219 2290 1268; baseline 0.011 -20"><span class='ocrx_word' id='word_1_434' title='bbox 1292 1219 1468 1251; x_wconf 63' lang='lat' dir='ltr'>{ellicadro</span> <span class='ocrx_word' id='word_1_435' title='bbox 1485 1223 1516 1251; x_wconf 89' lang='lat' dir='ltr'>et</span> <span class='ocrx_word' id='word_1_436' title='bbox 1532 1222 1766 1260; x_wconf 76' lang='lat' dir='ltr'>conjudicibus</span> <span class='ocrx_word' id='word_1_437' title='bbox 1781 1225 1853 1255; x_wconf 81' lang='lat' dir='ltr'>suis</span> <span class='ocrx_word' id='word_1_438' title='bbox 1871 1235 1929 1256; x_wconf 88' lang='lat' dir='ltr'>seu</span> <span class='ocrx_word' id='word_1_439' title='bbox 1943 1227 2020 1257; x_wconf 85' lang='lat' dir='ltr'>aliis</span> <span class='ocrx_word' id='word_1_440' title='bbox 2033 1228 2290 1268; x_wconf 76' lang='lat' dir='ltr'>quibuscunque</span> 
     </span>
     <span class='ocr_line' id='line_1_68' title="bbox 1275 1273 2290 1317; baseline 0.01 -15"><span class='ocrx_word' id='word_1_441' title='bbox 1275 1273 1448 1310; x_wconf 82' lang='lat' dir='ltr'>judicibus</span> <span class='ocrx_word' id='word_1_442' title='bbox 1472 1275 1523 1304; x_wconf 89' lang='lat' dir='ltr'>vel</span> <span class='ocrx_word' id='word_1_443' title='bbox 1555 1276 1768 1308; x_wconf 84' lang='lat' dir='ltr'>auditoribus</span> <span class='ocrx_word' id='word_1_444' title='bbox 1797 1280 1884 1317; x_wconf 88' lang='lat' dir='ltr'>apud</span> <span class='ocrx_word' id='word_1_445' title='bbox 1916 1280 2055 1310; x_wconf 84' lang='lat' dir='ltr'>eandem</span> <span class='ocrx_word' id='word_1_446' title='bbox 2093 1282 2207 1311; x_wconf 87' lang='lat' dir='ltr'>sedem</span> <span class='ocrx_word' id='word_1_447' title='bbox 2240 1283 2290 1312; x_wconf 82' lang='lat' dir='ltr'>vel</span> 
     </span>
     <span class='ocr_line' id='line_1_69' title="bbox 1279 1326 2292 1372; baseline 0.01 -17"><span class='ocrx_word' id='word_1_448' title='bbox 1279 1326 1360 1356; x_wconf 89' lang='lat' dir='ltr'>alibi</span> <span class='ocrx_word' id='word_1_449' title='bbox 1381 1336 1482 1366; x_wconf 89' lang='lat' dir='ltr'>super</span> <span class='ocrx_word' id='word_1_450' title='bbox 1502 1329 1575 1366; x_wconf 84' lang='lat' dir='ltr'>ipso</span> <span class='ocrx_word' id='word_1_451' title='bbox 1600 1330 1871 1362; x_wconf 81' lang='lat' dir='ltr'>archidiaconatu</span> <span class='ocrx_word' id='word_1_452' title='bbox 1888 1333 1939 1362; x_wconf 83' lang='lat' dir='ltr'>vel</span> <span class='ocrx_word' id='word_1_453' title='bbox 1966 1334 2038 1372; x_wconf 82' lang='lat' dir='ltr'>ejiis</span> <span class='ocrx_word' id='word_1_454' title='bbox 2062 1336 2217 1372; x_wconf 78' lang='lat' dir='ltr'>pretextu</span> <span class='ocrx_word' id='word_1_455' title='bbox 2236 1335 2292 1365; x_wconf 88' lang='lat' dir='ltr'>ha-</span> 
     </span>
     <span class='ocr_line' id='line_1_70' title="bbox 1277 1379 2291 1423; baseline 0.01 -15"><span class='ocrx_word' id='word_1_456' title='bbox 1277 1379 1359 1409; x_wconf 88' lang='lat' dir='ltr'>bitis</span> <span class='ocrx_word' id='word_1_457' title='bbox 1395 1381 1466 1410; x_wconf 87' lang='lat' dir='ltr'>sive</span> <span class='ocrx_word' id='word_1_458' title='bbox 1498 1381 1605 1418; x_wconf 79' lang='lat' dir='ltr'>factis,</span> <span class='ocrx_word' id='word_1_459' title='bbox 1638 1392 1850 1423; x_wconf 72' lang='lat' dir='ltr'>nequ-aqimm</span> <span class='ocrx_word' id='word_1_460' title='bbox 1877 1386 2103 1423; x_wconf 78' lang='lat' dir='ltr'>obstantibus,</span> <span class='ocrx_word' id='word_1_461' title='bbox 2138 1388 2176 1418; x_wconf 88' lang='lat' dir='ltr'>de</span> <span class='ocrx_word' id='word_1_462' title='bbox 2205 1397 2291 1418; x_wconf 85' lang='lat' dir='ltr'>novo</span> 
     </span>
     <span class='ocr_line' id='line_1_71' title="bbox 1278 1433 2288 1480; baseline 0.01 -19"><span class='ocrx_word' id='word_1_463' title='bbox 1278 1433 1462 1471; x_wconf 84' lang='lat' dir='ltr'>apostolica</span> <span class='ocrx_word' id='word_1_464' title='bbox 1478 1434 1539 1464; x_wconf 84' lang='lat' dir='ltr'>tibi</span> <span class='ocrx_word' id='word_1_465' title='bbox 1558 1437 1758 1467; x_wconf 80' lang='lat' dir='ltr'>auctoritate</span> <span class='ocrx_word' id='word_1_466' title='bbox 1774 1439 1980 1469; x_wconf 74' lang='lat' dir='ltr'>conserimus</span> <span class='ocrx_word' id='word_1_467' title='bbox 1997 1440 2126 1479; x_wconf 75' lang='lat' dir='ltr'>tibique</span> <span class='ocrx_word' id='word_1_468' title='bbox 2145 1441 2184 1471; x_wconf 84' lang='lat' dir='ltr'>de</span> <span class='ocrx_word' id='word_1_469' title='bbox 2203 1442 2288 1480; x_wconf 85' lang='lat' dir='ltr'>ipso,</span> 
     </span>
     <span class='ocr_line' id='line_1_72' title="bbox 1277 1486 2289 1533; baseline 0.009 -18"><span class='ocrx_word' id='word_1_470' title='bbox 1277 1486 1316 1516; x_wconf 86' lang='lat' dir='ltr'>de</span> <span class='ocrx_word' id='word_1_471' title='bbox 1335 1487 1474 1525; x_wconf 86' lang='lat' dir='ltr'>speciali</span> <span class='ocrx_word' id='word_1_472' title='bbox 1491 1489 1610 1526; x_wconf 77' lang='lat' dir='ltr'>gratia.</span> <span class='ocrx_word' id='word_1_473' title='bbox 1630 1498 1670 1519; x_wconf 81' lang='lat' dir='ltr'>ex</span> <span class='ocrx_word' id='word_1_474' title='bbox 1686 1493 1775 1520; x_wconf 83' lang='lat' dir='ltr'>certa</span> <span class='ocrx_word' id='word_1_475' title='bbox 1789 1492 1942 1528; x_wconf 71' lang='lat' dir='ltr'>scientia,</span> <span class='ocrx_word' id='word_1_476' title='bbox 1956 1494 2174 1531; x_wconf 79' lang='lat' dir='ltr'>providemus</span> <span class='ocrx_word' id='word_1_477' title='bbox 2190 1496 2289 1533; x_wconf 81' lang='lat' dir='ltr'>teque.</span> 
     </span>
     <span class='ocr_line' id='line_1_73' title="bbox 1277 1539 2288 1585; baseline 0.009 -17"><span class='ocrx_word' id='word_1_478' title='bbox 1277 1539 1316 1569; x_wconf 87' lang='lat' dir='ltr'>de</span> <span class='ocrx_word' id='word_1_479' title='bbox 1333 1540 1449 1570; x_wconf 85' lang='lat' dir='ltr'>eodem</span> <span class='ocrx_word' id='word_1_480' title='bbox 1475 1541 1749 1573; x_wconf 82' lang='lat' dir='ltr'>archidiaconatu</span> <span class='ocrx_word' id='word_1_481' title='bbox 1774 1546 1805 1574; x_wconf 85' lang='lat' dir='ltr'>et</span> <span class='ocrx_word' id='word_1_482' title='bbox 1822 1545 2037 1583; x_wconf 82' lang='lat' dir='ltr'>pertinentiis</span> <span class='ocrx_word' id='word_1_483' title='bbox 2061 1547 2131 1576; x_wconf 87' lang='lat' dir='ltr'>suis</span> <span class='ocrx_word' id='word_1_484' title='bbox 2154 1556 2288 1585; x_wconf 86' lang='lat' dir='ltr'>presen-</span> 
     </span>
     <span class='ocr_line' id='line_1_74' title="bbox 1276 1592 2288 1632; baseline 0.01 -11"><span class='ocrx_word' id='word_1_485' title='bbox 1276 1592 1405 1623; x_wconf 85' lang='lat' dir='ltr'>tialiter</span> <span class='ocrx_word' id='word_1_486' title='bbox 1424 1603 1482 1632; x_wconf 88' lang='lat' dir='ltr'>per</span> <span class='ocrx_word' id='word_1_487' title='bbox 1503 1597 1656 1625; x_wconf 84' lang='lat' dir='ltr'>nostruin</span> <span class='ocrx_word' id='word_1_488' title='bbox 1674 1597 1813 1627; x_wconf 86' lang='lat' dir='ltr'>anulum</span> <span class='ocrx_word' id='word_1_489' title='bbox 1833 1598 2048 1632; x_wconf 77' lang='lat' dir='ltr'>investimus,</span> <span class='ocrx_word' id='word_1_490' title='bbox 2068 1600 2288 1630; x_wconf 75' lang='lat' dir='ltr'>decernentes</span> 
     </span>
     <span class='ocr_line' id='line_1_75' title="bbox 1276 1644 2287 1689; baseline 0.009 -15"><span class='ocrx_word' id='word_1_491' title='bbox 1276 1644 1411 1676; x_wconf 86' lang='lat' dir='ltr'>irritum</span> <span class='ocrx_word' id='word_1_492' title='bbox 1432 1649 1462 1677; x_wconf 85' lang='lat' dir='ltr'>et</span> <span class='ocrx_word' id='word_1_493' title='bbox 1480 1648 1577 1678; x_wconf 82' lang='lat' dir='ltr'>inane</span> <span class='ocrx_word' id='word_1_494' title='bbox 1596 1649 1622 1678; x_wconf 90' lang='lat' dir='ltr'>si</span> <span class='ocrx_word' id='word_1_495' title='bbox 1643 1649 1682 1679; x_wconf 89' lang='lat' dir='ltr'>de</span> <span class='ocrx_word' id='word_1_496' title='bbox 1702 1650 1774 1688; x_wconf 76' lang='lat' dir='ltr'>ipso</span> <span class='ocrx_word' id='word_1_497' title='bbox 1793 1651 2076 1689; x_wconf 79' lang='lat' dir='ltr'>archidiaconatu,</span> <span class='ocrx_word' id='word_1_498' title='bbox 2104 1655 2216 1683; x_wconf 84' lang='lat' dir='ltr'>nostra</span> <span class='ocrx_word' id='word_1_499' title='bbox 2235 1654 2287 1684; x_wconf 85' lang='lat' dir='ltr'>vel</span> 
     </span>
     <span class='ocr_line' id='line_1_76' title="bbox 1277 1699 2285 1745; baseline 0.007 -17"><span class='ocrx_word' id='word_1_500' title='bbox 1277 1699 1343 1729; x_wconf 85' lang='lat' dir='ltr'>alia</span> <span class='ocrx_word' id='word_1_501' title='bbox 1360 1701 1480 1738; x_wconf 80' lang='lat' dir='ltr'>quavis</span> <span class='ocrx_word' id='word_1_502' title='bbox 1505 1703 1717 1735; x_wconf 72' lang='lat' dir='ltr'>auctoritate,</span> <span class='ocrx_word' id='word_1_503' title='bbox 1745 1712 1841 1733; x_wconf 84' lang='lat' dir='ltr'>secus</span> <span class='ocrx_word' id='word_1_504' title='bbox 1860 1706 2010 1735; x_wconf 77' lang='lat' dir='ltr'>extiterit</span> <span class='ocrx_word' id='word_1_505' title='bbox 2037 1708 2285 1745; x_wconf 82' lang='lat' dir='ltr'>attemptatum.</span> 
     </span>
     <span class='ocr_line' id='line_1_77' title="bbox 1277 1752 2287 1796; baseline 0.008 -14"><span class='ocrx_word' id='word_1_506' title='bbox 1277 1752 1370 1783; x_wconf 91' lang='lat' dir='ltr'>Nulli</span> <span class='ocrx_word' id='word_1_507' title='bbox 1388 1763 1465 1792; x_wconf 69' lang='lat' dir='ltr'>ergo</span> <span class='ocrx_word' id='word_1_508' title='bbox 1485 1758 1597 1785; x_wconf 88' lang='lat' dir='ltr'>nostre</span> <span class='ocrx_word' id='word_1_509' title='bbox 1617 1756 1820 1793; x_wconf 77' lang='lat' dir='ltr'>collationis,</span> <span class='ocrx_word' id='word_1_510' title='bbox 1843 1759 2062 1796; x_wconf 77' lang='lat' dir='ltr'>provisionis,</span> <span class='ocrx_word' id='word_1_511' title='bbox 2088 1760 2287 1790; x_wconf 79' lang='lat' dir='ltr'>investiture</span> 
     </span>
     <span class='ocr_line' id='line_1_78' title="bbox 1277 1808 2287 1850; baseline 0.008 -15"><span class='ocrx_word' id='word_1_512' title='bbox 1277 1814 1313 1835; x_wconf 83' lang='lat' dir='ltr'>ac</span> <span class='ocrx_word' id='word_1_513' title='bbox 1330 1808 1583 1838; x_wconf 82' lang='lat' dir='ltr'>constitutionis</span> <span class='ocrx_word' id='word_1_514' title='bbox 1601 1811 1649 1839; x_wconf 79' lang='lat' dir='ltr'>etc</span> <span class='ocrx_word' id='word_1_515' title='bbox 1662 1827 1709 1839; x_wconf 83' lang='lat'>—.</span> <span class='ocrx_word' id='word_1_516' title='bbox 1721 1810 1845 1840; x_wconf 79' lang='lat' dir='ltr'>Datum</span> <span class='ocrx_word' id='word_1_517' title='bbox 1859 1812 1947 1850; x_wconf 87' lang='lat' dir='ltr'>apud</span> <span class='ocrx_word' id='word_1_518' title='bbox 1963 1812 2252 1844; x_wconf 82' lang='lat' dir='ltr'>Urbemveterem.</span> <span class='ocrx_word' id='word_1_519' title='bbox 2269 1823 2287 1843; x_wconf 73' lang='lat' dir='ltr'>x</span> 
     </span>
     <span class='ocr_line' id='line_1_79' title="bbox 1276 1859 1825 1897; baseline 0.004 -9"><span class='ocrx_word' id='word_1_520' title='bbox 1276 1859 1438 1890; x_wconf 68' lang='lat' dir='ltr'>kalendas</span> <span class='ocrx_word' id='word_1_521' title='bbox 1457 1861 1549 1897; x_wconf 77' lang='lat' dir='ltr'>maii,</span> <span class='ocrx_word' id='word_1_522' title='bbox 1572 1871 1658 1892; x_wconf 84' lang='lat' dir='ltr'>auno</span> <span class='ocrx_word' id='word_1_523' title='bbox 1678 1864 1788 1893; x_wconf 81' lang='lat' dir='ltr'>tertio.</span> <span class='ocrx_word' id='word_1_524' title='bbox 1814 1876 1825 1890; x_wconf 70' lang='grc' dir='ltr'>ι»</span> 
     </span>
    </p>
   </div>
   <div class='ocr_carea' id='block_1_16' title="bbox 1370 2039 1465 2069">
    <p class='ocr_par' dir='ltr' id='par_1_16' title="bbox 1370 2039 1465 2069">
     <span class='ocr_line' id='line_1_80' title="bbox 1370 2039 1465 2069; baseline 0 0"><span class='ocrx_word' id='word_1_525' title='bbox 1370 2039 1465 2069; x_wconf 78' lang='grc'><strong>1588</strong></span> 
     </span>
    </p>
   </div>
   <div class='ocr_carea' id='block_1_17' title="bbox 1858 2041 2214 2073">
    <p class='ocr_par' dir='ltr' id='par_1_17' title="bbox 1858 2041 2214 2073">
     <span class='ocr_line' id='line_1_81' title="bbox 1858 2041 2214 2073; baseline 0.006 -7"><span class='ocrx_word' id='word_1_526' title='bbox 1858 2041 1982 2073; x_wconf 82' lang='lat' dir='ltr'>Orvicto,</span> <span class='ocrx_word' id='word_1_527' title='bbox 2000 2043 2033 2068; x_wconf 71' lang='grc'>22</span> <span class='ocrx_word' id='word_1_528' title='bbox 2050 2042 2120 2068; x_wconf 83' lang='lat' dir='ltr'>avril</span> <span class='ocrx_word' id='word_1_529' title='bbox 2139 2043 2188 2070; x_wconf 73' lang='lat'>120·</span> <span class='ocrx_word' id='word_1_530' title='bbox 2197 2043 2214 2068; x_wconf 75' lang='lat' dir='ltr'>l.</span> 
     </span>
    </p>
   </div>
   <div class='ocr_carea' id='block_1_18' title="bbox 1275 2121 2287 2208">
    <p class='ocr_par' dir='ltr' id='par_1_18' title="bbox 1275 2121 2287 2208">
     <span class='ocr_line' id='line_1_82' title="bbox 1311 2121 2287 2158; baseline 0.008 -12"><span class='ocrx_word' id='word_1_531' title='bbox 1311 2121 1563 2157; x_wconf 69' lang='lat' dir='ltr'>Archiepiscopum</span> <span class='ocrx_word' id='word_1_532' title='bbox 1590 2125 1752 2157; x_wconf 69' lang='lat' dir='ltr'>Aquenscm</span> <span class='ocrx_word' id='word_1_533' title='bbox 1777 2125 1938 2158; x_wconf 81' lang='lat' dir='ltr'>praedictae</span> <span class='ocrx_word' id='word_1_534' title='bbox 1955 2125 2118 2153; x_wconf 82' lang='lat' dir='ltr'>collationis</span> <span class='ocrx_word' id='word_1_535' title='bbox 2138 2127 2287 2154; x_wconf 75' lang='lat' dir='ltr'>coustituit</span> 
     </span>
     <span class='ocr_line' id='line_1_83' title="bbox 1275 2172 1954 2208; baseline 0.007 -12"><span class='ocrx_word' id='word_1_536' title='bbox 1275 2173 1467 2197; x_wconf 83' lang='lat' dir='ltr'>executorem.</span> <span class='ocrx_word' id='word_1_537' title='bbox 1492 2172 1569 2205; x_wconf 66' lang='lat' dir='ltr'>(nm</span> <span class='ocrx_word' id='word_1_538' title='bbox 1586 2173 1629 2201; x_wconf 63' lang='grc'><strong>21),</strong></span> <span class='ocrx_word' id='word_1_539' title='bbox 1650 2173 1695 2199; x_wconf 74' lang='lat' dir='ltr'>sol.</span> <span class='ocrx_word' id='word_1_540' title='bbox 1714 2174 1762 2200; x_wconf 72' lang='lat'>155</span> <span class='ocrx_word' id='word_1_541' title='bbox 1779 2179 1816 2206; x_wconf 79' lang='lat' dir='ltr'>v0,</span> <span class='ocrx_word' id='word_1_542' title='bbox 1833 2179 1862 2200; x_wconf 81' lang='lat' dir='ltr'>n⁰</span> <span class='ocrx_word' id='word_1_543' title='bbox 1879 2175 1954 2208; x_wconf 69' lang='lat'>038.)</span> 
     </span>
    </p>
   </div>
   <div class='ocr_carea' id='block_1_19' title="bbox 1274 2281 2286 2418">
    <p class='ocr_par' dir='ltr' id='par_1_19' title="bbox 1274 2281 2286 2418">
     <span class='ocr_line' id='line_1_84' title="bbox 1314 2281 2286 2321; baseline 0.006 -12"><span class='ocrx_word' id='word_1_544' title='bbox 1314 2290 1330 2310; x_wconf 89' lang='lat'>«</span> <span class='ocrx_word' id='word_1_545' title='bbox 1346 2281 1590 2321; x_wconf 71' lang='lat' dir='ltr'>Arrlziepiscopo</span> <span class='ocrx_word' id='word_1_546' title='bbox 1603 2283 1748 2321; x_wconf 64' lang='lat' dir='ltr'>Arsucusi.</span> <span class='ocrx_word' id='word_1_547' title='bbox 1764 2283 1800 2313; x_wconf 91' lang='lat' dir='ltr'>In</span> <span class='ocrx_word' id='word_1_548' title='bbox 1814 2283 2068 2321; x_wconf 87' lang='lat' dir='ltr'>provisionibus</span> <span class='ocrx_word' id='word_1_549' title='bbox 2081 2285 2286 2315; x_wconf 81' lang='lat' dir='ltr'>ecclesiasti-</span> 
     </span>
     <span class='ocr_line' id='line_1_85' title="bbox 1274 2334 2285 2374; baseline 0.006 -11"><span class='ocrx_word' id='word_1_550' title='bbox 1274 2334 1323 2363; x_wconf 90' lang='lat' dir='ltr'>cis</span> <span class='ocrx_word' id='word_1_551' title='bbox 1340 2353 1388 2364; x_wconf 92' lang='lat'>—.</span> <span class='ocrx_word' id='word_1_552' title='bbox 1409 2335 1533 2365; x_wconf 82' lang='lat' dir='ltr'>Datum</span> <span class='ocrx_word' id='word_1_553' title='bbox 1555 2336 1642 2374; x_wconf 87' lang='lat' dir='ltr'>apud</span> <span class='ocrx_word' id='word_1_554' title='bbox 1666 2336 1954 2373; x_wconf 80' lang='lat' dir='ltr'>Urbemveterem,</span> <span class='ocrx_word' id='word_1_555' title='bbox 1973 2347 1993 2367; x_wconf 83' lang='lat' dir='ltr'>x</span> <span class='ocrx_word' id='word_1_556' title='bbox 2008 2334 2173 2368; x_wconf 65' lang='lat' dir='ltr'>Kalendas</span> <span class='ocrx_word' id='word_1_557' title='bbox 2192 2340 2285 2371; x_wconf 83' lang='lat' dir='ltr'>maii,</span> 
     </span>
     <span class='ocr_line' id='line_1_86' title="bbox 1275 2389 1527 2418; baseline 0 -2"><span class='ocrx_word' id='word_1_558' title='bbox 1275 2395 1362 2417; x_wconf 83' lang='lat' dir='ltr'>anno</span> <span class='ocrx_word' id='word_1_559' title='bbox 1380 2389 1492 2418; x_wconf 83' lang='lat' dir='ltr'>tertio.</span> <span class='ocrx_word' id='word_1_560' title='bbox 1513 2398 1527 2417; x_wconf 70' lang='grc'>1)</span> 
     </span>
    </p>
   </div>
   <div class='ocr_carea' id='block_1_20' title="bbox 1368 2566 2214 2601">
    <p class='ocr_par' dir='ltr' id='par_1_20' title="bbox 1368 2566 2214 2601">
     <span class='ocr_line' id='line_1_87' title="bbox 1368 2566 2214 2601; baseline -0.002 -4"><span class='ocrx_word' id='word_1_561' title='bbox 1368 2566 1464 2597; x_wconf 82' lang='grc'><strong>1589</strong></span> <span class='ocrx_word' id='word_1_562' title='bbox 1872 2567 1997 2601; x_wconf 80' lang='lat' dir='ltr'>Orvieto,</span> <span class='ocrx_word' id='word_1_563' title='bbox 2012 2568 2028 2594; x_wconf 85' lang='lat'>9</span> <span class='ocrx_word' id='word_1_564' title='bbox 2047 2567 2119 2594; x_wconf 80' lang='lat' dir='ltr'>avril</span> <span class='ocrx_word' id='word_1_565' title='bbox 2139 2568 2214 2595; x_wconf 72' lang='lat'>1204.</span> 
     </span>
    </p>
   </div>
   <div class='ocr_carea' id='block_1_21' title="bbox 1275 2650 2291 2879">
    <p class='ocr_par' dir='ltr' id='par_1_21' title="bbox 1275 2650 2291 2879">
     <span class='ocr_line' id='line_1_88' title="bbox 1311 2650 2287 2680; baseline 0.005 -5"><span class='ocrx_word' id='word_1_566' title='bbox 1311 2650 1428 2677; x_wconf 77' lang='lat' dir='ltr'>Cantori</span> <span class='ocrx_word' id='word_1_567' title='bbox 1456 2650 1595 2677; x_wconf 78' lang='lat' dir='ltr'>ecclesiae</span> <span class='ocrx_word' id='word_1_568' title='bbox 1620 2651 1804 2678; x_wconf 71' lang='lat' dir='ltr'>bituricensis</span> <span class='ocrx_word' id='word_1_569' title='bbox 1837 2652 1968 2679; x_wconf 78' lang='lat' dir='ltr'>concedit</span> <span class='ocrx_word' id='word_1_570' title='bbox 2000 2652 2169 2680; x_wconf 79' lang='lat' dir='ltr'>facultatem</span> <span class='ocrx_word' id='word_1_571' title='bbox 2201 2661 2287 2680; x_wconf 85' lang='lat' dir='ltr'>unam</span> 
     </span>
     <span class='ocr_line' id='line_1_89' title="bbox 1275 2699 2291 2736; baseline 0.005 -12"><span class='ocrx_word' id='word_1_572' title='bbox 1275 2706 1428 2732; x_wconf 86' lang='lat' dir='ltr'>personam</span> <span class='ocrx_word' id='word_1_573' title='bbox 1444 2699 1472 2726; x_wconf 90' lang='lat' dir='ltr'>in</span> <span class='ocrx_word' id='word_1_574' title='bbox 1483 2699 1605 2726; x_wconf 82' lang='lat' dir='ltr'>ecclesia</span> <span class='ocrx_word' id='word_1_575' title='bbox 1619 2708 1641 2725; x_wconf 74' lang='lat' dir='ltr'>s.</span> <span class='ocrx_word' id='word_1_576' title='bbox 1656 2699 1731 2726; x_wconf 81' lang='lat' dir='ltr'>Petri</span> <span class='ocrx_word' id='word_1_577' title='bbox 1747 2699 1943 2732; x_wconf 81' lang='lat' dir='ltr'>Bituricensis,</span> <span class='ocrx_word' id='word_1_578' title='bbox 1963 2701 1990 2727; x_wconf 92' lang='lat' dir='ltr'>in</span> <span class='ocrx_word' id='word_1_579' title='bbox 2007 2710 2062 2736; x_wconf 86' lang='lat' dir='ltr'>qua</span> <span class='ocrx_word' id='word_1_580' title='bbox 2079 2701 2194 2728; x_wconf 79' lang='lat' dir='ltr'>collatio</span> <span class='ocrx_word' id='word_1_581' title='bbox 2209 2710 2291 2736; x_wconf 80' lang='lat' dir='ltr'>prae-</span> 
     </span>
     <span class='ocr_line' id='line_1_90' title="bbox 1276 2747 2290 2785; baseline 0.005 -12"><span class='ocrx_word' id='word_1_582' title='bbox 1276 2747 1435 2774; x_wconf 85' lang='lat' dir='ltr'>bendarum</span> <span class='ocrx_word' id='word_1_583' title='bbox 1459 2749 1493 2774; x_wconf 78' lang='lat' dir='ltr'>ad</span> <span class='ocrx_word' id='word_1_584' title='bbox 1517 2748 1611 2782; x_wconf 87' lang='lat' dir='ltr'>ipsum</span> <span class='ocrx_word' id='word_1_585' title='bbox 1643 2748 1778 2782; x_wconf 83' lang='lat' dir='ltr'>pertinet,</span> <span class='ocrx_word' id='word_1_586' title='bbox 1808 2749 1837 2775; x_wconf 92' lang='lat' dir='ltr'>in</span> <span class='ocrx_word' id='word_1_587' title='bbox 1855 2750 2027 2777; x_wconf 78' lang='lat' dir='ltr'>canonicum</span> <span class='ocrx_word' id='word_1_588' title='bbox 2050 2751 2136 2785; x_wconf 81' lang='lat' dir='ltr'>recipi</span> <span class='ocrx_word' id='word_1_589' title='bbox 2156 2751 2290 2784; x_wconf 64' lang='lat' dir='ltr'>faciendi,</span> 
     </span>
     <span class='ocr_line' id='line_1_91' title="bbox 1276 2796 2290 2834; baseline 0.005 -12"><span class='ocrx_word' id='word_1_590' title='bbox 1276 2804 1342 2823; x_wconf 89' lang='lat' dir='ltr'>cum</span> <span class='ocrx_word' id='word_1_591' title='bbox 1365 2805 1486 2824; x_wconf 84' lang='lat' dir='ltr'>assensu</span> <span class='ocrx_word' id='word_1_592' title='bbox 1511 2796 1719 2832; x_wconf 77' lang='lat' dir='ltr'>archiepiscopi</span> <span class='ocrx_word' id='word_1_593' title='bbox 1741 2797 1936 2825; x_wconf 80' lang='lat' dir='ltr'>Biturieensis.</span> <span class='ocrx_word' id='word_1_594' title='bbox 1959 2799 2038 2834; x_wconf 70' lang='lat' dir='ltr'>(Iti-zo.</span> <span class='ocrx_word' id='word_1_595' title='bbox 2056 2800 2100 2830; x_wconf 75' lang='lat'>29,</span> <span class='ocrx_word' id='word_1_596' title='bbox 2119 2799 2168 2826; x_wconf 83' lang='lat' dir='ltr'>sol.</span> <span class='ocrx_word' id='word_1_597' title='bbox 2186 2801 2234 2827; x_wconf 77' lang='lat'>155</span> <span class='ocrx_word' id='word_1_598' title='bbox 2252 2807 2290 2833; x_wconf 81' lang='lat' dir='ltr'>vo,</span> 
     </span>
     <span class='ocr_line' id='line_1_92' title="bbox 1278 2847 1405 2879; baseline 0.016 -8"><span class='ocrx_word' id='word_1_599' title='bbox 1278 2851 1308 2871; x_wconf 83' lang='lat' dir='ltr'>n⁰</span> <span class='ocrx_word' id='word_1_600' title='bbox 1325 2847 1405 2879; x_wconf 82' lang='lat'><strong>639.)</strong></span> 
     </span>
    </p>
   </div>
  </div>
 </body>
</html>
