2519 3262
252 219 321 249 272

830 297 955 327 Orvieto,
979 296 1010 322 11]
1024 295 1086 331 juin
1113 294 1188 321 1202.

344 305 434 335 {7251

285 387 505 421 Arctiiepiscopo
530 383 674 412 Brcinensi
693 383 811 409 inundat
826 384 855 408 ut
870 381 1038 413 Lubertum,
1059 380 1198 406 decanum
1216 387 1259 405 cc-

249 437 352 464 clesiae
371 435 534 467 buccensis,
551 433 611 469 ejus
628 431 761 464 diocesis,
773 431 819 464 qui
834 431 869 457 ob
885 438 985 465 graves
1001 428 1180 459 inimicitias,
1198 428 1258 454 sine

250 485 338 520 ipsius
364 484 458 518 culpa,
475 484 502 510 in
525 482 647 509 ecclesia
671 479 807 507 Buccensi
824 479 949 506 residere
969 487 1023 504 non
1043 480 1151 512 polest,
1168 479 1197 504 et
1216 477 1259 503 Si-

249 533 366 565 11111010,
382 535 522 559 rectorem
541 529 679 557 ecclesiae
698 538 709 555 s
741 528 855 555 Martini
871 526 1043 558 ssrcinensis,
1063 526 1214 553 rectoriam
1232 528 1260 552 01

249 582 449 610 canonicatum
479 588 547 607 011111
574 579 736 614 praebenda
763 579 943 604 commutare
961 576 1122 603 adinvicem
1143 575 1259 610 110111111-

249 634 299 659 tat.
318 631 396 665 (aas.
418 630 462 659 29,
481 628 527 656 sol.
552 629 599 655 177
614 632 654 659 v⁰‚
672 633 700 653 n⁰
714 626 788 660 sot.)

290 747 304 766 «
325 736 560 775 Arclzicpiscopo
580 733 745 765 lli-emensi.
762 733 811 762 Ex
830 733 923 770 parte
940 731 1053 761 dilecti
1066 749 1114 759 ——.
1135 730 1259 760 Datum

251 790 338 830 apud
350 789 639 824 Urbeinveterem,
654 796 708 817 xvr
728 785 890 816 kalendas
904 784 1002 824 junii,
1020 792 1106 814 anno
1121 783 1259 814 tertio.»

859 956 983 986 Orvieto,
998 956 1014 982 5
1026 955 1089 990 juin
1108 954 1186 982 1264.

342 962 438 993 1752

285 1045 425 1080 Episcopo
450 1042 597 1079 Aquilensi
627 1042 746 1069 mandat
772 1044 803 1069 ut
828 1041 989 1067 Johannem
1014 1040 1047 1066 dc
1072 1038 1160 1066 Podio
1179 1037 1260 1065 cleri-

251 1103 327 1126 cum,
355 1094 473 1121 obtentu
500 1093 544 1127 R„
573 1100 596 1118 s.
624 1090 724 1126 Angeli
749 1089 861 1118 diaconi
890 1088 1056 1118 cardinalis,
1080 1087 1109 1114 in
1138 1086 1261 1114 ecclesia

252 1152 273 1170 s.
294 1143 399 1170 Mariae
425 1143 460 1169 ad
482 1141 650 1174 Fursonam,
665 1139 814 1167 Valvensis
830 1138 962 1168 diocesis,
982 1137 1009 1164 in
1034 1136 1204 1164 canonicum
1218 1144 1258 1163 re-

252 1192 307 1227 cipi
329 1192 425 1220 taciat.
443 1192 519 1225 (aaa.
540 1191 585 1222 29,
604 1189 651 1216 fol.
670 1189 719 1216 177
740 1195 778 1220 w,
794 1192 826 1215 11ο
842 1188 917 1219 802.)

293 1310 306 1325 «
330 1297 485 1337 Episcopo
499 1295 672 1335 Aquilensz'.
692 1295 736 1325 Ut
751 1293 872 1323 dilecto
890 1293 1015 1322 filio—.
1031 1292 1157 1322 Datum
1172 1290 1261 1329 apud

254 1349 539 1383 Urbemveterem,
555 1348 653 1379 nonis
669 1347 768 1387 junii,
789 1355 874 1377 anno
893 1345 1004 1376 tertio.
1026 1354 1040 1374 »

833 1522 957 1552 Orvieio,
982 1522 1012 1549 18
1035 1521 1091 1548 niai
1111 1521 1186 1548 1261.

343 1528 437 1559 1753

289 1613 399 1638 Decano
422 1610 560 1636 ecclesiae
579 1608 764 1638 arumnensis,
788 1606 965 1633 Coloniensis
991 1605 1124 1636 diocesis,
1142 1604 1259 1630 mandat

254 1663 283 1687 ut
303 1660 519 1695 Engelbcrtuni,
534 1657 744 1685 thesaurarium
756 1656 893 1683 ccclesiffl¹
909 1664 931 1681 S.
948 1654 1055 1681 Florini
1073 1654 1100 1680 in
1114 1654 1261 1680 Confluen-

255 1711 305 1741 tia,
337 1708 520 1736 Trevercusis
543 1706 675 1737 diocesis,
700 1706 820 1733 obtentu
842 1705 917 1731 Petri
945 1704 1012 1731 dicii
1039 1704 1071 1730 dc
1090 1702 1174 1737 Eyho.
1200 1702 1260 1737 ejus

255 1758 396 1793 germani,
415 1757 443 1784 in
462 1756 583 1784 ecclesia
600 1754 817 1782 Monasteriensi
833 1755 860 1781 in
879 1752 1020 1780 Mencivilt
1040 1752 1068 1778 in
1089 1752 1260 1778 canonicum

257 1816 320 1834 cum
336 1807 499 1842 praebenda
514 1805 601 1839 recipi
619 1805 714 1832 saciat.
732 1805 809 1839 (11110.
826 1804 870 1835 29,
886 1802 931 1829 sol.
952 1803 1000 1829 177
1022 1804 1062 1832 v0,
1084 1807 1112 1827 n⁰
1132 1801 1207 1831 803.)

295 1923 310 1942 (1
331 1912 452 1942 Decumo
467 1910 587 1941 ecclesie
605 1909 802 1945 Brunnensis,
826 1908 1015 1939 Coloniensis
1034 1906 1170 1935 ‹lim-esis.
1189 1906 1263 1936 Sin-

255 1974 328 1997 cere
356 1965 547 1995 dilectionis
573 1964 692 1994 affectu
710 1979 757 1993 —.
778 1963 900 1992 Datum
929 1961 1018 1999 apud
1049 1959 1265 1989 lli-benivete-

259 2028 341 2056 rem,
362 2028 403 2048 xv
422 2018 584 2048 kalendas
599 2016 699 2056 junii,
719 2024 806 2045 anno
824 2015 934 2045 tertio.
956 2025 969 2040 »

845 2189 970 2221 Orvieto,
989 2190 1021 2216 21
1037 2187 1094 2214 mai
1116 2187 1191 2215 izo-i.

349 2196 443 2227 1754

292 2275 429 2310 Magistro
455 2275 537 2301 Petro
555 2274 589 2300 de
606 2281 629 2298 S.
646 2272 744 2301 Mario,
766 2270 966 2297 archidiacono
986 2269 1135 2303 Surrcyac.
1157 2267 1265 2293 1111110-

258 2325 366 2352 nicnsis
385 2324 517 2354 diocesis,
546 2322 671 2357 indulget
689 2323 716 2347 111
733 2320 891 2355 prioratum
914 2319 946 2345 de
966 2317 1114 2347 Narciaco,
1137 2316 1264 2350 111130115-

260 2374 370 2400 mensis
382 2373 516 2404 diocesis,
532 2371 654 2398 retinere
665 2371 766 2399 valcat,
780 2368 894 2395 etiamsi
911 2366 1158 2394 archidiaconatus
1170 2364 1265 2399 pacili-

258 2431 322 2450 cam
340 2421 553 2457 possessionem
572 2418 795 2454 recuperaverit,
815 2418 892 2453 (lino.
906 2417 950 2447 29,
966 2415 1015 2442 sol.
1049 2416 1081 2441 77
1096 2420 1132 2445 ψ’,
1147 2420 1176 2440 n⁰
1189 2413 1264 2448 ⁸04.)

300 2538 314 2557 «
333 2527 482 2566 lllziqisliv
502 2526 592 2555 [Ἧι-ο
608 2525 643 2555 de
656 2529 759 2555 sancto
776 2524 888 2560 Mario,
906 2522 1063 2563 capellano
1086 2526 1199 2557 nostro,
1218 2532 1266 2551 ai·-

258 2581 435 2611 chidiczcono
454 2580 600 2618 Surrenc,
640 2578 854 2608 Wintoniensis
884 2576 1022 2606 diocesis.
1054 2575 1177 2606 Petitio
1209 2576 1266 2605 tua

257 2634 356 2665 nobis
382 2632 530 2664 exhibita
560 2631 750 2662 continebat
771 2631 871 2670 quod,
891 2638 965 2660 cum
985 2629 1093 2660 felicis
1114 2628 1265 2658 recorda-

258 2687 360 2718 tionis
378 2686 570 2716 Alexander
593 2693 690 2724 papa,
710 2684 927 2723 predecessor
949 2683 1074 2718 noster,
1093 2681 1178 2712 bone
1198 2690 1265 2711 1110-

257 2739 364 2770 morie
395 2739 574 2771 Adcniaro,
603 2737 833 2768 &Vinioniensi
862 2737 1032 2775 episcopo,
1065 2734 1264 2774 providendi

258 2801 316 2832 per
335 2801 370 2822 se
389 2792 440 2821 vel
469 2791 573 2821 alium
592 2793 733 2829 quatuor
750 2789 882 2820 clericis
903 2789 988 2823 suis,
1008 2788 1047 2818 de
1065 2786 1189 2826 quibus
1208 2796 1262 2817 cx-

257 2846 371 2885 pedire
410 2845 548 2878 videret,
573 2845 612 2874 de
642 2844 782 2874 totidem
812 2842 986 2873 beneficiis
1011 2840 1263 2875 ecclesiasticis,

258 2897 495 2938 personatibus
510 2898 560 2928 vel
578 2896 810 2936 dignitatibus,
826 2905 901 2926 cuni
918 2904 997 2925 cura
1014 2894 1066 2924 vel
1084 2893 1156 2924 sine
1172 2883 1262 2927 cura}

1017 210 1250 242 {EGISTRES
1282 207 1496 239 D'URBAIN
1528 207 1586 236 IV.

1290 320 1292 331 A
1316 301 1381 331 qu»,
1401 293 1432 322 in
1456 291 1701 330 Burdegilensi
1717 290 1894 329 provincia
1910 292 2002 321 tanto
2025 292 2177 329 tempore
2197 291 2334 321 vacavis-

1318 347 1403 381 sent,
1433 345 1522 383 quod
1542 344 1582 373 ad
1609 344 1722 373 sedeni
1745 343 1966 382 apostolicam
1989 345 2079 373 esset
2098 343 2249 382 ipsorum
2267 344 2332 373 col-

1317 398 1412 433 latio,
1430 397 1614 427 secundun]
1632 396 1871 426 Latmunensis
1888 398 2013 426 statuta
2025 396 2333 435 concilii,legitime

1317 451 1488 485 devoluta,
1513 450 1563 480 vel
1591 450 1630 479 de
1658 449 1864 488 prioratibus
1891 450 2064 479 consuetis
2087 457 2146 488 per
2162 449 2333 479 seculares

1317 504 1458 534 clericos
1484 503 1677 542 gubernari,
1697 503 1743 532 ita
1767 502 1853 541 quod
1873 502 1931 532 uni
1957 502 2078 532 clerico
2095 502 2134 532 de
2151 511 2218 532 uno
2236 501 2333 532 bene-

1318 558 1404 592 ficio,
1434 558 1628 595 personatu,
1657 555 1820 594 dignitate
1850 555 1902 585 vel
1920 555 2072 593 prioratu
2098 555 2332 584 tantummodo

1317 610 1522 649 provideret,
1551 609 1814 639 contradictores
1843 610 1905 638 etc.
1939 617 2046 646 usque
2075 608 2331 646 compescendo,

1318 673 1382 694 non
1411 663 1565 693 obstante
1592 662 1619 691 si
1638 661 1718 691 dicti
1744 661 1857 691 clerici
1880 661 1966 690 alias
1991 660 2182 691 beneficiati
2211 661 2334 690 existe-

1318 717 1404 749 rent,
1431 715 1656 745 concessisset
1676 723 1734 753 per
1761 722 1842 743 suas
1867 714 2000 744 litteras
2025 713 2166 743 liberam
2197 713 2336 743 faculta-

1318 770 1398 803 teni,
1422 768 1508 797 idern
1527 768 1719 806 episcopus,
1745 767 1922 797 attendens
1945 766 2035 805 quod
2060 765 2333 796 archidiaconatu

1318 821 1465 859 Surreye
1485 829 1521 850 ac
1549 820 1626 850 aliis
1646 820 1820 850 beneficiis
1847 820 1915 849 tuis
1938 828 2002 858 que
2022 819 2054 849 in
2085 827 2186 858 regno
2213 819 2334 858 Anglie

1318 873 1465 908 obtines,
1485 873 1673 903 insistendo
1700 873 1851 903 servitiis
1875 873 1997 911 ipsius,
2017 872 2130 902 fueras
2154 872 2334 910 spoliatus,

1318 935 1356 956 ac
1372 927 1491 956 volens
1508 929 1551 961 te,
1570 926 1730 956 clericum
1746 934 1857 961 suuni,
1878 926 1948 956 fore
1967 934 2069 955 unuin
2085 934 2126 955 ex
2138 924 2333 963 hujusmodi

1319 981 1463 1019 quatuor
1481 980 1634 1014 clericos,
1655 979 1694 1009 ad
1712 979 1771 1009 hoc
1790 978 1984 1017 specialiter
2000 980 2031 1008 te
2046 979 2159 1017 elegit,
2179 980 2210 1008 01
2231 986 2334 1017 super

1317 1032 1514 1072 hujusmodi
1532 1032 1727 1072 provisione
1745 1031 1806 1062 tibi
1826 1032 1977 1062 facienda
1995 1031 2165 1062 commisit
2185 1055 2190 1060 .
2209 1031 2334 1069 .pri0ri

1318 1086 1358 1117 de
1376 1086 1566 1120 Leziniaco,
1585 1086 1797 1116 pictavensis
1816 1085 1974 1120 diocesis,
1994 1085 2085 1115 vices
2102 1093 2193 1114 suas.
2213 1084 2336 1115 Dictus

1318 1147 1397 1169 vero
1410 1139 1504 1178 prior
1521 1139 1708 1177 prioratum
1726 1139 1766 1168 de
1782 1138 1956 1173 Narciaco⁷
1976 1137 2248 1177 lingolismensis
2265 1138 2336 1168 dio-

1318 1192 1420 1228 cesis,
1437 1192 1589 1231 ejusdem
1603 1192 1787 1230 provincie,
1807 1193 1865 1230 qni
1878 1193 1969 1222 tanto
1988 1193 2138 1230 ternpore
2157 1192 2335 1221 vacaverat

1319 1245 1408 1284 quod
1428 1246 1469 1275 ad
1488 1246 1629 1276 eandem
1651 1245 1765 1275 sedem
1787 1246 1858 1275 erat
1877 1245 1949 1283 ejus
1976 1244 2125 1280 collatio,
2148 1244 2335 1274 secundum

1319 1299 1429 1337 ipsius
1443 1300 1569 1328 statuta
1587 1298 1731 1333 concilii,
1754 1298 1903 1336 legitime
1921 1297 2091 1332 devoluta,
2110 1296 2173 1327 tibi
2189 1297 2336 1327 contulit

1319 1351 1519 1382 auctoritate
1542 1351 1738 1389 hujusmodi
1767 1351 1972 1385 litterarum,
1991 1359 2027 1380 ac
2046 1352 2078 1380 te
2096 1350 2130 1380 in
2154 1349 2249 1380 illius
2267 1358 2335 1380 cor-

1318 1404 1470 1443 poralem
1499 1404 1753 1443 possessionem
1777 1403 1922 1434 induxit.
1951 1403 2038 1433 Sane
2058 1402 2178 1434 abbate
2204 1404 2236 1433 et
2261 1411 2336 1433 con-

1318 1459 1420 1487 ventu
1453 1457 1650 1487 monasterii
1678 1457 1786 1487 sancti
1816 1456 1973 1496 Eparcbii
1992 1455 2277 1496 Engolismensis,
2294 1455 2336 1486 ad

1319 1519 1404 1549 quos
1437 1511 1517 1540 dicti
1543 1511 1712 1549 prioratus
1736 1510 1776 1540 de
1804 1510 1969 1540 Narciaco
1996 1509 2132 1540 collatio
2164 1509 2334 1548 pertinere

1319 1564 1454 1597 dicitur,
1472 1565 1610 1602 propter
1629 1564 1687 1593 1100
1704 1564 1744 1594 ad
1769 1563 1909 1593 eandem
1938 1563 2052 1593 sedem
2070 1562 2334 1602 appellantibus,

1319 1626 1380 1647 nos
1400 1617 1560 1647 dilectum
1578 1617 1687 1647 filiuni
1701 1618 1854 1647 nostrum
1872 1617 1923 1650 O.,
1942 1616 2050 1646 sancti
2067 1615 2207 1646 Adriani
2227 1616 2336 1646 diaco-

1319 1679 1400 1700 num
1411 1670 1631 1708 cardinalem,
1643 1670 1798 1700 dedimus
1808 1670 1842 1700 in
1859 1678 1961 1700 causa
1972 1669 2167 1708 hujusmodi
2178 1668 2335 1708 partibus

1319 1724 1522 1754 auditorem.

1364 1778 1467 1807 Porro
1491 1786 1551 1816 pro
1576 1778 1670 1815 parte
1693 1776 1919 1814 predictorum
1942 1775 2075 1806 abbatis
2097 1777 2130 1806 et
2149 1776 2335 1806 conventus

1321 1831 1523 1870 proponitur
1540 1830 1628 1869 quod
1646 1830 1720 1865 tibi,
1741 1830 1798 1868 qui
1819 1830 2129 1860 archidiaconatum
2143 1829 2333 1868 predictum

1321 1887 1352 1914 ct
1378 1884 1445 1913 alia
1468 1883 1632 1913 beneficia
1656 1883 1897 1918 ecclesiastica,
1924 1891 2038 1913 curam
2063 1883 2253 1912 animarum
2279 1890 2331 1912 an-

1322 1946 1443 1967 nexain
1462 1937 1618 1967 habentia
1635 1938 1665 1966 et
1685 1945 1749 1966 non
1777 1935 1944 1970 habentia,
1974 1935 2163 1970 obtinebas,
2187 1935 2227 1965 de
2245 1934 2334 1974 pric-

1322 1992 1397 2019 ratu
1418 1990 1504 2028 ipso,
1523 1989 1721 2018 auctoritate
1740 1989 1967 2026 predictarum
1994 1988 2198 2023 litterarum,
2217 1996 2276 2026 pro
2295 1995 2333 2018 co

1321 2043 1410 2081 quod
1431 2043 1462 2071 in
1483 2042 1569 2080 ipsis
1584 2042 1708 2071 litteris
1728 2042 1766 2071 de
1782 2041 1881 2071 dictis
1900 2040 2174 2071 archidiaconatu
2189 2042 2220 2070 et
2238 2040 2334 2070 bene-

1322 2095 1409 2125 ticiis
1430 2095 1555 2125 mentio
1578 2103 1642 2124 non
1662 2094 1773 2130 tiebat,
1797 2103 1861 2124 non
1889 2094 1997 2133 potuit
2021 2093 2204 2132 provideri.
2222 2094 2332 2129 Quare

1323 2148 1420 2178 nobis
1439 2148 1614 2177 humiliter
1631 2147 1831 2186 supplicasti
1850 2149 1897 2182 ut,
1917 2156 1992 2177 011111
2016 2146 2210 2186 hujusmon
2224 2147 2333 2185 gratia

1323 2210 1390 2231 non
1409 2200 1468 2231 tibi
1484 2200 1543 2230 sed
1561 2201 1669 2230 01110111
1687 2201 1846 2239 episcopo
1861 2200 1945 2230 facta
1960 2200 2072 2236 suerit,
2093 2200 2162 2238 qui,
2181 2202 2331 2238 tempore

1323 2254 1577 2293 impetrationis
1596 2254 1800 2289 litterarum,
1817 2253 1857 2283 de
1874 2255 1906 2283 10
1926 2253 2066 2283 forsitan
2085 2252 2226 2283 mininie
2245 2253 2335 2291 cogi-

1321 2308 1420 2342 tarat,
1441 2309 1578 2346 propter
1596 2307 1685 2345 quod
1702 2306 1735 2336 in
1752 2306 1879 2336 eisdem
1903 2306 2028 2336 litteris
2048 2306 2087 2336 de
2111 2305 2213 2336 dictis
2231 2305 2334 2336 archi·

1322 2361 1501 2391 diaconatu
1526 2361 1557 2390 et
1576 2360 1654 2389 aliis
1681 2359 1856 2389 beneficiis
1873 2359 1942 2389 tuis
1961 2359 2087 2389 mentio
2105 2359 2177 2389 sieri
2198 2367 2263 2388 non
2281 2367 2336 2389 va-

1322 2413 1422 2449 lebat,
1450 2413 1629 2451 providere
1658 2412 1720 2443 tibi
1743 2422 1845 2452 super
1863 2412 1922 2442 1100
1942 2414 2080 2451 paterna
2106 2411 2335 2442 sollicitudine

1321 2475 1530 2497 curaremus
1558 2467 1630 2496 Nos
1654 2466 1778 2505 itaque,
1808 2466 1877 2496 tuis
1905 2465 2212 2505 supplicationibus
2241 2464 2335 2495 incli-

1322 2520 1403 2555 nati,
1423 2522 1457 2550 ut
1490 2520 1651 2558 predictis
1674 2528 1738 2558 que
1757 2528 1816 2558 pro
1835 2521 1928 2558 parte
1946 2519 2175 2558 predictorum
2200 2517 2335 2549 abbatis

1322 2575 1353 2604 et
1380 2575 1565 2603 conventus
1594 2575 1837 2611 proponuntur,
1868 2581 2079 2611 nequaquam
2107 2571 2334 2607 obstantibus,

1322 2628 1510 2667 prioratum
1539 2627 1649 2666 ipsum
1675 2634 1748 2656 cuni
1771 2625 1907 2664 juribus
1936 2628 1967 2655 et
2002 2625 2218 2664 pertinentiis
2249 2624 2333 2659 suis,

1322 2681 1423 2712 etiain
1454 2681 1483 2710 si
1510 2680 1760 2719 possessionem
1788 2679 1961 2718 pacificam
1987 2678 2280 2708 archidiaconatus
2302 2678 2335 2708 et

1322 2734 1562 2764 beneficiorum
1604 2733 1831 2771 predictorum
1857 2732 2121 2771 semmei-siveris,
2157 2739 2224 2761 una
2257 2738 2334 2761 cum

1294 2807 1295 2811 ,
1323 2787 1407 2825 ipsis
1425 2785 2034 2816 ;11·1·11’1«1ἰ;11·0111111101110110110115110110
2050 2784 2164 2814 valeas
2174 2784 2333 2819 retinere,

1322 2840 1519 2870 auctoritate
1537 2839 1596 2869 tibi
1615 2838 1823 2877 presentium
1844 2837 2069 2877 indul-genius,
2087 2846 2152 2867 non
2179 2837 2333 2867 obstante

1321 2893 1562 2924 constitutione
1588 2891 1721 2922 concilii
1740 2891 1922 2931 generalis,
1939 2891 1984 2921 ita
2010 2893 2122 2921 tamen
2141 2890 2230 2928 quod
2255 2889 2333 2919 soli-
