2519 3262
1020 187 1257 226 TROISIEME
1285 189 1447 225 ANNEE.

189 279 354 309 dustriam
373 280 491 310 utilior
509 281 540 310 et
556 281 663 319 magis
677 281 830 319 ydoneus
847 280 1020 315 habeatur,
1035 289 1199 319 personas

189 331 282 371 ipsas
315 333 355 362 ad
387 333 566 362 dicendum
595 342 697 372 super
726 333 786 363 hoc
808 334 984 363 veritatem
1007 334 1198 372 astringens

189 384 324 415 vinculo
348 386 531 424 juramenti
562 388 593 416 et
621 395 697 416 eum
727 395 785 424 per
803 395 902 425 quem
925 387 1013 416 idem
1030 387 1199 416 monaste·
1225 379 1227 394 '¹

189 438 276 468 rium
310 439 349 468 de
380 438 528 469 Ebronio
557 439 590 468 in
619 439 857 477 spiritualibus
892 441 923 469 et
952 438 1198 477 temporalibus

188 491 308 521 utilius
344 493 376 522 et
417 492 589 522 salubrius
628 501 727 530 posse
765 492 945 530 gubernari
980 491 1196 530 compereris,
1226 505 1227 539 3

189 544 301 583 ipsum
320 545 350 574 ei
370 545 570 575 auctoritate
590 547 705 575 nostra
725 545 881 583 pretieias
909 545 942 574 in
965 544 1132 578 abbatem,
1152 544 1199 573 al·
1226 543 1227 551 ¹

188 598 252 628 teri
284 606 386 636 super
417 599 526 636 ipsius
556 599 755 628 monasterii
791 599 829 628 de
860 598 1007 628 Ebronio
1036 598 1198 636 regimine

188 653 389 688 perpetuum
417 652 590 681 silentium
612 652 826 689 imponendo.
854 651 950 681 Dicto
968 652 1080 681 autem
1098 651 1149 686 E„
1170 650 1199 680 si

188 704 219 733 ei
238 712 340 742 super
356 705 507 743 ejusdem
530 705 727 734 monasterii
745 705 784 734 de
805 704 953 734 Ebronio
971 704 1135 742 regimine
1154 703 1200 733 si-
1226 720 1227 737 ;

189 757 329 786 lentium
350 757 477 796 imponi
501 757 678 796 contigerit
697 757 749 787 vel
775 758 893 794 sponte
917 757 1069 792 cesserit,
1090 756 1201 795 provi-

189 809 319 839 sionem
331 810 364 840 in
376 810 587 840 ordinatione
599 810 720 849 prefati
731 810 914 840 cardinalis
932 810 972 839 H.
989 818 1199 848 expressam,

189 871 249 900 pro
262 863 506 893 sustentatione
523 872 594 896 sua,
614 863 652 892 de
672 862 769 892 bonis
783 863 981 893 monasterii
996 863 1035 893 de
1052 862 1200 892 Ebronio
1227 863 1228 874 ¹

190 915 294 945 facias
320 916 499 955 assignari.
517 916 589 954 Ipsi
607 925 687 946 vero
703 916 748 950 J.‚
772 916 800 945 si
823 916 1000 955 contigerit
1024 916 1199 946 silentium
1227 934 1228 941 1

189 969 317 1007 imponi
342 969 394 999 vel
423 969 564 999 cesserit
584 970 769 1008 spontanea
792 969 964 999 voluntate
989 978 1091 1008 super
1116 969 1201 1008 regi-

188 1021 279 1052 mine
308 1022 514 1060 supradicto,
548 1022 588 1052 de
618 1021 717 1051 bonis
749 1022 901 1061 ejusdem
921 1023 1120 1052 monasterii
1160 1023 1199 1052 de

188 1074 336 1105 Ebronio
354 1075 585 1114 provisionem
602 1075 769 1115 assignes,
789 1076 828 1105 de
852 1085 919 1115 qua
944 1076 1006 1106 tibi
1031 1076 1201 1106 videbitur

186 1128 347 1166 expedire
365 1129 397 1158 et
415 1129 455 1158 de
475 1137 540 1167 qua
560 1129 698 1159 comode
725 1129 836 1159 valeat
853 1129 1047 1165 sustentari,
1074 1129 1200 1159 faciens

188 1189 245 1211 eos
278 1181 472 1220 hujusmodi
514 1182 769 1220 provisionibus
809 1183 948 1221 pacifica
983 1182 1228 1221 possessione

186 1234 344 1273 gaudere.
371 1235 646 1265 Contradictores
671 1235 871 1266 auctoritate
902 1238 963 1266 etc.
985 1245 1092 1274 usque
1111 1245 1200 1266 com-

188 1288 367 1326 pescendo.
386 1289 461 1319 Non
480 1288 634 1319 obstante
653 1289 681 1318 si
700 1306 749 1317 —,
768 1289 892 1319 Datum
909 1289 998 1327 apud
1018 1289 1199 1319 Urbemve—

188 1342 305 1378 terem,
327 1342 403 1372 idus
424 1342 630 1376 novembris,
651 1351 739 1372 anno
756 1342 867 1373 tertio.
888 1351 904 1371 »

692 1504 816 1536 ornem,
835 1506 865 1532 19
881 1505 1036 1531 novembre
1050 1504 1128 1531 12153.

280 1506 377 1536 2196

188 1635 248 1665 livi,
273 1636 409 1671 majores,
438 1636 571 1669 firmarii,
592 1637 755 1672 justitiarii,
786 1639 998 1671 procuratores.
1024 1637 1140 1664 allocuti
1173 1640 1201 1665 et,
1228 1640 1229 1662 ἶ

188 1685 348 1712 servientes
365 1685 466 1720 ipsius,
485 1685 530 1719 qui
556 1687 631 1720 apud
654 1686 748 1712 locum
770 1687 817 1720 qui
840 1688 1028 1713 Dommmaria
1043 1687 1201 1720 vulgariter
1228 1700 1229 1720 ;

187 1734 359 1769 appellatur,
384 1738 413 1762 et
431 1735 492 1770 ejus
517 1735 721 1769 pertinentias,
749 1736 921 1762 Senonensis
942 1735 1074 1766 diocesis,
1098 1736 1201 1770 quique
1228 1739 1229 1762 1

188 1784 266 1810 locus
289 1784 325 1810 ad
350 1783 444 1817 ipsum
471 1784 582 1810 ratione
606 1784 800 1810 thesaurariae
822 1793 908 1819 quam
940 1784 1102 1811 iueeclesia
1117 1785 1202 1811 Turo-

186 1833 268 1859 nensi
291 1832 412 1862 obtinet,
432 1833 560 1859 noscitur
580 1833 735 1867 pertinere.
759 1833 848 1867 ipsius
870 1836 1022 1867 procurant
1040 1842 1087 1860 seu
1109 1834 1202 1860 admi-

188 1881 312 1908 nistrant
339 1882 454 1916 negotia
479 1884 506 1908 et
529 1882 764 1916 juriSdictionein
785 1886 928 1915 exercent,
950 1882 1040 1917 ipsius
1068 1883 1197 1913 nomine,

187 1930 390 1964 temporalem,
410 1933 558 1964 praetextu
573 1931 782 1965 jurisdictionis
800 1940 848 1957 seu
870 1931 1133 1958 administrationis
1151 1931 1199 1958 hn-

183 1978 321 2013 jusmodi,
350 1987 448 2005 coram
476 1979 570 2013 aliquo
593 1980 700 2015 judice.
722 1980 866 2014 delegato,
894 1983 1055 2011 executore,
1086 1989 1199 2007 conser-
1228 1967 1229 1988 ³

188 2030 283 2054 Vsst0st¹
301 2029 647 2063 velquo1·t111]queuli0,a
670 2029 798 2063 ΡΓΜῙῙΟ1η
815 2030 881 2055 ³0¹¹?
897 2029 938 2055 *⁰1
955 2029 1059 2063 lssg'dfiss
1072 2029 1199 2064 ejusdem
1228 2027 1229 2055 1
1259 2037 1393 2066 videndi
1413 2036 1641 2071 eis‚videlicet
1659 2037 1796 2067 cuilibet
1813 2047 1927 2068 eorum
1948 2039 1979 2068 in
1998 2040 2139 2070 ecclesia
2154 2041 2187 2069 111
2204 2050 2268 2079 qua

187 2077 413 2112 quibuscumque
439 2077 519 2111 locis,
539 2078 667 2113 collegiis
684 2078 726 2105 vel
749 2079 879 2112 personis
896 2087 1033 2105 concesso
1049 2078 1091 2105 vel
1111 2079 1198 2105 ctiam

187 2127 379 2157 concedendo,
401 2127 539 2160 quamdiu
556 2136 652 2154 coram
669 2127 788 2155 officiali
808 2127 965 2154 Senonensi
987 2128 1079 2162 parati
1095 2128 1200 2154 suerint
1228 2127 1229 2134 ¹

188 2178 264 2202 stare
282 2175 351 2210 juri,
369 2176 397 2202 in
419 2184 538 2203 eausam
560 2177 637 2203 nullo
654 2178 738 2204 modo
756 2177 831 2203 tratti
849 2177 971 2211 possint.
991 2177 1070 2205 (Rae.
1087 2178 1131 2207 29,
1151 2177 1199 2204 sol.

187 2225 237 2252 231
255 2230 292 2255 νο,
309 2229 340 2250 n⁰
359 2225 451 2259 1245.)

230 2339 244 2358 «
263 2330 311 2365 S„
335 2329 420 2358 titali
444 2339 468 2358 s.
498 2329 610 2359 Cecilie
624 2329 791 2369 presbitero
820 2330 986 2361 cardinali.
1012 2331 1200 2369 Specialem

188 2381 250 2413 tibi
272 2382 414 2420 gratiam
434 2400 481 2411 —.
500 2383 624 2412 Datum
644 2383 732 2421 apud
757 2383 1045 2420 Urbemveterem,
1065 2394 1124 2413 xiii
1146 2385 1202 2414 ka-

190 2436 308 2466 lendas
327 2435 527 2469 decembris,
548 2445 633 2466 anno
652 2436 762 2467 tertio.
785 2446 801 2466 1)

280 2599 376 2630 2197

693 2598 818 2630 Orvieto.
836 2599 869 2626 19
882 2600 1037 2626 novembre
1053 2601 1129 2628 1263.

227 2682 468 2709 Archidiaconum
503 2682 617 2718 Majoris
648 2682 737 2710 Caleti
769 2683 797 2710 in
830 2684 952 2711 ecclesia
979 2685 1202 2720 Rotliomagensi
1228 2690 1229 2695 ¹

192 2731 330 2765 praedicti
349 2732 449 2758 indulti
467 2732 584 2766 deputat
604 2734 848 2759 conservatorem.
868 2733 945 2767 (nm.
963 2735 1007 2767 29,
1029 2734 1076 2760 tol.
1093 2735 1142 2762 231
1160 2739 1200 2768 v0,

192 2786 221 2807 1]ιι
242 2781 332 2815 1216.)

234 2897 248 2917 t(
264 2886 491 2916 ,tr-chidiacmw
508 2886 638 2926 Majoris
660 2886 759 2917 Caleti
774 2887 805 2916 in
818 2886 941 2917 ecclesia
958 2888 1200 2929 ltotlzomaqensi.

314 2940 453 2968 URBAIN
475 2939 528 2972 IV,
549 2942 570 2967 t.
592 2940 648 2973 111,
672 2941 736 2974 Rcy.
758 2940 819 2967 ord.

2207 207 2260 235 361

1257 280 1442 319 Specialein
1475 281 1597 311 dilecto
1631 283 1698 312 tilio
1719 301 1766 311 —.
1793 284 1912 314 Datum
1933 286 2020 322 apud
2050 286 2264 318 [rbemvete—

1225 373 1227 378 X
1257 342 1339 369 reni,
1359 343 1418 363 xiii
1440 334 1603 364 kalendas
1623 336 1823 373 decembris,
1843 347 1928 367 anno
1947 340 2055 369 tertio.
2080 350 2094 367 1)

1346 507 1443 537 2198

1756 508 1880 541 Orvieto,
1895 509 1929 535 21
1945 510 2100 536 novembre
2118 511 2192 538 12133.

1292 588 1386 619 Petro,
1403 591 1540 617 canonico
1551 591 1730 622 Bononiensi,
1746 593 1863 618 mandat
1877 596 1903 619 111
1923 593 2100 623 [inanimum.
2117 595 2264 625 clericum,

1226 649 1227 658 1
1257 640 1356 663 natum
1373 638 1514 666 Venturae
1537 640 1685 666 Men-{adri
1701 641 1734 667 de
1754 641 1976 676 bargu,[1ullmn
1999 643 2165 669 benetieinm
2189 653 2265 670 asse-

1257 689 1369 716 cutum,
1394 688 1511 714 obtentu
1538 689 1579 714 R..
1604 698 1625 714 s.
1645 689 1744 723 Δ11111011
1774 690 1886 716 diaconi
1905 692 2071 717 cardinalis.
2094 692 2120 717 in
2145 693 2265 719 ecclesia

1226 746 1227 750 ¹
1257 743 1280 761 s.
1299 736 1499 771 tlhristopliori
1514 738 1547 763 de
1566 738 1666 772 burga,
1684 739 1811 765 Lucanae
1836 740 1968 771 diocesis,
1987 740 2014 766 in
2033 741 2202 767 canonicum
2220 750 2265 767 re-

1257 783 1312 818 cipi
1333 784 1429 811 saciat.
1449 786 1523 818 (Rau.
1536 786 1639 819 211,ΓΟΙ.
1653 787 1702 814 231
1722 792 1761 819 v0,
1779 793 1808 813 nn
1827 789 1917 818 1247.)

1301 902 1315 921 1(
1341 891 1444 926 Petro,
1465 894 1610 922 canonico
1637 894 1831 924 Bononiensi.
1853 896 1895 926 Ut
1912 896 2070 927 dilectum
2093 898 2199 927 lilium
2215 917 2264 928 —.

1258 944 1383 974 Datum
1402 946 1490 984 apud
1507 946 1795 984 Urbemveterem,
1816 958 1873 978 vni
1892 949 2053 979 kalendas
2066 950 2265 988 decembris,

1259 1006 1344 1028 anno
1362 999 1473 1028 tertio.
1493 1009 1507 1028 »

1349 1166 1446 1197 2199

1773 1167 1896 1198 Orvieto,
1913 1169 1929 1195 5
1944 1168 2098 1194 novembre
2119 1169 2195 1195 12133.

1298 1250 1431 1277 Decernit
1449 1252 1479 1276 ut
1507 1251 1577 1277 certi
1602 1250 1698 1277 clerici
1721 1251 1836 1286 reginae
1859 1252 2004 1283 Franciae,
2022 1261 2112 1286 nuper
2132 1252 2161 1279 in
2182 1254 2268 1280 certis

1262 1299 1392 1325 ecclesiis
1416 1298 1444 1325 in
1460 1300 1614 1326 canonicos
1631 1300 1749 1334 recepti,
1770 1301 1946 1334 praebendas
1963 1304 2152 1336 assequantur
2168 1302 2197 1328 in
2215 1301 2269 1328 eis-

1263 1348 1330 1373 dem
1352 1348 1493 1381 ecclesiis,
1512 1348 1592 1383 juxta
1619 1349 1815 1383 receptionum
1835 1357 1950 1376 suarum
1970 1350 2110 1377 ordinem.
2130 1351 2204 1385 (neu.
2222 1352 2267 1385 29,

1262 1396 1308 1423 sol.
1325 1398 1387 1427 232,
1402 1402 1431 1423 n⁰
1449 1397 1536 1431 1248.)

1302 1513 1316 1531 1(
1339 1503 1502 1533 Carissimc
1532 1504 1560 1532 in
1580 1504 1701 1534 Christo
1725 1504 1788 1544 filie
1814 1510 1840 1534 et
1861 1505 1974 1535 illustri
1996 1507 2098 1546 rcyine
2125 1507 2265 1538 Francie.

230 1589 239 1595 Ἰ
298 1587 302 1591 ,
353 1587 357 1591 ,
479 1588 483 1592 ,
502 1587 506 1592 ,
826 1588 831 1593 ,
888 1588 893 1593 ,
934 1589 939 1593 ,
1228 1582 1229 1586 ,
1261 1556 1403 1594 Propter
1420 1557 1609 1587 devotionis
1624 1559 1926 1596 promptitudinem
1944 1561 1975 1589 et
1991 1560 2068 1590 fidei
2086 1561 2267 1599 puritatem

225 1588 358 1621 5.,1111111
379 1596 402 1615 s.
420 1587 542 1614 Cerillae
566 1588 732 1623 presbytero
754 1589 905 1621 cardinali,
934 1589 1058 1623 indulget
1088 1592 1116 1615 ut
1144 1588 1201 1615 tal·
1228 1609 1229 1615 ,

1261 1618 1345 1647 quas
1364 1610 1403 1639 ad
1424 1619 1483 1640 nos
1502 1612 1534 1640 et
1552 1611 1739 1640 Romanam
1758 1612 1849 1650 geris
1865 1613 2165 1647 ecclesiain,1iobis
2181 1614 2268 1644 cedit

1261 1663 1293 1692 in
1309 1663 1467 1702 gaudium
1486 1664 1573 1693 circa
1591 1666 1682 1694 tuam
1702 1666 1734 1694 et
1749 1664 1810 1694 tibi
1827 1665 2085 1704 obsequentium
2107 1676 2268 1705 personas

1261 1725 1429 1755 exponere
1443 1717 1627 1755 apostolice
1640 1717 1859 1756 benignitatis
1880 1719 2045 1749 affectum.
2065 1721 2209 1750 Proinde
2225 1721 2269 1750 si-

1260 1770 1395 1808 quidem
1413 1770 1535 1800 dilecto
1552 1770 1622 1800 tilio
1641 1796 1646 1801 .
1662 1793 1667 1799 .
1686 1760 1799 1801 abbati
1817 1773 2014 1802 monasterii
2028 1773 2135 1803 sancti
2150 1774 2268 1804 Dioni-

1261 1823 1316 1859 sii,
1334 1823 1542 1852 Parisiensis
1563 1823 1721 1860 diocesis,
1739 1824 1882 1854 faciendi
1898 1834 1956 1863 per
1971 1834 2005 1855 se
2023 1826 2074 1856 vel
2088 1835 2146 1864 per
2163 1827 2268 1857 alium

1260 1878 1403 1915 (piatuor
1428 1876 1467 1906 de
1491 1876 1622 1906 clericis
1647 1877 1728 1913 tuis,
1752 1877 1877 1915 quibus
1901 1879 2077 1916 providere
2096 1880 2211 1915 velles⁷
2234 1881 2268 1910 in

1261 1931 1404 1968 quatuor
1422 1929 1574 1959 ecclesiis
1590 1931 1682 1968 regni
1701 1931 1840 1961 Francie
1860 1931 2060 1970 collegiatis,
2074 1942 2137 1963 non
2157 1936 2267 1964 tamen

1258 1982 1517 2018 cathedralibus,
1538 1983 1640 2021 recipi
1658 1983 1689 2013 in
1705 1984 1883 2014 canonicos
1902 1988 1930 2015 et
1953 1985 1984 2014 in
2003 1986 2124 2016 tratres
2142 1996 2177 2016 ae
2195 1996 2266 2025 pro-

1258 2092 1414 2128 receptns
1430 2090 1524 2123 toret,
1537 2090 1576 2120 de
1586 2090 1756 2128 prebenda
1773 2091 1800 2120 si
1818 2100 1883 2130 qua
1898 2094 1975 2122 tunc
1988 2093 2125 2123 vacabat
2142 2094 2268 2124 ibidem

1258 2144 1313 2174 vel
1334 2144 1587 2182 quamprimum
1598 2144 1681 2173 adid
1699 2153 1734 2174 se
1751 2145 1884 2175 otl'erret
1901 2147 2124 2184 oportunitas,
2140 2157 2267 2177 necnon

1259 2197 1525 2227 contradictores
1544 2206 1603 2235 per
1624 2206 1800 2227 censuram
1825 2199 2101 2235 ecclesiasticam,
2122 2201 2267 2239 appella-

1258 2251 1349 2280 tione
1381 2251 1581 2289 postposita,
1619 2252 1853 2289 compescendi
1888 2252 2022 2290 plenam
2060 2256 2091 2283 et
2125 2254 2267 2284 liberam

1259 2304 1470 2334 concessisse
1494 2304 1639 2333 dicimur
1667 2313 1724 2342 per
1751 2307 1885 2334 nostras
1905 2305 2036 2335 litteras
2061 2306 2264 2337 facultatem.

1258 2357 1465 2396 Hujusmodi
1499 2359 1611 2387 autem
1646 2357 1834 2387 litterarum
1874 2359 2083 2393 anctoritate,
2107 2362 2268 2399 magister

1259 2412 1381 2441 Petrus
1400 2411 1439 2441 de
1467 2411 1633 2449 Haugiaeo
1657 2411 1691 2440 in
1716 2411 1822 2441 sancti
1842 2412 2037 2448 Audomari,
2064 2414 2269 2444 Morinensis

1228 2487 1230 2490 .
1259 2465 1419 2500 diocesis,
1446 2464 1635 2495 Richardus
1660 2465 1693 2494 111
1717 2465 1824 2494 sancti
1849 2466 1986 2496 Martini
2010 2467 2218 2497 Turonensis
2237 2470 2270 2498 et

1259 2518 1477 2552 Guillelmus,
1504 2517 1616 2547 clerici
1642 2518 1702 2553 tui,
1723 2517 1847 2556 quibus
1868 2519 2039 2557 provideri
2065 2521 2217 2556 voluisti,
2236 2521 2269 2551 in

1228 2596 1230 2606 ,
1260 2571 1369 2601 sancti
1392 2570 1537 2601 Firmini
1562 2570 1803 2601 Ambianensis
1828 2572 1982 2602 ecclesiis
2004 2573 2099 2612 regni
2118 2573 2270 2612 ejusdem

1260 2625 1418 2654 canonice
1444 2624 1568 2662 recepti
1589 2624 1746 2654 dicuntur
1774 2625 1808 2654 in
1827 2626 2005 2656 canonicos
2024 2628 2055 2657 et
2074 2627 2107 2657 in
2136 2627 2268 2659 fratres.

1259 2679 1330 2708 Nos
1344 2678 1467 2716 itaque,
1479 2678 1548 2707 tuis
1563 2677 1870 2715 supplicationibus
1882 2679 2046 2715 inclinati,
2061 2682 2271 2719 receptiones

1260 2731 1453 2770 hujiismodi
1472 2734 1560 2760 ratas
1579 2733 1611 2760 et
1625 2730 1739 2760 firmas
1757 2730 1921 2762 habentes
1939 2741 1975 2762 ac
1993 2741 2050 2763 eas
2074 2736 2271 2764 auctoritate

1261 2784 1448 2823 apostolica
1474 2784 1722 2818 confirmantes.
1746 2783 1807 2814 tibi
1832 2793 1869 2815 ac
1886 2785 1971 2823 ipsis
1988 2794 2046 2824 per
2073 2789 2102 2817 te
2130 2787 2272 2817 auetori-

1261 2838 1327 2868 tate
1354 2837 1562 2875 presentium
1590 2836 1804 2875 indulgemus
1835 2839 1869 2868 ut
1885 2839 2046 2878 magister
2064 2840 2196 2875 Petrus,
2215 2841 2271 2871 Ri-

1261 2890 1404 2920 chardus
1431 2891 1462 2920 et
1491 2889 1694 2919 Guillelmus
1720 2890 1864 2928 predicti
1891 2891 1925 2921 in
1958 2892 2085 2923 eisdem
2118 2893 2273 2923 ecclesiis

2113 2946 2147 2972 40
