2519 3262
235 210 291 239 182

231 293 359 323 eisdem
380 293 532 323 ecclesiis
546 291 769 330 personaliter
781 291 980 328 residerent,
995 300 1059 323 non
1085 291 1238 322 obstante

231 346 399 376 contraria
430 346 582 385 ipsarum
603 345 822 376 ecclesiarum
845 345 1088 375 consuetudine
1106 345 1157 375 vel
1176 346 1238 375 sta-

231 399 332 438 tuto‚j
347 400 533 435 uramento,
545 398 798 429 confirmatione
812 398 902 428 sedis
916 399 1098 437 apostolice
1110 398 1161 427 vel
1172 397 1238 427 alia

231 451 382 491 qualibet
412 452 572 482 firmitate
596 451 743 481 vallatis.
763 451 857 482 Nulli
883 460 961 491 ergo
976 453 1089 482 nostre
1105 459 1236 481 conces-

231 505 337 535 sionis
355 507 416 535 etc.
440 506 564 535 Datum
587 505 674 543 apud
699 504 984 539 Urbemveterem,
1005 513 1055 534 xvt
1077 504 1238 535 kalendas

231 558 354 595 martit,
377 567 463 588 anno
479 558 589 588 tertio.
611 568 625 587 »

769 756 892 788 Orvieto,
910 758 945 784 25
963 756 1066 783 sevrier
1087 757 1164 784 1262.

323 757 414 788 1337

263 844 354 871 Fratri
379 844 523 871 Gausrido.
550 845 642 872 eleeto
666 845 846 879 'l'aui·iucnsi,
863 845 990 881 indulget
1018 848 1047 873 ut
1067 847 1184 873 domum
1204 847 1238 873 de

227 892 408 925 Rivomumo,
421 893 607 920 Taurincnsis
622 894 754 925 diocesis,
770 895 803 921 ad
821 894 961 929 hospitale
979 904 1001 922 s.
1017 896 1145 929 Antonii,
1159 896 1239 923 Vien-

227 941 325 969 nensis
348 943 483 974 diocesis,
502 945 697 977 spectantem,
716 952 770 971 una
787 952 850 970 eum
869 945 1032 979 episcopatu
1051 945 1172 972 retinere
1190 953 1239 971 va-

227 990 296 1019 lcat.
314 992 391 1025 (liae.
410 992 454 1023 29,
471 991 519 1019 sol.
535 993 586 1019 110
602 998 638 1023 νο,
656 998 685 1019 n⁰
699 992 774 1025 387.)

268 1117 282 1137 «
304 1107 411 1137 Fratri
427 1107 592 1147 Gausrido,
610 1108 701 1138 elcclo
715 1109 903 1139 Tam-inensi.
921 1110 1046 1148 Nuper,
1061 1112 1239 1149 antequam

227 1169 321 1191 esses
349 1162 389 1192 ad
418 1161 568 1201 regimen
603 1162 747 1193 ecclesie
776 1163 999 1193 Taurinensis
1030 1165 1237 1202 assumptus,

228 1214 396 1253 quandam
422 1214 557 1245 domum
585 1224 648 1254 que
687 1215 808 1246 dicitur
839 1215 874 1245 de
902 1216 1093 1253 Rivomurso,
1121 1217 1238 1247 Tauri-

227 1268 345 1298 nensis
364 1268 522 1304 diocesi&
539 1269 578 1298 ad
598 1269 765 1307 hospitale
781 1269 887 1299 sancti
904 1270 1054 1307 Antonii,
1072 1270 1239 1301 Viennen-

228 1320 276 1350 sis
294 1321 450 1357 diocesis,
470 1322 706 1360 pertinentem,
729 1331 765 1352 ac
784 1324 956 1353 vacantem
973 1324 1052 1353 tunc
1075 1332 1134 1362 per
1152 1333 1239 1354 mor-

226 1375 295 1403 tem
325 1373 440 1404 fratris
460 1374 614 1411 Martini,
639 1376 845 1413 preceptoris
869 1376 1031 1414 ejusdem,
1062 1376 1136 1413 tibi,
1159 1379 1238 1407 tunc

226 1427 413 1465 preceptori
449 1427 528 1457 dicti
560 1427 742 1466 hospitalis
767 1428 800 1458 in
832 1429 1026 1465 Wasconia,
1053 1430 1237 1468 apostolica

227 1479 425 1509 auctoritate
450 1481 671 1516 contulimus,
696 1481 916 1512 investientes
944 1484 975 1512 te
1002 1491 1061 1521 per
1085 1485 1234 1514 nostrum

226 1532 365 1562 anulum
393 1533 646 1571 presentialiter
663 1535 703 1564 de
722 1535 849 1566 eadem.
871 1536 961 1566 Licet
981 1536 1083 1575 igitur
1104 1539 1236 1576 aposto-

225 1585 289 1615 lice
317 1587 494 1624 superhoc
527 1587 638 1618 littere
668 1588 816 1619 confecte
849 1598 913 1619 non
946 1590 1081 1627 fuerint,
1104 1599 1163 1629 pro
1198 1600 1235 1621 eo

226 1639 316 1677 quod
337 1639 533 1670 immediate
553 1641 648 1679 quasi
666 1643 695 1671 te
707 1642 747 1671 ad
761 1642 952 1680 hujusmodi
972 1644 1119 1681 regimen
1139 1644 1234 1674 duxi—

226 1700 301 1721 mus
328 1694 585 1730 assumendum,
611 1695 762 1725 volentes
784 1697 896 1726 tamen
930 1698 965 1726 ut
994 1697 1236 1728 nichilominus

225 1744 416 1784 hujusmodi
442 1747 548 1785 gratia
578 1747 609 1777 in
628 1758 689 1778 sua
718 1750 876 1779 firmitate
904 1750 1074 1788 perduret,
1096 1752 1234 1781 eandem

226 1798 359 1828 domum
381 1799 420 1829 dc
450 1801 669 1838 Rivomurso,
687 1811 762 1832 cum
782 1803 938 1833 omnibus
963 1803 1097 1842 juribus
1112 1807 1143 1835 et
1164 1814 1236 1843 per-

227 1851 378 1881 tinentiis
409 1853 493 1889 suis,
514 1855 716 1885 auctoritate
738 1855 799 1885 tihi
829 1857 1025 1894 apostolica,
1057 1867 1163 1896 usque
1196 1859 1235 1888 ad

226 1906 339 1934 nostre
358 1905 542 1936 voluntatis
563 1907 821 1946 beneplacitum,
842 1918 1066 1946 reservamus,
1084 1910 1144 1941 tibi
1161 1920 1234 1941 auc-

227 1957 360 1987 toritate
390 1960 611 1990 concedentes
632 1961 747 1991 eadem
766 1965 800 1992 ut
820 1963 1004 2001 predictam
1021 1964 1169 2001 domum,
1184 1974 1236 1994 us-

227 2019 291 2049 que
309 2011 349 2040 ad
367 2011 559 2050 liujiismodi
585 2013 842 2053 beneplacitum,
863 2025 927 2046 una
945 2026 1019 2046 cum
1040 2017 1235 2056 episcopatu

226 2063 442 2099 Ἥκω-11101151,
473 2067 652 2096 contrariis
673 2076 837 2099 canonum
862 2070 1162 2100 constitutionibus
1182 2080 1232 2101 ne-

226 2125 394 2155 quaquam
420 2118 649 2157 obstantibus,
681 2121 785 2151 libere
812 2122 925 2152 valeas
958 2124 1113 2154 retinere.
1138 2124 1233 2154 Nulli

225 2178 302 2208 ergo
335 2173 447 2201 nostre
468 2173 713 2203 reservationis
738 2177 798 2205 etc.
824 2176 947 2206 Datum
977 2177 1063 2215 apud
1094 2176 1230 2208 Urbem-

226 2224 384 2259 veterem,
405 2233 433 2254 vi
464 2225 625 2256 kalendas
645 2227 768 2263 martii,
795 2237 882 2259 anno
906 2230 1014 2260 tertio.
1036 2240 1050 2259 »

319 2419 411 2450 1338

768 2421 891 2453 Orvicto,
910 2424 944 2450 25
961 2422 1064 2449 sevi-ier
1085 2424 1160 2450 1202.

261 2506 363 2533 Abbati
389 2507 422 2533 ‹le
444 2516 465 2534 s.
487 2508 595 2539 Mauro,
610 2510 792 2537 'taurinensis
813 2511 945 2543 diocesis,
961 2513 1156 2547 praescriptae
1178 2514 1234 2540 eol-

226 2554 341 2581 lationis
359 2556 555 2583 executionem
572 2558 739 2586 committit.
754 2559 832 2594 (lma,
849 2562 892 2592 29,
908 2560 927 2587 s⁰
940 2561 998 2592 117,
1020 2567 1049 2587 11ο
1067 2562 1143 2593 388.)

266 2680 281 2698 a
304 2669 419 2700 Abbati
435 2671 471 2701 de
486 2682 508 2700 S.
528 2672 644 2710 Mauro,
672 2674 865 2705 Tmo-inermis
883 2675 1019 2706 diocesis.
1035 2676 1162 2715 Nuper,
1180 2686 1234 2707 an-

225 2724 360 2762 tequam
390 2725 532 2756 dilectus
550 2745 598 2757 —.
625 2728 748 2759 Datum
780 2729 868 2769 apud
893 2729 1181 2767 Urbemveterem,
1200 2741 1231 2762 vi

225 2776 387 2808 kalendas
405 2779 529 2813 martii,
548 2789 634 2811 anno
652 2782 762 2812 tertio.
783 2791 799 2812 ))

1267 1632 1269 1645 l

979 207 1223 239 REGISTRES
1251 207 1463 238 D’URBAIN
1495 207 1551 237 IV.

1837 291 1961 325 Orvieto,
1980 292 2012 319 13
2033 291 2138 318 sevrier
2157 292 2233 320 1262.

1388 293 1484 324 1339

1330 375 1520 402 'thesaurario
1543 376 1680 403 'l'olctano
1697 376 1816 402 mandat
1837 378 1877 407 ut,
1897 384 1913 402 a
1929 375 2080 403 Guillelmo
2100 376 2239 404 canonico
2259 386 2306 404 ec-

1295 423 1401 451 clesiae
1411 425 1577 457 Tutelanac,
1588 425 1795 459 'tyrasonensis
1808 425 1941 457 diocesis,
1951 433 2093 460 germano
2108 425 2185 460 regis
2200 426 2307 453 Navar-

1297 480 1354 504 rae,
1371 473 1565 507 resignatione
1583 477 1710 508 recepta,
1724 473 1926 501 canonicatum
1950 476 1977 500 et
1994 474 2186 508 praebendam
2200 474 2307 509 magis-

1295 525 1340 550 tro
1360 523 1488 549 Navarro
1508 522 1648 550 conferat.
1672 523 1750 554 (Rae.
1770 523 1814 556 29,
1831 523 1853 549 s⁰
1876 524 1934 554 117,
1955 531 1985 550 no
1999 524 2075 557 389.)

1339 639 1352 656 1(
1375 628 1578 658 Thesaurario
1599 628 1752 658 Joletano.
1771 628 1866 665 Cum,
1886 629 2188 669 sicutaccepimuS,
2205 630 2307 661 ‹tilec-

1294 683 1350 712 tus
1382 682 1475 712 filius
1506 682 1723 716 Gusslelmus,
1758 683 1940 713 canonicus
1969 683 2110 713 ecclesie
2130 683 2305 721 Tutelane,

1295 736 1546 774 Tyrasonensis
1562 736 1913 775 diocesis‚germanus
1933 736 2107 767 karissimi
2128 737 2160 767 in
2173 737 2306 768 Christo

1295 789 1356 819 filii
1377 789 1482 819 nostri
1504 813 1523 819 ..
1551 790 1641 828 regis
1664 790 1814 820 Navarre
1837 790 1994 821 illustris.
2013 791 2247 821 canonicatum
2275 792 2307 821 et

1295 842 1499 882 prebendam
1517 852 1601 882 quos
1621 843 1651 873 in
1672 843 1743 882 ipsa
1761 843 1902 874 ecclesia
1919 843 2058 878 obtinet,
2075 844 2119 874 sit
2136 843 2241 875 libere
2259 852 2306 875 re-

1296 897 1429 935 signare
1442 898 1592 935 paratus,
1621 906 1693 933 nos,
1715 897 1838 927 dilecto
1864 897 1933 927 filio
1958 897 2120 936 magistro
2140 898 2305 935 Nax-arm,

1296 950 1469 989 capellano
1497 952 1624 987 nostro,
1649 950 1736 989 juris
1755 950 1867 981 civilis
1893 950 2091 989 professori,
2117 950 2308 981 considera·

1295 1004 1386 1034 tione
1403 1004 1601 1034 meritorum
1621 1013 1772 1040 suorum,
1798 1003 1923 1043 quibus
1948 1004 2073 1042 pollere
2106 1004 2306 1041 dinoscitur,

1297 1059 1328 1087 et
1347 1057 1485 1088 obtentu
1498 1058 1588 1096 regis
1603 1057 1765 1097 ejusdem,
1783 1060 1933 1088 nostram
1953 1066 2055 1096 super
2072 1058 2133 1088 hoe
2152 1066 2210 1098 per
2226 1066 2307 1089 suas

1296 1110 1430 1141 litteras
1445 1111 1587 1150 gratiam
1607 1111 1833 1150 implorantis²
1848 1111 1887 1142 de
1902 1111 2094 1151 hujusmodi
2109 1112 2306 1143 canonicatu

1296 1165 1327 1194 et
1344 1164 1513 1203 prebenda
1527 1165 1680 1196 volentes
1697 1165 1839 1205 gratiam
1861 1165 1967 1196 facere
1982 1166 2162 1204 specialem
2181 1166 2306 1197 discre-

1297 1217 1381 1247 tioni
1416 1219 1471 1248 tue
1496 1219 1698 1248 mandamus
1717 1220 1895 1257 quatenus,
1919 1219 1947 1248 si
1974 1221 2023 1250 est
2044 1219 2100 1256 ita,
2119 1219 2158 1249 ab
2189 1220 2306 1250 eodem

1297 1270 1481 1301 Guillelmo
1512 1271 1565 1302 vel
1605 1274 1821 1310 procuratore
1852 1281 1924 1308 suo,
1956 1273 1996 1302 ad
2027 1272 2087 1303 hoc
2113 1273 2307 1311 specialiter

1297 1324 1491 1361 constituto,
1513 1333 1629 1355 eorum
1659 1325 1877 1356 canonicatus
1892 1327 1922 1356 et
1948 1325 2116 1364 prebende
2133 1325 2240 1357 libera
2257 1334 2306 1357 re-

1297 1377 1488 1416 signatione
1504 1379 1660 1418 [recepta‚
1681 1379 1775 1418 ipsos
1796 1379 1905 1409 eidem
1932 1380 2094 1418 magistro
2118 1388 2177 1418 per
2200 1382 2232 1410 te
2256 1379 2307 1411 vel

1299 1439 1358 1469 per
1374 1431 1478 1461 alium
1497 1432 1696 1463 auctoritate
1721 1434 1837 1463 nostra
1855 1432 2009 1463 conferas
2028 1435 2058 1463 et
2077 1433 2241 1473 assignes,
2260 1433 2307 1464 in-

1298 1484 1423 1514 ducens
1444 1493 1519 1514 eum
1544 1485 1593 1515 vc]
1616 1487 1868 1524 procuratorem
1887 1495 1998 1522 Suum,
2018 1487 2090 1525 ejus
2105 1487 2252 1521 nomine,
2273 1487 2306 1517 in

1296 1538 1504 1576 corporalem
1536 1539 1769 1577 possesionem
1798 1539 1949 1578 ipsorum
1981 1541 2013 1570 et
2043 1540 2229 1571 defendens
2259 1541 2306 1571 in-

1267 1613 1269 1623 t
1295 1591 1444 1621 ductum.
1473 1592 1546 1622 Non
1574 1592 1728 1623 obstante
1750 1593 1779 1622 si
1802 1611 1850 1623 —.
1873 1593 2145 1624 Contradictores
2170 1595 2232 1625 etc.
2253 1602 2307 1624 us-

1267 1646 1269 1675 Ῑ
1295 1654 1359 1683 que
1374 1645 1629 1684 compescendo.
1657 1647 1780 1676 Datum
1809 1646 1897 1685 apud
1922 1646 2209 1684 Ir'rbemveterem,
2229 1648 2306 1678 idus

1296 1698 1469 1735 februarii,
1489 1708 1575 1730 auno
1592 1700 1702 1731 tertio.
1722 1709 1738 1730 »

1388 1874 1430 1904 13
1440 1874 1481 1905 '10

1837 1874 1960 1905 Ort-iero,
1984 1875 2013 1901 12
2030 1874 2134 1901 fexrier
2158 1875 2235 1902 1252.

1331 1958 1473 1992 liplscopo
1489 1958 1652 1985 Miniatensi
1676 1960 1792 1986 mandat
1815 1962 1844 1986 ut
1865 1960 2033 1994 Raymundo
2047 1960 2171 1992 Peissos,
2188 1959 2307 1994 pauperi

1295 2006 1400 2033 cli-rivo
1419 2007 1637 2039 Δ11111111101151,«11-
1653 2008 1748 2041 aliquo
1763 2009 1959 2035 ecclesiastico
1975 2008 2110 2035 beneficio
2127 2009 2161 2035 ad
2178 2008 2307 2035 collatio-

1294 2064 1358 2081 nem
1377 2056 1490 2082 abbatis
1511 2059 1537 2082 et
1566 2059 1723 2082 cmiv-:ntus
1750 2057 1918 2084 monasterii
1939 2058 1973 2083 de
2002 2057 2132 2087 Cliiraco,
2155 2057 2262 2084 ordiris
2281 2065 2305 2084 s.

1266 2115 1267 2119 =
1295 2104 1450 2133 Benedicti.
1470 2105 1649 2131 §limatensis
1667 2105 1800 2138 diocesis,
1816 2109 1974 2140 spectante.
1991 2106 2148 2140 provideat.
2165 2106 2244 2141 (nau.
2259 2111 2304 2134 ΔΙ.

1293 2153 1329 2179 tol
1350 2154 1408 2185 117,
1426 2158 1455 2179 11⁰
1475 2154 1550 2187 390.)

1333 2272 1347 2289 t<
1366 2261 1524 2300 Episcopo
1547 2260 1729 2290 ⁴llinmlensi.
1750 2261 1963 2292 constitutas
1988 2262 2021 2292 in
2039 2263 2211 2301 presentia
2229 2271 2306 2294 nos-

1293 2315 1342 2343 tra
1359 2314 1501 2343 dilectus
1526 2314 1616 2344 tilius
1641 2314 1863 2353 llaymundus
1886 2314 2036 2351 Peissos,
2061 2324 2189 2354 pauper
2208 2315 2306 2346 cleri-

1291 2376 1350 2396 cus
1368 2367 1593 2403 Mimatensis,
1613 2367 1710 2397 nobis
1728 2367 1902 2397 humiliter
1926 2368 2129 2407 supplicavit
2157 2371 2204 2405 111,
2230 2378 2306 2400 cum

1293 2420 1374 2459 ipse,
1397 2421 1481 2450 >icat
1503 2421 1634 2457 asserit,
1662 2421 1791 2451 nullum
1809 2422 1853 2451 sit
1877 2420 2078 2452 beneficium
2104 2422 2307 2453 ecclesiasti-

1291 2483 1366 2503 cum
1389 2475 1578 2510 assecutus,
1600 2474 1770 2513 provideri
1800 2474 1865 2504 sibi
1891 2475 1931 2505 de
1948 2474 2156 2514 benignitate
2174 2478 2306 2514 aposto-

1292 2527 1355 2557 lica
1383 2527 1633 2557 mamlaremus.
1667 2527 1759 2558 Licet
1780 2530 1892 2558 autem
1927 2528 2070 2558 clericus
2099 2529 2183 2568 ipse,
2203 2537 2303 2568 quem

1292 2589 1349 2619 per
1368 2581 1529 2611 dilectum
1560 2581 1666 2611 tilium
1692 2582 1891 2620 magistrum
1924 2581 2074 2619 Petrum,
2100 2581 2304 2613 archidiaco-

1285 2643 1371 2664 num
1401 2634 1613 2664 Broliensem
1645 2634 1679 2664 in
1708 2634 1852 2665 ecclesia
1872 2635 2077 2673 Agennensi‚
2110 2635 2302 2666 examinari

1292 2686 1434 2716 fecimus
1452 2686 1644 2725 diligenter,
1670 2687 1827 2717 inventus
1850 2687 1981 2717 dicatur
1999 2688 2106 2718 fuisse
2123 2688 2156 2718 111
2177 2688 2303 2719 littera-

1291 2741 1365 2769 tura
1392 2742 1621 2778 competenter
1643 2740 1796 2780 ydoneus
1820 2741 1861 2771 ad
1884 2740 2153 2772 ecclesiasticum
2183 2741 2306 2772 benefi-

1291 2793 1378 2823 cium
1393 2793 1624 2830 obtinendum,
1645 2794 1725 2832 quia
1742 2796 1852 2824 tamen
1879 2793 1976 2824 nobis
1999 2794 2039 2824 de
2056 2794 2167 2834 ipsius
2185 2795 2254 2825 vita
2273 2795 2306 2826 et

1290 2847 1546 2877 conversatione
1565 2856 1630 2877 non
1657 2847 1822 2884 constitit,
1856 2847 2059 2878 fraternitati
2090 2850 2145 2878 tue
2169 2848 2306 2878 manda-

1291 2908 1366 2929 mus
1383 2904 1563 2938 quatenu&
1576 2900 1664 2931 circa
1680 2900 1783 2930 vitam
1800 2902 1831 2931 et
1851 2901 2142 2931 conversationem
2153 2901 2303 2940 ejusdem
