2519 3262
243 236 304 267 402

746 317 869 350 Orxieto,
886 317 917 344 *18
932 317 1084 343 decembre
1104 316 1180 344 1203.

334 321 431 352 2392

279 403 418 438 Episcopo
447 402 624 437 wibergensi
651 402 768 428 mandat
792 404 823 429 ut
847 401 948 436 Magno
975 402 1009 428 dc
1036 401 1127 432 Datin,
1149 400 1254 427 clerico

244 452 449 488 Burglancnsis
464 452 597 483 diocesis,
618 451 771 479 ecclesiam
788 452 823 478 de
844 451 989 482 Snestuth,
1013 450 1141 485 ejusdcm
1161 450 1255 477 dioce-

244 502 294 534 sis,
312 501 390 537 cujus
405 501 519 528 collatio
536 502 570 527 nd
591 502 688 527 sedem
715 500 918 534 apostolicam,
944 500 1026 535 juxta
1052 499 1254 525 Lateruncnsis

243 550 355 578 concilii
378 552 494 583 statuta,
510 550 544 576 ol)
561 549 740 575 vacationem
765 549 919 580 diutinam,
944 549 1080 583 pertinet,
1105 548 1254 583 assignare

243 601 332 625 curet.
355 600 431 633 (linc.
450 600 495 633 29,
519 598 564 625 fol.
579 599 631 625 275
647 604 686 632 νῦ,
705 600 736 623 11ο
758 597 850 628 1441.)

283 718 298 738 ((
319 731 325 737 .
343 731 348 737 .
367 708 506 748 episcopo
532 707 725 747 Wiberqensi.
741 707 836 743 Cum,
853 707 940 738 sicut
959 707 1102 737 dilectus
1120 726 1168 737 --.
1188 708 1254 738 Da-

242 763 315 793 tum
333 762 421 800 apud
438 761 726 797 Urbemveterem,
747 769 791 790 xv
807 761 970 791 kalendas
984 761 1143 799 januarii,
1167 769 1253 791 anno

241 815 354 847 tertio.
374 825 388 844 1)

739 987 863 1019 Orvieto,
883 988 915 1015 13
934 988 1085 1015 decembre
1103 988 1181 1015 1263.

331 989 429 1020 2393

276 1072 493 1099 Ordinationcm
509 1072 542 1098 de
561 1072 738 1099 monasterio
753 1080 775 1100 S.
794 1072 939 1100 Benedicti
958 1073 1083 1100 Paduani
1098 1075 1124 1100 et
1139 1073 1254 1101 divisio-

241 1129 308 1148 nem
331 1122 471 1148 bonorum
491 1121 620 1156 ejusdem
636 1121 710 1148 inter
726 1121 895 1155 monachos,
914 1130 947 1148 ex
973 1130 1040 1155 una,
1064 1125 1091 1149 et
1111 1123 1253 1149 moniales

241 1179 275 1197 ex
290 1170 347 1197 alia
361 1172 450 1204 parte,
467 1171 501 1196 ab
520 1170 654 1205 episcopo
670 1170 802 1197 Paduano
818 1170 922 1204 editas,
934 1171 1097 1198 confirmat.
1112 1172 1191 1206 (Rau.
1208 1173 1252 1202 ιε),

242 1219 291 1246 fol.
309 1221 371 1252 270,
393 1228 423 1245 no
442 1219 536 1252 1442.)

283 1340 298 1361 ί(
318 1330 478 1360 Abbalisse
495 1335 522 1360 el
539 1331 697 1360 conventui
715 1331 891 1360 monasterii
906 1332 1004 1361 sancti
1023 1331 1180 1361 Benedicti
1196 1332 1254 1361 Pa-

241 1383 347 1421 duam',
365 1383 481 1413 ordinis
497 1384 596 1413 sancti
619 1383 789 1414 Benedlcci.
812 1385 859 1414 Ea
880 1394 944 1423 que
964 1384 1092 1423 judicio
1111 1385 1160 1415 vel
1178 1394 1254 1415 con-

242 1437 356 1467 cordia
374 1439 435 1467 etc.
452 1438 538 1467 Sane
555 1437 673 1475 petitio
691 1439 803 1467 vestra
826 1437 923 1467 nobis
938 1437 1089 1468 exhibita
1107 1439 1252 1468 contine-

240 1490 298 1520 bat
317 1490 406 1529 quod
431 1490 511 1520 011111
529 1490 616 1520 inter
631 1490 866 1527 Guillelmum,
886 1491 1034 1530 priorem
1054 1492 1253 1522 monasterii

240 1544 357 1579 vestri,
373 1544 405 1574 et
417 1544 581 1582 quosdam
598 1543 779 1574 monachos
795 1543 859 1574 sibi
878 1544 1089 1581 adherentes,
1103 1554 1143 1575 ex
1158 1546 1252 1584 parte

240 1606 318 1633 una,
338 1598 369 1627 et
387 1606 458 1633 vos,
472 1606 514 1627 ex
534 1597 765 1636 altera,super
785 1598 935 1636 prioratu
950 1598 1101 1638 ejusdem
1121 1607 1253 1629 monas-

239 1651 318 1682 terii
334 1652 366 1681 et
381 1651 458 1681 aliis
472 1650 618 1680 diversis
634 1651 788 1681 articulis
805 1652 878 1681 orta
892 1652 1034 1682 materia
1049 1652 1250 1691 questionis,

239 1705 386 1740 tandem,
404 1705 480 1742 post
506 1704 660 1734 diversas
678 1705 709 1734 et
734 1704 847 1734 varias
874 1704 1112 1735 altercationes
1140 1714 1251 1736 coram

240 1757 386 1787 diversis
407 1756 591 1795 judicibus,
621 1758 689 1787 tam
719 1757 918 1788 auctoritate
948 1758 1121 1788 ordinaria
1150 1768 1251 1797 quam

240 1810 425 1849 apostolica
441 1810 474 1840 in
489 1810 682 1848 hujusmodi
699 1811 833 1849 negotio
851 1810 996 1848 habitas,
1016 1811 1125 1841 felicis
1144 1821 1252 1842 recor-

239 1864 398 1899 dationis,
413 1863 605 1894 Alexander
621 1873 717 1903 papa,
735 1865 956 1903 predecessor
974 1867 1099 1899 noster,
1116 1874 1252 1896 venera-

238 1917 367 1947 bilibus
389 1917 550 1947 fratribus
572 1917 698 1947 nostris
718 1942 723 1948 .
743 1943 749 1949 .
768 1918 958 1953 vicentino,
974 1920 1006 1949 et
1025 1941 1031 1947 .
1052 1944 1057 1949 .
1079 1919 1250 1955 Adriensi‚

238 1971 317 2001 tunc
336 1970 453 2005 electo,
476 1970 645 2008 episcopis
666 1971 738 2000 suis
757 1971 849 2000 dedit
872 1971 996 2001 litteris
1024 1971 1055 2001 111
1081 1972 1251 2002 mandatis

239 2025 276 2054 ut
293 2024 332 2053 ad
353 2023 595 2053 monasterium
615 2024 726 2062 ipsum
747 2024 971 2062 personaliter
991 2025 1199 2062 accedentes,
1219 2029 1250 2056 et

239 2074 449 2114 inquirentes
471 2083 572 2114 super
596 2077 684 2106 statu
707 2076 788 2106 dicti
812 2077 1011 2106 monasterii
1037 2078 1068 2107 et
1092 2086 1247 2115 persona-

238 2137 313 2158 rum
333 2128 525 2167 degentium
543 2128 576 2158 in
595 2129 710 2159 eodem
731 2129 876 2159 sollicite
894 2129 1083 2166 veritatem,
1103 2130 1248 2169 corrige—

237 2184 312 2212 rent
339 2183 371 2211 et
397 2181 619 2212 reformarent
651 2181 787 2218 ibidem,
804 2184 873 2212 tam
901 2183 933 2212 111
961 2183 1070 2222 capite
1089 2192 1188 2222 quam
1216 2184 1248 2213 in

236 2234 411 2270 111011111113,
430 2243 494 2273 que
526 2235 744 2265 correctionis
779 2237 810 2266 et
845 2236 1098 2266 reformationis
1137 2236 1248 2267 oftieio

236 2289 414 2318 noscerent
436 2288 596 2326 indigere.
612 2288 764 2328 Cumque
778 2289 880 2319 iidem
896 2289 1059 2328 episcopi,
1078 2290 1118 2320 ad
1138 2289 1247 2320 locum

235 2340 432 2371 accedentes
451 2341 607 2377 eundem,
624 2341 656 2370 in
680 2341 864 2372 commisso
888 2341 953 2371 sibi
978 2342 1112 2381 negotio
1132 2351 1247 2381 proce-

235 2393 314 2424 dere
326 2393 542 2432 incepissent,
555 2403 615 2424 vos
632 2396 663 2425 et
678 2394 743 2433 ipsi
761 2395 853 2434 prior
867 2396 897 2425 et
910 2395 1077 2432 monachi,
1089 2403 1147 2434 pro
1161 2395 1247 2426 110110

234 2447 328 2486 pacis
352 2448 383 2477 et
404 2448 592 2483 concordie,
611 2448 644 2478 in
667 2448 803 2478 eosdem
827 2449 1015 2488 001300003,
1032 2450 1191 2488 tanquam
1214 2450 1246 2480 in

233 2499 381 2530 arbitros
407 2508 467 2530 seu
486 2501 731 2539 compositores
748 2501 946 2532 amicabiles
965 2510 1002 2532 ac
1021 2502 1244 2537 ordinatores,

232 2554 406 2583 reservata
429 2553 478 2583 eis
503 2554 668 2593 potestate
692 2553 757 2584 sibi
783 2555 976 2590 commissa,
999 2556 1031 2585 et
1053 2555 1245 2594 juramento

231 2605 309 2635 hinc
328 2605 404 2636 inde
422 2615 523 2645 super
545 2606 604 2637 1100
624 2607 777 2646 prestito,
797 2608 837 2638 de
854 2616 1020 2638 consensu
1038 2608 1245 2639 venerabilis

232 2657 349 2687 fratris
365 2657 469 2688 nostri
490 2680 496 2686 .
517 2682 522 2687 .
543 2658 692 2697 episcopi
711 2659 875 2694 Paduani,
889 2660 1060 2690 diocesani
1076 2660 1152 2695 loci,
1166 2669 1244 2691 una-

232 2710 370 2741 nimiter
386 2712 418 2740 et
434 2711 644 2741 concorditer
661 2712 934 2750 compromittere
953 2713 1147 2749 curavistis,
1166 2713 1244 2744 dan-

230 2764 283 2793 tes
299 2763 460 2801 predictis
478 2764 655 2794 Vicentino
673 2766 703 2794 01
729 2765 885 2795 Adi-iensi
911 2766 1082 2804 episcopis
1107 2766 1241 2805 plenam

231 2817 264 2846 et
286 2815 427 2846 liberam
454 2818 653 2855 potestatem
684 2818 861 2848 ordinandi
887 2818 927 2849 de
951 2819 1025 2858 ipso
1049 2819 1161 2857 priore
1182 2829 1241 2850 seu

231 2869 376 2908 ponendi
394 2869 497 2899 alium
515 2869 598 2900 inibi
615 2870 719 2900 vestri
735 2871 785 2901 vel
808 2871 949 2902 alterius
964 2872 1094 2902 ordinis
1112 2881 1239 2903 necnon

229 2924 262 2953 et
295 2923 472 2953 amovendi
507 2932 669 2962 personas
694 2924 845 2962 ejusdem
876 2925 1075 2955 monasterii
1107 2934 1143 2956 ac
1171 2925 1239 2956 alia

996 232 1239 264 REGISTRES
1266 232 1480 264 D’URBAIN
1510 232 1565 262 IV.

1314 316 1428 347 omnia
1451 316 1593 346 faciendi
1620 325 1684 355 que
1716 316 1824 347 forent
1851 316 1893 346 ad
1920 316 2197 347 reformationem
2216 317 2327 356 ipsius

1313 370 1511 400 monasterii
1537 372 1714 408 oportuna,
1744 371 1844 408 prout
1871 370 1904 399 in
1932 370 2160 400 instrumento
2190 370 2325 409 publico

1314 423 1390 453 inde
1415 422 1577 457 confecto,
1595 423 1716 452 dicitur
1743 423 1878 461 plenius
1898 423 2075 453 contineri.
2096 424 2235 458 Verum,
2251 433 2326 454 cum

1313 485 1378 506 non
1397 476 1588 506 crederetur
1605 475 1694 514 quod
1712 475 1774 505 sub
1790 476 1955 515 regimine
1972 476 2053 506 dicti
2071 476 2208 515 prioris,
2229 477 2325 515 cujus

1312 529 1487 559 occasione
1504 529 1581 559 lites
1600 531 1630 559 et
1650 529 1817 559 discordie
1839 529 1871 559 in
1897 529 1970 568 ipso
1988 530 2195 560 monasterio
2213 532 2326 561 exorte

1313 582 1457 616 fuerant.
1487 583 1626 621 possent
1652 582 1762 612 eidem
1793 583 1999 613 monasterio
2028 583 2121 621 pacis
2149 583 2326 614 commoda

1313 637 1502 674 provenire,
1529 636 1616 665 idem
1640 635 1858 674 predecessor
1887 636 1976 674 quod
2000 644 2102 675 super
2120 635 2181 666 hoc
2201 636 2326 667 factum

1314 689 1550 726 suerat,ratum
1570 688 1696 718 habens
1712 690 1742 718 et
1757 689 1950 725 firmum,ac
1966 689 2108 719 eundem
2127 689 2326 720 Paduanum

1313 743 1509 781 episcopum
1536 742 1728 772 executioni
1754 742 1949 781 hujusmodi
1977 742 2164 781 adjungens
2187 743 2326 781 negotii,

1313 796 1342 826 ei
1353 797 1385 826 et
1397 796 1538 835 prefatis
1550 795 1729 825 Vicentino
1744 797 1775 825 et
1787 795 1947 825 Adriensi
1961 795 2131 834 episcopis
2146 795 2326 826 amovendi

1313 849 1456 879 eundem
1476 849 1621 888 priorem
1643 858 1679 878 ac
1699 848 1785 878 alias
1802 857 1966 887 personas
1983 857 2001 878 a
2014 848 2176 887 jamdicto
2195 857 2327 879 monas—

1314 902 1408 939 terio,
1435 903 1467 932 et
1491 902 1557 941 ipsi
1583 902 1686 941 priori
1712 911 1772 940 pro
1800 902 2047 932 sustentatione
2076 910 2137 932 sua
2161 902 2201 932 de
2229 901 2328 932 bonis

1313 955 1471 994 prelibati
1508 955 1706 985 monasterii
1745 955 1977 994 provisionem
2017 964 2200 994 congruam
2241 955 2326 986 assi-

1313 1009 1448 1047 gnandi,
1465 1010 1496 1038 et
1517 1008 1711 1047 preficiendi
1729 1008 1902 1038 nominato
1918 1009 2126 1039 monasterio
2144 1017 2325 1047 personam

1313 1062 1479 1101 ydoneam
1504 1062 1536 1092 in
1554 1063 1715 1101 priorem,
1739 1072 1776 1092 ac
1797 1062 1898 1092 etiam
1925 1062 2098 1092 dividendi
2121 1062 2251 1092 fructus
2268 1061 2326 1092 bo-

1314 1124 1435 1145 norum
1457 1115 1643 1154 supradicti
1669 1115 1865 1145 monasterii
1890 1115 1976 1145 inter
2002 1115 2184 1145 monachos
2207 1117 2239 1145 et
2261 1123 2328 1145 mo-

1314 1169 1422 1199 niales
1448 1169 1607 1208 degentes
1628 1168 1661 1198 in
1687 1177 1737 1205 eo,
1768 1169 1916 1199 maxime
1939 1178 2012 1198 cum
2039 1169 2127 1199 inter
2145 1168 2327 1199 monachos

1314 1223 1407 1262 ipsos
1424 1223 1456 1252 et
1472 1230 1544 1256 vos,
1556 1231 1597 1251 ex
1616 1230 1654 1252 eo
1671 1222 1760 1260 quod
1773 1221 1860 1251 bona
1875 1222 1992 1252 eadem
2009 1224 2103 1252 erant
2121 1223 2326 1259 eommunia,

1314 1273 1527 1312 contingebat
1547 1273 1747 1303 multotiens
1766 1273 1998 1304 dissensiones
2020 1275 2049 1303 et
2070 1274 2229 1304 scandala
2248 1282 2327 1304 exo·

1314 1326 1386 1363 riri,
1400 1335 1527 1357 necnon
1541 1328 1571 1356 et
1583 1326 1769 1357 collocandi
1786 1335 1950 1365 personas
1965 1335 2049 1366 quas
2067 1335 2126 1365 per
2143 1335 2200 1358 eos
2214 1327 2327 1358 taliter

1313 1380 1461 1410 amoveri
1482 1379 1702 1419 contingeret,
1720 1380 1754 1410 in
1777 1380 1856 1410 aliis
1868 1380 2020 1419 ejusdem
2041 1380 2171 1411 ordinis
2193 1389 2325 1411 monas-

1313 1433 1419 1470 teriis,
1440 1435 1471 1464 et
1488 1435 1689 1464 conventum
1707 1433 1947 1464 monachorum
1971 1442 1989 1464 a
2010 1435 2176 1464 conventu
2198 1435 2326 1464 monia-

1312 1486 1394 1516 lium
1411 1487 1604 1526 separandi,
1623 1495 1659 1517 ac
1673 1487 1817 1517 faciendi
1836 1487 1903 1517 alia
1921 1487 2045 1523 omnia,
2061 1487 2158 1526 juxta
2173 1488 2326 1518 tenorem

1312 1540 1548 1578 compromissi
1562 1540 1769 1579 hujusmodi,
1785 1542 1884 1579 prout
1907 1539 2058 1570 viderent
2080 1540 2204 1571 melius
2228 1548 2328 1580 expe-

1312 1593 1396 1627 dire,
1415 1593 1681 1624 contradictores
1699 1602 1833 1633 quoque
1856 1594 1884 1623 si
1908 1593 1966 1632 qui
1983 1593 2091 1624 forent
2108 1593 2161 1624 vel
2179 1593 2326 1624 rebelles

1311 1647 1545 1685 compescendi
1576 1655 1635 1686 per
1661 1655 1839 1677 censuram
1867 1647 2143 1683 ecclesiasticam,
2176 1647 2327 1686 appella-

1310 1699 1401 1730 tione
1426 1701 1566 1736 remota,
1593 1700 1761 1730 concessit
1784 1700 1925 1730 liberam
1949 1708 2009 1739 per
2026 1708 2106 1730 suas
2128 1700 2260 1730 litteras
2281 1699 2327 1730 fa-

1311 1753 1482 1783 cultatem.
1507 1753 1612 1783 Porro
1638 1753 1864 1791 prenominati
1890 1752 2041 1792 episcopi
2067 1761 2128 1792 per
2155 1753 2324 1792 quandam

1311 1806 1557 1836 ordinationem
1580 1806 1755 1846 providam
1781 1809 1812 1837 et
1835 1806 2011 1837 honestam
2034 1806 2163 1837 fructus
2183 1808 2215 1837 et
2238 1806 2325 1837 bona

1310 1859 1454 1898 sepefati
1478 1860 1675 1890 monasterii
1701 1868 1829 1890 necnon
1853 1861 1883 1890 et
1911 1861 2114 1890 conventum
2145 1859 2325 1890 monacho-

1310 1922 1384 1943 rum
1399 1922 1416 1943 a
1433 1915 1599 1943 conventu
1615 1913 1814 1943 monialium
1827 1913 2029 1948 diviserunt,
2041 1914 2072 1943 et
2083 1913 2226 1952 quedam
2241 1912 2319 1949 alia,

1309 1966 1495 1996 secundum
1512 1967 1663 1996 tenorem
1680 1965 1917 2005 compromissi
1940 1965 2092 2005 ejusdem
2106 1975 2142 1996 ac
2161 1966 2321 1996 traditam

1309 2020 1358 2049 eis
1375 2020 1530 2053 formam,
1545 2021 1737 2050 statuerunt
1754 2021 1785 2049 et
1800 2019 2041 2049 ordinaverunt
2061 2019 2094 2049 in
2112 2019 2319 2050 monasterio

1309 2074 1507 2107 memorato,
1544 2074 1641 2111 prout
1678 2072 1710 2102 in
1744 2073 1969 2103 instrumento
2000 2071 2135 2110 publico
2169 2072 2320 2103 confecto

1308 2125 1429 2155 exinde
1455 2125 1590 2163 plenius
1614 2126 1737 2156 dicitur
1762 2125 1938 2155 contineri.
1968 2125 2038 2155 Nos
2067 2125 2181 2164 igitur,
2197 2125 2321 2156 vestris

1307 2179 1614 2218 supplicationibus
1642 2179 1909 2218 in‹·linati,quod
1931 2179 1971 2209 ab
1997 2179 2125 2210 eisdem
2151 2179 2322 2218 episcopis

1306 2242 1409 2272 super
1429 2233 1490 2263 hoc
1511 2233 1650 2272 provide
1678 2232 1802 2262 factum
1819 2234 1882 2267 est,
1903 2233 2014 2262 ratum
2032 2232 2194 2263 habentes
2213 2234 2243 2263 et
2267 2232 2320 2263 fir-

1306 2294 1410 2320 mum,
1439 2286 1523 2316 illud
1549 2286 1747 2316 auctoritate
1769 2286 1955 2324 apostolica
1987 2286 2228 2316 confirmamus
2257 2288 2320 2316 etc.

1306 2348 1413 2378 usque
1439 2339 1698 2369 communimus.
1724 2339 1818 2369 Nulli
1847 2347 1925 2378 ergo
1950 2341 2065 2369 nostre
2093 2339 2320 2370 confirmatio-

1305 2392 1358 2422 nis
1377 2393 1438 2423 etc.
1461 2393 1586 2422 Datum
1605 2392 1693 2431 apud
1714 2391 2002 2427 [rbemveterem.
2021 2392 2098 2422 idus
2117 2391 2318 2429 decembris,

1303 2454 1390 2476 anno
1406 2446 1516 2476 tertio.
1539 2455 1553 2474 »

1806 2590 1931 2621 Ori-icto,
1951 2592 1982 2619 13
1999 2591 2150 2617 decembre
2169 2592 2244 2619 1203.

1393 2590 1489 2621 2394

1336 2669 1505 2696 l‘rimicerio
1528 2669 1667 2696 ecclesiae
1689 2679 1710 2697 s.
1731 2671 1817 2697 Murci
1836 2671 1872 2698 de
1893 2671 2020 2698 Venetiis
2045 2672 2164 2698 mandat
2181 2673 2209 2698 ul
2233 2679 2316 2706 prac-

1301 2718 1376 2746 l'atas
1391 2718 1585 2745 ordinationes
1600 2719 1746 2746 observari
1763 2719 1859 2747 saciat.
1876 2720 1953 2754 (nee.
1968 2722 2012 2747 ιε).
2031 2719 2079 2746 fol.
2094 2721 2157 2751 2¹50,
2174 2725 2205 2746 u*
2226 2720 2321 2753 1453.)

1339 2828 1354 2847 «
1381 2818 1561 2848 Pri'miceri'o
1590 2819 1712 2849 ecclesie
1736 2830 1760 2850 s.
1787 2819 1884 2849 Murci
1909 2820 1946 2850 de
1980 2820 2123 2850 I'o‘neiiis.
2155 2819 2315 2851 Exhibita

1300 2871 1396 2902 nobis
1411 2872 1608 2903 dilectarum
1623 2890 1670 2904 —.
1689 2874 1814 2904 Datum
1827 2873 1916 2912 apud
1931 2873 2220 2907 L‘rbeinveterein,
2236 2873 2313 2904 idus

1299 2924 1499 2961 decembris,
1515 2935 1601 2957 anno
1620 2927 1731 2957 tertio.
1753 2939 1766 2954 »
