2519 3262
1084 250 1337 281 APPENDICE
1358 250 1401 281 ΙΙ.
2243 258 2282 287 65

247 359 262 378 ((
283 347 422 379 Urbanus
433 347 602 386 episcopus,
617 356 718 376 servus
728 356 881 376 servorum
892 345 958 380 Dei,
975 344 1091 375 dilectis
1105 344 1213 384 filiis..

206 401 310 432 abbati
328 406 355 431 et
372 401 532 430 conventui
552 400 731 430 monasterii
747 410 770 429 s.
793 399 936 430 Germani
952 398 988 428 de
1007 397 1108 428 Prolis
1128 398 1216 428 Pari-

206 455 322 492 siensis,
342 453 382 484 ad
404 454 571 484 Romanam
585 454 739 484 ecclesiam
755 453 837 483 nullo
849 453 944 482 medio
958 452 1152 492 pertinentis,
1170 462 1217 481 01·-

207 507 286 538 dinis
309 518 332 537 s.
358 507 528 543 Benedicti,
553 507 682 538 salutem
704 511 731 537 et
750 505 949 547 apostolicam
968 505 1213 536 benedictionem.

207 562 291 593 Cum
311 570 329 591 a
346 561 444 592 nobis
469 579 517 590 —.
544 562 669 592 Datum
693 561 782 600 apud
798 560 1086 596 Urbemveterem,
1109 569 1124 588 v
1140 558 1216 588 idus

208 614 367 650 octobris,
389 615 606 654 pontificatus
623 614 731 645 nostri
750 623 836 644 anno
851 613 962 644 tertio.
982 624 997 642 ))

299 772 397 803 2970
732 769 857 800 Orvicto,
880 769 911 796 14
935 769 1051 795 octobre
1070 769 1146 796 1263.

244 855 384 889 Episcopo
400 858 427 882 et
453 854 570 881 officiali
597 853 821 881 Niverncnsibus
841 855 868 880 et
888 854 1029 888 magistro
1048 853 1168 880 Johanni
1187 854 1221 880 de

213 905 370 937 Monciaco,
388 903 525 931 canonico
539 903 750 935 Aurelianensi,
769 903 887 929 mandat
902 904 933 929 ut
948 902 1116 937 episcopum
1133 903 1223 929 Biten-

209 961 336 987 renscm,
364 956 513 981 cantorem
542 952 750 979 Niverncnsem
773 954 801 979 ct
826 951 1000 986 magistrum
1017 951 1172 978 Henrieum
1187 953 1222 978 de

209 1003 243 1030 de
259 1003 419 1033 Virziliaco,
433 1002 603 1029 canonicum
620 1000 897 1032 Autisiodorensem,
916 1000 1005 1027 citent
1019 1003 1047 1027 ut
1066 1001 1140 1027 infra
1152 1001 1222 1027 duos

210 1060 326 1079 menses
335 1051 493 1086 apostolico
505 1050 671 1085 conspectui
681 1058 711 1077 se
720 1052 916 1084 praesentent,
926 1050 959 1076 de
969 1057 1068 1076 eorum
1078 1050 1224 1085 negligen-

210 1100 249 1128 tia
265 1101 293 1127 in
308 1108 443 1135 processu
458 1099 651 1126 Ruthcncusis
663 1098 790 1133 episcopi
803 1098 946 1125 rationem
960 1098 1109 1126 reddIturi.
1123 1100 1222 1133 (Ant-11.

211 1157 248 1176 nu
265 1151 352 1177 Canu.
369 1148 527 1176 Cartulaire
539 1149 571 1175 de
583 1147 781 1175 l’archeveche
791 1148 824 1174 de
838 1147 976 1182 Bourges,
994 1155 1022 1182 p.
1034 1148 1095 1179 449,
1109 1153 1140 1174 11⁰
1154 1149 1224 1184 182.)

251 1256 266 1275 «
303 1245 442 1275 Urbanus
465 1245 634 1284 episcopus,
662 1254 765 1274 servus
791 1254 948 1274 servorum
968 1244 1034 1281 Dei,
1058 1244 1227 1274 venerabili
1252 1258 1253 1262 ¹

210 1299 306 1338 fratri
323 1299 466 1339 episcopo
480 1303 509 1328 ct
525 1298 634 1328 dilecto
649 1297 717 1336 silio
729 1297 861 1338 officiali
875 1297 1114 1328 Nivernensibus
1126 1303 1153 1328 ct
1165 1309 1226 1328 ma-

211 1353 307 1392 yz'slro
322 1351 502 1382 Jolnmnicle
513 1352 683 1386 Monetam,
703 1351 847 1381 canonico
863 1352 883 1381 A
892 1351 1086 1390 arelianensi,
1098 1351 1224 1382 salntem

212 1411 239 1436 et
267 1405 464 1446 apostolicam
488 1404 738 1435 benedictionem.
760 1405 843 1435 Cum
872 1405 953 1435 olim
981 1405 1020 1436 de
1038 1405 1225 1436 venerabili

213 1459 316 1490 fratre
341 1460 457 1490 nostro
482 1459 641 1498 epiScopo
664 1458 875 1489 Ruthenensi
893 1458 1001 1489 multa
1024 1459 1176 1489 enormia
1195 1461 1226 1490 et

213 1512 344 1543 auditui
360 1513 464 1542 nimis
477 1512 645 1542 horrenda
659 1511 769 1542 felicis
780 1511 1022 1542 recordationis
1032 1512 1226 1543 Alexandro

214 1575 298 1605 pape
318 1566 491 1596 insinuata
505 1565 660 1600 fuissent,
678 1565 837 1595 videlicet
851 1565 940 1603 quod
957 1566 1224 1595 excommunica-

214 1620 270 1649 tus
283 1620 313 1649 et
333 1619 531 1658 irregularis
546 1618 661 1648 divina
682 1618 913 1657 propbanabat
929 1618 1051 1654 officia,
1069 1618 1228 1648 simonia-

216 1681 289 1703 cam
315 1673 516 1711 pravitatem
540 1672 717 1702 exercebat
743 1680 779 1701 ac
804 1671 1046 1702 incontinentie
1072 1672 1167 1707 vitio,
1190 1680 1227 1702 eo

214 1727 395 1765 presertim
405 1726 652 1764 quod‚propter
662 1724 1226 1760 suihorribilemabominationem,

216 1780 390 1810 nominare
406 1788 473 1809 non
492 1779 581 1816 licet,
600 1778 789 1817 perniciose
806 1778 992 1815 laborabat,
1011 1778 1096 1809 alias
1111 1778 1228 1809 multis

216 1833 417 1863 criminibus
428 1833 592 1867 irretitus,
606 1832 696 1862 idem
705 1832 925 1871 predecessor
936 1832 1123 1862 venerabili
1134 1832 1229 1863 fratri

217 1888 332 1917 nostro
347 1887 506 1925 episcopo
520 1885 712 1921 Sabinensi,
729 1887 809 1915 tunc
823 1885 1035 1916 Narbonensi
1049 1885 1231 1924 archiepis-

217 1949 310 1979 copo,
328 1940 420 1970 dedit
437 1939 471 1969 in
490 1939 613 1969 virtute
634 1938 823 1968 obedientie
841 1938 903 1968 sub
919 1940 1010 1968 certa
1033 1939 1141 1969 forma
1159 1938 1231 1969 suis

217 1993 343 2024 litteris
364 1993 397 2022 in
410 1992 579 2023 mandatis
595 1993 642 2028 ut,
666 1992 891 2031 personaliter
911 1992 952 2022 ad
970 1992 1147 2022 ecclesiam
1164 1992 1232 2023 Ru-

217 2047 415 2077 thenensem
428 2045 589 2076 accedens
603 2046 636 2076 et
648 2044 776 2075 babens
790 2053 849 2083 pre
863 2045 971 2076 oculis
986 2045 1096 2075 solum
1109 2046 1231 2081 Deum,

218 2101 247 2131 si
264 2109 365 2139 snper
378 2100 559 2139 premissis
574 2099 662 2138 apud
676 2098 782 2129 bonos
798 2100 829 2129 et
844 2107 963 2138 graves
982 2099 1150 2129 inveniret
1167 2099 1233 2129 dic-

217 2155 288 2184 tum
308 2154 505 2192 episcopum
521 2152 745 2187 diffamatum,
765 2152 953 2191 inquireret
970 2161 1029 2191 per
1046 2161 1081 2182 se
1104 2152 1157 2182 vel
1174 2161 1233 2191 per

218 2207 303 2237 alios
332 2206 519 2245 lidedignos
542 2206 582 2236 de
607 2205 785 2244 premissis
810 2207 842 2235 et
867 2205 944 2236 aliis
963 2205 1165 2236 criminibus
1193 2205 1232 2236 de

218 2260 342 2300 quibus
369 2268 446 2290 eum
473 2259 684 2290 diffamatum
701 2259 862 2289 similiter
886 2259 1066 2294 inveniret,
1088 2259 1233 2290 sollicite

218 2313 408 2350 veritatem,
424 2314 454 2344 et
467 2321 530 2352 que
544 2312 953 2351 inveniretpredecessori
965 2312 1075 2342 eidem
1086 2312 1234 2352 inscrip-

218 2367 264 2397 tis
282 2367 418 2397 redacta
436 2375 496 2405 per
514 2366 663 2404 aliquem
679 2365 813 2396 fidelem
834 2366 1008 2396 remittere
1025 2367 1232 2404 procuraret.

259 2421 410 2459 Cumque
420 2420 509 2450 idem
521 2420 700 2458 episcopus
707 2418 918 2453 Sabinensis,
927 2419 1027 2458 juxta
1037 2419 1233 2449 mandatum

220 2473 455 2512 apostolicum,
465 2472 766 2503 adRuthenensem
773 2472 954 2502 ecclesiam
962 2472 1175 2509 accessisset,
1184 2481 1238 2502 su-

220 2535 280 2566 per
287 2525 469 2557 commisso
477 2525 542 2555 sibi
551 2525 683 2564 negotio
691 2534 923 2564 processurus,
932 2525 1134 2565 tandempro
1143 2528 1237 2565 parte

220 2581 301 2611 dicti
323 2579 551 2611 Ruthenensis
577 2578 727 2617 episcopi
751 2578 957 2617 quibusdam
982 2579 1238 2618 exceptionibus

222 2633 406 2673 propositis
421 2633 463 2663 ad
478 2632 717 2662 declinandum
736 2640 880 2663 examen
896 2632 1018 2671 ipsius,
1038 2633 1128 2663 idem
1147 2633 1239 2664 Sabi-

221 2687 337 2717 nensis
356 2686 536 2725 episcopus
557 2693 659 2724 super
676 2684 738 2715 hoc
754 2685 852 2715 duxit
872 2685 987 2716 sedem
1014 2686 1237 2725 apostolicam

222 2739 475 2771 consulendam.
493 2738 591 2769 Dicto
614 2747 693 2768 vero
715 2738 939 2777 predecessor
966 2738 1054 2769 viam
1079 2739 1240 2770 universe

223 2793 334 2824 carnis
350 2793 516 2832 ingresso,
528 2792 710 2831 nos‚prout
724 2791 870 2822 Domino
881 2791 1021 2830 placuit,
1035 2792 1077 2822 ad
1089 2793 1241 2823 officium

225 2846 436 2886 apostolatus
467 2844 644 2883 assumpti,
671 2844 846 2884 negotium
872 2844 1109 2884 inquisitionis
1127 2845 1242 2885 hujus-

226 2900 317 2931 modi
335 2897 522 2930 venerabili
536 2897 634 2928 fratri
650 2899 766 2928 nostro
782 2897 941 2936 episcopo
961 2898 1166 2937 Mymatensi
1185 2907 1244 2938 per

228 2955 362 2984 nostras
371 2952 503 2983 litteras
511 2951 672 2981 duximus
683 2951 976 2981 committendum.
984 2951 1079 2982 Idem
1088 2960 1167 2982 vero
1174 2952 1243 2991 My·

355 3006 494 3035 URBAIN
515 3004 568 3036 IV,
589 3005 610 3031 t.
632 3003 685 3036 1v,
711 3005 776 3038 Rea.
796 3003 855 3031 ord.

1274 344 1439 375 matensis
1465 345 1644 383 episcopus
1665 345 1763 375 nobis
1784 354 1842 384 per
1861 355 1940 377 suas
1962 347 2092 377 litteras
2114 348 2284 379 intimarit

1273 397 1456 436 quod,cum
1469 398 1551 436 ipse,
1562 398 1841 430 mandatonostro
1850 401 2228 439 recept0,adecclesiam
2238 410 2286 432 ac-

1273 450 1433 480 cessisset
1443 450 1606 487 eamdem,
1619 460 1654 482 ac
1665 452 1769 482 semel
1778 453 1808 482 et
1819 453 1941 483 iterum
1948 453 2081 492 publice
2089 462 2285 493 acperemp-

1273 501 1357 531 torie
1378 501 1474 531 citari
1490 501 1624 532 fecisset
1644 504 1674 533 et
1690 512 1749 541 per
1765 504 1915 543 seipsum
1931 505 2069 536 citasset
2081 515 2183 545 super
2198 507 2285 536 dicte

1275 554 1508 593 inquisitionis
1526 556 1658 594 negotto
1676 556 1927 588 Rutbenensem
1945 559 2141 598 episcopum
2158 568 2285 590 memo-

1276 609 1385 637 ratum
1396 609 1431 637 ut
1442 607 1529 637 infra
1539 610 1666 638 certum
1677 610 1809 648 tempus
1823 614 2029 650 compareret
2040 621 2151 643 coram
2164 621 2214 650 eO,
2228 613 2288 642 sac-

1276 662 1373 691 turus
1385 669 1486 699 super
1500 661 1980 701 hocquodjustitiasuaderet,
1999 665 2287 696 iden‘iRuthenen-

1278 714 1326 744 sis
1334 714 1524 753 episcopus,
1538 715 1572 744 in
1582 716 1723 753 prefixis
1736 716 1800 746 sibi
1814 717 1980 751 terminis,
1993 727 2051 748 nec
2062 727 2166 757 perse
2180 727 2287 757 neque

1279 775 1337 805 per
1358 766 1515 797 idoneum
1537 769 1769 806 responsalem
1793 770 1996 808 respondere
2019 772 2160 807 curavit,
2185 780 2289 810 (pian-

1280 828 1379 859 quam
1392 820 1540 850 vicarius
1550 820 1700 859 ejusdem
1712 822 1862 861 episcopi
1875 823 2106 854 Huthenensis
2118 833 2229 854 coram
2239 834 2289 854 eo-

1280 874 1356 904 dem
1374 873 1579 912 Mymatensi
1596 875 1754 914 episcopo
1774 876 1808 905 in
1825 877 1970 906 secunde
1992 877 2163 907 citationis
2182 878 2290 907 edicto

1280 935 1490 965 comparens,
1510 928 1724 966 proposuerit
1743 929 1907 967 quasdam
1924 930 2168 960 insufficientes
2185 933 2214 960 et
2236 930 2290 960 fri-

1282 980 1375 1010 volas
1400 981 1628 1018 exceptiones,
1654 982 1694 1011 ad
1714 982 1865 1020 ejusdem
1890 983 2039 1022 episcopi
2063 983 2293 1014 Ruthenensis

1281 1034 1526 1064 contumaciam
1545 1035 1784 1065 excusandam.
1802 1036 1867 1066 Sed
1877 1045 1951 1066 cnm
1968 1035 2192 1075 Mymatensis
2207 1036 2294 1075 epis-

1277 1095 1386 1126 copus
1403 1087 1507 1117 nollet
1525 1096 1593 1122 eas,
1609 1090 1707 1126 prout
1725 1089 1828 1118 etiam
1849 1098 1909 1119 nec
1927 1089 2081 1125 debebat,
2103 1090 2293 1126 admittere,

1282 1141 1417 1170 tandem
1430 1141 1642 1180 conspiciens
1656 1150 1715 1180 per
1730 1142 1916 1173 familiares
1929 1144 1960 1173 et
1976 1143 2119 1173 factores
2129 1143 2209 1173 dicti
2224 1144 2293 1174 Ru-

1283 1193 1456 1224 thenensis
1469 1194 1620 1233 episcopi
1638 1195 1694 1234 qui
1709 1197 1804 1226 erant
1818 1197 1993 1234 presentes
2009 1196 2145 1233 ibidem,
2161 1205 2293 1235 proces-

1284 1247 1337 1277 sui
1356 1256 1417 1277 suo
1430 1256 1532 1286 super
1548 1248 1726 1286 premissis
1743 1248 2023 1287 impedimentum
2037 1251 2150 1288 aperte
2167 1250 2292 1289 parari,

1284 1301 1415 1330 monuit
1434 1309 1551 1331 omnes
1569 1303 1600 1331 et
1622 1301 1775 1340 singulos
1795 1302 1982 1333 familiares
1999 1302 2136 1333 eosdem
2152 1311 2192 1333 ne
2218 1302 2295 1341 quis

1283 1362 1480 1392 processum
1495 1354 1578 1393 ejuS,
1594 1355 1698 1385 immo
1713 1355 1827 1393 potius
1840 1356 2074 1394 apostolicum,
2085 1360 2296 1394 presumeret

1284 1407 1461 1446 impedire,
1478 1408 1513 1438 in
1530 1408 1796 1439 contradictores
1819 1409 2016 1439 solemniter
2033 1409 2067 1439 in
2086 1409 2223 1448 scriptis
2243 1418 2298 1439 ex-

1285 1461 1603 1492 communicationis
1613 1462 2013 1501 sententiapromulgata.
2025 1463 2065 1492 Et
2079 1462 2156 1493 licet
2170 1462 2299 1501 predic-

1284 1514 1310 1544 ti
1336 1514 1484 1544 vicarius
1513 1516 1545 1545 et
1572 1514 1728 1545 officialis
1750 1515 1900 1555 episcopi
1925 1515 2156 1546 Ruthenensis
2177 1523 2212 1546 se
2239 1515 2298 1545 hu-

1282 1567 1433 1606 jusmodi
1467 1568 1634 1598 sententie
1663 1568 1783 1607 laqueo
1814 1569 2037 1605 involventes,
2071 1568 2299 1599 inhibuissent

1286 1620 1474 1650 districtius
1492 1621 1666 1650 nonnullis
1683 1621 1873 1658 abbatibus,
1893 1621 2152 1658 archidiaconis,
2167 1621 2300 1652 canoni-

1287 1674 1347 1710 cis,
1358 1673 1544 1712 prioribus,
1562 1674 1750 1704 rectoribus
1766 1675 1910 1714 aliisque
1927 1675 2060 1706 clericis
2075 1677 2107 1706 et
2123 1675 2220 1706 laicis
2237 1674 2296 1705 ibi-

1288 1727 1363 1757 dem
1395 1727 1622 1758 existentibus
1653 1730 1684 1758 et
1715 1737 1774 1767 pro
1798 1728 1887 1759 dicto
1918 1729 2064 1768 negotio,
2083 1729 2122 1760 de
2140 1729 2298 1759 mandato

1288 1780 1398 1819 ipsius
1430 1781 1579 1820 episcopi
1596 1780 1831 1820 Mymatensis,
1862 1782 2056 1820 specialiter
2082 1782 2240 1817 evocatis,
2261 1791 2300 1812 ne

1289 1833 1365 1871 quis
1394 1842 1511 1863 eorum
1538 1834 1573 1864 in
1592 1835 1710 1865 eodem
1731 1835 1864 1874 negotio
1883 1835 1949 1865 sibi
1968 1835 2103 1866 obedire
2122 1835 2175 1866 vel
2191 1835 2301 1874 perhi-

1288 1887 1367 1917 bere
1377 1889 1589 1925 presumeret
1600 1888 1834 1918 testimonium
1844 1889 1991 1925 veritati,
2004 1889 2106 1919 ineos
2117 1889 2175 1928 qui
2187 1889 2303 1919 contra

1290 1939 1440 1976 fecerint,
1467 1941 1826 1971 excommunicationis
1857 1941 2060 1972 sententiam
2087 1942 2300 1981 proferendo,

1290 1993 1435 2032 quadam
1456 1994 1683 2032 appellatione
1706 1994 1829 2025 frivola
1846 1996 1961 2025 contra
1975 2003 2173 2034 processum
2193 1995 2302 2034 ipsius

1290 2047 1331 2076 ad
1348 2047 1462 2077 sedem
1478 2047 1721 2078 nichilominus
1737 2048 1923 2087 interjecta,
1944 2048 2033 2079 idem
2049 2050 2160 2079 tamen
2176 2049 2303 2088 Mynia-

1289 2100 1399 2130 tensis
1431 2100 1611 2140 episcopus
1639 2101 1825 2140 procedens
1861 2101 1902 2131 ad
1930 2101 2173 2140 inquirendum
2203 2111 2304 2140 super

1290 2154 1483 2192 premissis,
1506 2153 1602 2192 juxta
1624 2154 1784 2185 traditam
1806 2154 1872 2185 sibi
1898 2154 2052 2192 formam,
2077 2163 2136 2194 per
2152 2155 2302 2186 testimo-

1291 2206 1386 2236 nium
1411 2207 1666 2246 quamplurium
1692 2208 1950 2247 fidedignorum,
1981 2208 2110 2238 invenit
2136 2208 2305 2246 prefatum

1292 2259 1490 2299 episcopum
1508 2261 1763 2291 Ruthenensem
1782 2270 1883 2300 super
1909 2261 2088 2299 premissis
2112 2263 2143 2292 et
2160 2261 2238 2291 aliis
2259 2261 2305 2291 di·

1294 2313 1403 2343 versis
1431 2313 1632 2343 criminibus
1662 2313 1796 2352 publice
1826 2314 2048 2350 diffamatum,
2076 2315 2175 2353 prout
2202 2313 2306 2343 misse

1294 2365 1392 2396 nobis
1413 2375 1515 2405 super
1541 2366 1602 2397 boc
1625 2366 1736 2405 ipsius
1762 2367 1986 2406 Mymatensis
2012 2367 2162 2405 episcopi
2191 2366 2303 2397 littere

1295 2419 1512 2450 continebant
1529 2444 1535 2449 .

1334 2473 1474 2508 Verum,
1485 2481 1561 2503 cum
1572 2473 1686 2503 eedem
1699 2473 1821 2509 littere,
1831 2474 1987 2512 presente
1996 2472 2084 2503 dicto
2093 2472 2306 2503 Ruthenensi

1295 2526 1466 2565 episcopo,
1497 2527 1530 2556 in
1559 2528 1675 2556 nostra
1700 2528 1733 2556 et
1759 2526 1903 2556 fratrum
1926 2527 2120 2556 nostrorum
2136 2527 2308 2564 presentia

1296 2580 1379 2610 lecte
1390 2580 1548 2616 fuissent,
1560 2579 1648 2610 idem
1660 2579 1852 2618 episcopus,
1863 2579 1941 2610 licet
1951 2579 2185 2618 proposuisset
2194 2579 2309 2618 aliqua

1297 2635 1412 2663 contra
1425 2641 1622 2671 processum
1635 2632 1758 2672 prefati
1776 2633 1925 2671 episcopi
1940 2632 2179 2671 Mymatensis,
2197 2634 2309 2663 tamen

1298 2685 1445 2716 finaliter
1473 2685 1595 2716 obtulit
1620 2686 1721 2724 quod,
1748 2685 1874 2716 omisso
1888 2694 2050 2724 processu
2066 2685 2218 2724 ejusdem
2236 2685 2308 2724 My-

1299 2739 1464 2769 matensis
1479 2738 1641 2777 episcopi,
1657 2740 1795 2777 paratus
1809 2740 1878 2769 erat
1894 2747 1995 2777 super
2009 2738 2187 2777 premissis
2198 2738 2310 2778 inqui-

1301 2792 1460 2823 sitionem
1474 2791 1588 2822 subire
1604 2791 1791 2822 faciendam
1816 2800 1876 2831 per
1892 2800 2122 2831 quoscumque
2134 2792 2225 2822 viros
2239 2792 2308 2822 dis-

1301 2847 1422 2881 cretos,
1455 2845 1615 2876 timentes
1631 2845 1740 2876 Deum
1770 2853 1806 2875 ac
1833 2844 2002 2884 justitiam
2023 2845 2213 2884 diligentes
2240 2846 2311 2877 Nos

1303 2899 1427 2935 autem,
1446 2898 1601 2929 nolentes
1619 2898 1709 2937 quod
1734 2897 1928 2938 hujusmodi
1945 2906 2125 2936 processus
2147 2906 2207 2938 per
2223 2898 2312 2938 ejus-

1305 2952 1381 2982 dem
1410 2951 1560 2990 episcopi
1596 2950 1826 2982 Ruthenensis
1852 2951 2078 2982 retardaretur
2111 2951 2312 2989 absentiam,

2167 3006 2184 3032 9
