2519 3262
219 222 277 252 286

219 304 405 344 predictam
429 302 606 333 ecclesiam
630 299 889 334 commendavit,
913 298 1038 329 vestris
1061 297 1230 336 supplica-

219 357 370 388 tionibus
394 357 590 389 annuentes
617 353 816 383 auctoritate
836 351 933 381 vobis
952 351 1161 389 presentium
1181 351 1230 380 in-

220 410 399 449 dulgemus
417 410 464 443 ut,
487 407 577 437 veris
595 405 822 436 existentibus
841 404 1142 443 supradictis,v0s‚
1157 411 1228 441 pre-

221 463 302 493 dicti
323 461 520 500 capitulum,
538 461 637 498 prout
656 458 697 488 ad
723 467 783 488 vos
800 458 955 496 pertinet,
974 456 1114 496 possitis
1133 455 1229 485 vobis

221 517 253 546 et
269 515 333 554 ipsi
354 513 593 549 ecclesie‚cum
612 520 685 542 eam
704 511 815 550 priore
834 518 952 540 vacare
966 510 1155 548 contigerit,
1171 518 1229 548 per

223 682 352 712 cunque
372 672 565 711 provisione
587 672 656 701 tam
678 670 718 701 de
735 669 942 708 prioratibus
965 678 1066 708 quam
1089 668 1228 706 dignita-

221 726 313 756 tibus
334 727 366 756 et
386 725 463 755 aliis
482 724 668 759 beneficiis,
695 723 735 753 ad
761 722 992 761 cujuscunque
1016 721 1228 752 collationem

222 779 274 810 vel
300 777 585 817 presentationem
613 785 672 807 seu
703 776 902 806 electionem
933 774 1177 814 spectantibus,
1198 773 1230 802 in

222 833 356 863 civitate
375 833 407 862 et
424 831 550 861 diocesi
569 829 794 861 Urbevetanis
811 829 1007 867 specialiter
1027 836 1087 858 seu
1107 828 1140 857 in
1158 835 1230 866 par-

221 885 312 915 tibus
328 885 404 915 istis
420 884 621 923 generaliter
638 882 841 922 impetratis,
858 882 958 912 etiam
975 882 1003 911 si
1021 881 1232 911 contineatur

222 939 255 969 in
269 939 318 969 eis
329 938 417 977 quod
429 938 611 976 prioratus,
625 937 808 975 dignitates
818 937 851 966 et
863 935 1025 966 beneficia
1036 933 1229 973 hujusmodi

222 994 335 1022 nostre
353 990 526 1021 donationi
544 989 795 1020 reservavimus
811 997 848 1018 ac
865 988 1078 1018 decrevimus
1097 987 1230 1017 irritum

223 1046 255 1075 et
275 1045 372 1074 inane
392 1044 422 1074 si
443 1052 540 1074 secus
554 1043 594 1073 de
614 1043 685 1072 illis
700 1042 908 1081 contingeret
927 1040 1133 1079 attemptari,
1157 1047 1232 1069 nec-

223 1106 288 1128 non
305 1097 333 1127 si
352 1096 392 1127 ab
409 1095 648 1127 executoribus
666 1095 837 1135 deputatis
853 1103 911 1133 per
928 1102 984 1124 eas
1003 1093 1044 1123 ad
1062 1092 1231 1122 inhibitio-

222 1160 310 1188 nem,
335 1149 600 1181 reservationem
623 1150 656 1180 et
680 1149 851 1179 decretum
880 1147 1018 1186 aliquod
1039 1147 1073 1176 in
1091 1145 1233 1177 ecclesia

224 1205 299 1243 ipsa
324 1203 517 1243 specialiter
541 1203 594 1233 vel
617 1202 703 1232 alias
725 1201 928 1247 generaliter
953 1201 996 1230 sit
1022 1207 1231 1238 processum.

223 1258 295 1288 Nos
314 1257 404 1287 enim
421 1255 663 1286 nichilominus
684 1255 870 1285 sententias
885 1254 914 1284 si
929 1262 993 1292 que
1008 1253 1042 1282 in
1059 1261 1118 1283 vos
1134 1261 1235 1291 prop-

223 1310 275 1340 ter
294 1309 355 1339 hoc
377 1309 444 1339 late
469 1310 548 1339 sunt
569 1308 623 1338 vel
649 1308 678 1338 si
696 1316 780 1347 quas
798 1307 877 1338 ferri
894 1306 1083 1345 contigerit,
1103 1313 1234 1335 exnunc

225 1362 438 1393 decernimus
464 1371 529 1393 non
554 1363 669 1392 tenere
686 1363 718 1391 et
734 1361 864 1391 nullius
882 1360 1026 1390 existere
1048 1358 1232 1389 firmitatis.

224 1415 318 1446 Nulli
345 1424 423 1454 ergo
447 1417 561 1445 nostre
589 1414 820 1445 concessionis
838 1431 886 1441 —-.
911 1414 1036 1443 Datum
1064 1412 1152 1451 apud
1172 1412 1235 1442 Ur-

225 1469 465 1505 bemveterem,
483 1477 545 1498 xm
559 1468 722 1498 kalendas
736 1467 825 1506 julii,
846 1475 932 1497 anno
950 1466 1062 1496 tertio.
1081 1475 1095 1494 1)

319 1643 413 1673 1824

818 1640 943 1672 Orvieto,
959 1640 992 1665 22
1005 1638 1068 1674 juin
1088 1638 1164 1665 1202.

262 1725 516 1760 Archipresbytero
543 1727 568 1751 et
592 1723 716 1758 capitulo
747 1722 885 1749 ecclesiae
908 1722 1083 1749 Veronensis
1117 1722 1235 1748 mandat

227 1776 255 1800 ut
273 1774 442 1805 (luidonem,
453 1777 552 1801 natum
568 1773 712 1807 qnondam
728 1772 855 1799 Jacobini
867 1772 900 1798 de
915 1771 1235 1803 Lonardi110,clcricum

227 1823 365 1850 ecclesiae
378 1831 401 1849 s.
417 1823 542 1849 'l'homae
552 1821 736 1854 Veronensis,
748 1820 978 1848 consideratione
992 1820 1117 1854 episcopi
1133 1820 1237 1846 l’enes-

228 1872 307 1905 trini,
330 1872 357 1898 in
376 1872 550 1898 canonicum
572 1879 637 1898 cum
664 1871 827 1905 praebenda
852 1869 1002 1904 recipiant.
1021 1870 1099 1904 (altae.
1122 1871 1165 1900 Δ),
1187 1868 1235 1896 sol.

231 1920 278 1948 187
294 1925 334 1952 vo,
353 1926 383 1946 n⁰
398 1920 472 1951 874.)

270 2037 284 2056 «
304 2026 577 2065 Arclzipresbylero
594 2031 620 2055 ec
640 2024 772 2065 capitulo
788 2024 908 2054 ecclesie
930 2025 1120 2054 Veronensis.
1139 2024 1236 2054 Indu-

229 2082 306 2110 cunt
320 2088 381 2110 nos
397 2079 510 2109 dilecti
526 2097 574 2109 —.
594 2080 718 2109 Datum
738 2069 825 2117 apud
846 2077 1132 2113 Urbemveterem,
1149 2086 1169 2106 x
1183 2077 1238 2106 ka-

230 2133 347 2163 lendas
363 2132 453 2171 julii,
469 2140 556 2162 anno
576 2132 687 2162 tertio.
709 2139 726 2160 »

322 2302 416 2332 1825

811 2299 935 2330 Orvieto,
954 2299 988 2325 22
1003 2298 1068 2334 juin
1093 2299 1167 2325 120³.

266 2383 404 2418 Episcopo
426 2383 599 2410 Bononiensi
617 2383 736 2409 mandat
752 2382 905 2416 compellat
923 2383 1081 2417 capitulum
1102 2382 1240 2409 ecclesiae

232 2431 403 2458 Veronensis
424 2433 453 2457 ut
471 2430 620 2464 Carulnm,
637 2430 806 2457 canonicum
821 2430 1063 2465 Strigoniensem,
1079 2431 1107 2457 in
1126 2432 1241 2458 canoni-

231 2487 295 2506 cum
314 2479 463 2513 recipiunt.
484 2479 564 2513 (lli-zo.
581 2480 624 2509 29,
645 2479 693 2506 sol.
711 2479 761 2506 ’187
775 2485 814 2512 v0,
830 2483 862 2505 11ο
878 2480 951 2514 875.)

272 2592 289 2613 «
313 2583 469 2623 Episcopo
503 2583 699 2613 Bononiensi.
725 2584 872 2614 Grandis
899 2585 1039 2615 affectus
1068 2593 1168 2624 quem
1201 2585 1242 2616 ad

233 2645 411 2676 personam
428 2636 631 2667 venerabilis
648 2637 763 2667 fratris
778 2638 884 2668 nostri
903 2661 909 2666 .
927 2663 932 2668 .
949 2638 1099 2677 episcopi
1118 2638 1242 2669 Penes-

234 2689 326 2724 trini,
351 2689 512 2729 gerimus,
529 2699 589 2720 nos
620 2690 748 2721 inducit
776 2692 811 2721 nt
829 2691 869 2721 ad
895 2699 989 2726 suos,
1007 2691 1079 2730 ejus
1104 2691 1240 2729 intuitu,

235 2743 417 2781 apostolice
444 2743 650 2781 provisionis
676 2743 818 2783 gratiam
845 2745 1078 2774 extendamus.
1099 2744 1243 2775 Proinde

235 2795 403 2834 siquidem
416 2796 537 2826 dilecto
549 2796 617 2826 lilio
629 2796 762 2830 Carulo,
773 2797 932 2827 canonico
940 2797 1177 2837 Strigoniensi,
1189 2806 1243 2827 ne-

235 2848 305 2886 poti
322 2848 472 2887 ejusdem
490 2849 650 2888 episcopi,
671 2850 901 2880 canonicatum
920 2850 1060 2880 ecclesie
1079 2851 1244 2880 Veronen-

968 213 1212 245 REGISTRES
1238 213 1453 245 D'URBAIN
1481 213 1539 243 IV.

1284 296 1370 326 nulli
1386 296 1444 325 alii
1463 296 1502 326 de
1516 295 1590 334 jure
1607 296 1766 333 debitam,
1781 298 1809 327 si
1827 306 1892 337 qua
1907 300 1985 329 tunc
2002 299 2140 330 vacabat
2154 299 2292 337 ibidem,

1284 349 1349 378 sibi
1368 348 1575 379 contulimus
1592 352 1623 379 et
1645 350 1858 388 providimus
1879 351 1918 381 de
1943 351 2014 382 illis
2032 361 2069 382 ac
2088 361 2164 383 eum
2184 354 2294 384 inves-

1283 402 1424 432 tivimus
1442 411 1502 441 per
1518 404 1671 432 nostrum
1690 403 1829 434 anulum
1848 404 1888 435 de
1904 405 2044 435 eisdem.
2067 406 2101 436 Si
2120 415 2198 436 vero
2216 409 2294 437 tunc

1284 455 1399 494 aliqua
1412 454 1584 494 prebenda
1600 456 1633 485 in
1651 456 1739 486 dicta
1750 457 1893 487 ecclesia
1908 466 1972 488 non
1985 458 2135 495 vacabat,
2156 459 2294 498 preben-

1254 532 1256 544 2
1283 509 1360 538 dam
1372 517 1436 547 que
1456 508 1495 538 de
1509 509 1584 547 jure
1603 509 1687 538 nulli
1706 509 1763 539 alii
1781 509 1952 547 debeatur,
1972 511 2081 549 primo
2099 512 2184 542 inibi
2202 521 2296 543 vaca·

221 568 419 599 electionem
430 565 625 597 canonicam
639 565 679 595 de
693 565 804 603 priore
820 563 950 602 ydoneo
959 563 1147 602 providere,
1164 570 1228 591 non
1255 579 1256 602 ;

222 619 435 651 obstantibus
461 617 634 657 aliquibus
660 617 785 647 litteris
810 616 936 646 nostris
954 624 1056 654 super
1072 624 1230 654 quorum·
1254 605 1256 632 ἶ

1283 563 1406 596 turam,
1421 561 1657 591 conserendam
1673 561 1737 592 sibi
1753 563 1926 593 donationi
1939 564 2124 603 apostolice
2134 565 2296 595 duximus

1284 614 1535 651 reservandam,
1564 614 1782 646 decernentes
1804 616 1940 647 irritum
1970 620 2002 647 et
2028 618 2126 648 inane
2148 618 2176 647 si
2199 627 2296 648 secus

1284 668 1324 698 de
1357 667 1527 706 prebenda
1554 668 1759 706 hujusmodi,
1791 670 1977 708 apostolica
2004 671 2057 701 vel
2085 671 2152 701 alia
2177 671 2297 710 quavis

1285 721 1497 755 auctoritate,
1516 722 1722 761 contingeret
1744 724 1949 762 attemptari,
1968 726 1999 754 te
2017 724 2082 754 sibi
2102 733 2203 763 super
2222 723 2295 758 boc,

1285 774 1348 804 sub
1369 777 1458 805 certa
1488 775 1605 809 forma,
1620 783 1680 814 per
1705 775 1838 806 litteras
1861 778 1995 807 nostras
2021 779 2197 807 executore
2221 786 2297 807 con-

1285 836 1393 858 ceSSO.
1422 828 1508 858 Sane
1536 828 1568 858 in
1597 829 1731 859 civitate
1760 830 1962 865 Veronensi,
1992 833 2092 869 prout
2120 831 2296 864 asseritur,

1286 881 1455 920 quoddam
1470 881 1633 912 horribile
1653 884 1683 912 et
1701 883 1924 921 pernitiosum
1944 885 2108 914 statutum
2127 884 2245 914 existit
2262 886 2297 914 ut

1287 935 1479 973 quicunque
1499 936 1532 965 in
1551 936 1667 966 eadem
1689 936 1825 967 civitate
1849 936 1974 967 litteris
1999 937 2197 976 apostolicis
2215 945 2298 967 usus

1287 987 1400 1023 fuerit,
1421 987 1541 1019 debeat
1560 997 1625 1018 non
1647 989 1713 1019 levi
1728 998 1813 1028 pena
1830 990 1955 1028 puniri,
1977 991 2093 1029 sieque
2111 990 2222 1020 dictus
2238 990 2299 1020 Ca-

1287 1041 1380 1071 rolus
1404 1041 1600 1080 hujusmodi
1627 1042 1754 1073 litteris
1778 1044 1818 1073 ad
1836 1045 1868 1074 te
1892 1044 2042 1080 directis,
2060 1043 2214 1074 obstante
2233 1045 2299 1074 sta·

1286 1095 1358 1125 tuto
1375 1094 1537 1133 predicto,
1556 1096 1604 1125 uti
1624 1104 1690 1126 non
1704 1097 1811 1135 potuit
1826 1099 1857 1127 et
1874 1105 1914 1127 ex
1935 1097 1985 1127 eis
1997 1097 2129 1127 nullum
2147 1098 2197 1127 est
2211 1105 2297 1127 com-

1290 1148 1427 1178 modum
1447 1150 1635 1179 assecutus.
1656 1149 1766 1184 Quare
1784 1150 1882 1180 nobis
1900 1150 2074 1181 humiliter
2093 1150 2299 1189 supplicavit

1287 1202 1325 1231 ut
1339 1201 1518 1240 providere
1541 1201 1608 1232 sibi
1628 1211 1729 1241 super
1749 1203 1810 1233 hoc
1829 1206 1970 1242 paterna
1988 1203 2219 1234 sollicitudine
2242 1212 2298 1233 cu-

1288 1248 1454 1285 raremus.
1474 1255 1545 1285 Nos
1576 1255 1700 1294 itaque,
1733 1256 1886 1286 volentes
1912 1257 2023 1287 eidem
2048 1257 2171 1287 Carulo
2198 1265 2300 1295 super

1288 1307 1349 1338 hoc
1376 1307 1562 1338 salubriter
1583 1309 1772 1347 providere,
1796 1309 2000 1340 fraternitati
2025 1312 2081 1340 tue
2099 1309 2300 1340 mandamus

1290 1361 1452 1400 quatinus
1479 1362 1514 1392 in
1540 1362 1713 1401 aliquibus
1739 1363 1823 1393 tutis
1848 1363 1932 1394 locis
1958 1363 2106 1402 publicis
2129 1364 2162 1393 et.
2190 1363 2300 1393 eidem

1290 1415 1419 1445 civitati
1437 1415 1573 1450 vicinis,
1596 1415 1685 1446 clero
1707 1418 1737 1446 et
1759 1416 1884 1455 populo
1903 1417 2096 1447 convocatis
2113 1416 2246 1455 publice
2264 1424 2301 1445 ac

1291 1468 1381 1506 ipsis
1409 1468 1498 1498 clero
1521 1470 1553 1499 et
1574 1469 1698 1508 populo
1720 1469 1911 1500 astantibus
1929 1479 1966 1500 ac
1981 1469 2211 1502 audientibus,
2227 1477 2300 1508 pre-

1291 1522 1419 1552 dictum
1446 1522 1632 1560 capitulum
1650 1531 1709 1561 per
1726 1525 1758 1553 te
1775 1523 1828 1553 vel
1846 1531 1906 1562 per
1924 1523 2028 1553 alium
2046 1530 2186 1553 moneas
2203 1524 2236 1551 ut
2255 1521 2301 1550 in-

1292 1576 1342 1606 fra
1366 1575 1559 1614 quindecim
1579 1575 1652 1605 dies
1675 1577 1750 1614 post
1763 1576 1985 1606 monitionem
2002 1575 2208 1614 hujusmodi,
2229 1583 2302 1613 pro-

1291 1631 1481 1659 curatorem
1503 1629 1682 1667 ydoneum,
1700 1629 1877 1660 habentem
1900 1629 1940 1659 ab
1959 1629 2009 1659 eis
2024 1628 2161 1668 plenum
2181 1631 2211 1658 et
2233 1628 2302 1658 sus-

1292 1683 1409 1713 ficiens
1436 1683 1632 1712 mandatum
1658 1683 1697 1712 ad
1727 1683 1959 1721 recipiendum
1979 1682 2123 1713 eundem
2140 1682 2301 1712 Carulum

1292 1736 1345 1766 vel
1374 1738 1626 1774 procuratorem
1643 1745 1742 1766 suuni
1768 1738 1825 1766 aut
1852 1736 1969 1772 alium,
1990 1736 2063 1774 ejus
2084 1735 2232 1769 nomine,
2262 1735 2300 1765 ad

1292 1790 1499 1828 presentiam
1522 1791 1614 1819 tuam
1637 1789 1863 1828 peremptorie
1887 1789 2044 1819 studeant
2066 1789 2248 1820 destinare.
2267 1797 2303 1818 ac

1292 1851 1351 1881 per
1374 1843 1517 1873 eundem
1541 1845 1793 1881 procuratorem
1815 1843 1967 1881 ipsorum
1991 1842 2118 1872 dictum
2143 1841 2302 1872 carulum

1293 1896 1345 1926 vel
1362 1896 1467 1926 alium
1486 1904 1545 1934 pro
1564 1904 1601 1926 eo
1618 1896 1650 1925 in
1668 1896 1756 1926 dicta
1773 1896 1959 1926 Veronensi
1977 1895 2120 1925 ecclesia
2140 1895 2303 1933 recipiant

1293 1950 1326 1979 in
1343 1950 1539 1979 canonicum
1555 1951 1584 1979 et
1604 1949 1636 1978 in
1655 1949 1805 1984 fratrem,
1817 1949 1915 1988 juxta
1925 1949 2152 1988 predictarum
2165 1948 2304 1978 directa-

1294 2012 1370 2033 rum
1395 2003 1436 2032 ad
1464 2004 1495 2031 te
1517 2002 1758 2032 continentiam
1783 2002 1984 2032 litterarum.
2006 2001 2170 2040 Alioquin
2189 2004 2304 2030 contra

1293 2057 1421 2086 dictum
1439 2055 1638 2093 capitulum,
1655 2057 1827 2093 tamquam
1849 2057 1963 2085 contra
1985 2057 2211 2085 contumaces.
2231 2063 2303 2092 pro—

1294 2110 1404 2142 cedas,
1426 2108 1608 2138 secundum
1630 2108 1820 2138 litterarum
1840 2108 2082 2138 continentiam
2109 2107 2303 2137 earundem.

1295 2162 1504 2192 Provisurus
1519 2161 1628 2191 eidem
1639 2161 1761 2192 Carulo
1771 2161 1810 2191 de
1825 2160 1993 2200 prebenda
2004 2161 2037 2190 in
2051 2161 2139 2191 dicta
2148 2160 2304 2194 ecclesia,

1295 2224 1369 2244 cum
1403 2215 1443 2244 ad
1475 2215 1507 2244 id
1541 2214 1701 2245 obtulerit
1733 2223 1767 2244 se
1801 2214 1944 2244 facultas
1976 2231 2024 2243 -—.
2059 2214 2186 2244 Datum
2218 2213 2305 2252 apud

1297 2268 1586 2303 Urbemveterem,
1604 2277 1620 2297 x
1640 2268 1802 2298 kalendas
1815 2267 1906 2307 julii,
1927 2276 2013 2297 anno
2031 2267 2144 2298 tertio.
2165 2277 2180 2296 11

1390 2456 1484 2487 1826

1860 2455 1985 2488 Cli-vieto,
2003 2457 2017 2481 Τ
2037 2454 2140 2482 sex-rior
2159 2454 2235 2482 1204.

1335 2539 1557 2574 Archiepiscopo
1575 2538 1738 2566 Coloniensi
1760 2539 1875 2566 mandat
1895 2542 1923 2566 ut
1946 2539 2119 2573 magistrum
2138 2538 2306 2571 Get-ardum,

1296 2590 1468 2616 canonicum
1484 2588 1621 2615 ecclesiae
1640 2597 1662 2614 s.
1684 2588 1810 2614 Severini
1827 2587 2017 2620 Coloniensis,
2035 2588 2063 2614 in
2079 2587 2202 2614 ecclesia
2220 2587 2307 2613 Brun-

1297 2638 1392 2667 nensi,
1411 2637 1588 2664 Coloniensis
1604 2637 1736 2663 diocesis.
1761 2637 1788 2663 in
1809 2637 1979 2663 canonicum
2001 2644 2065 2663 cum
2081 2635 2243 2670 praebenda
2265 2643 2310 2662 re-

1296 2685 1354 2721 cipi
1373 2686 1468 2713 l'aciat.
1484 2687 1560 2721 (lli-zo.
1581 2687 1624 2712 Δ).
1643 2686 1690 2712 sol.
1710 2686 1756 2713 la?
1771 2691 1806 2711 νο.
1825 2687 1943 2717 110870.)

1338 2810 1352 2824 «
1377 2797 1617 2837 .trchiepiscopo
1644 2796 1825 2827 Coloniensi.
1850 2796 2018 2826 Dilectum
2047 2795 2153 2825 lilium
2185 2794 2308 2834 magis-

1299 2852 1387 2880 trum
1420 2869 1467 2880 —.
1499 2851 1621 2881 Datum
1647 2850 1735 2888 apud
1763 2849 2051 2884 [rbemvetereim
2083 2857 2127 2877 vu
2156 2847 2232 2877 idus
2265 2847 2310 2878 t'e-

236 2901 296 2938 sis,
323 2910 398 2931 cum
429 2901 639 2940 plenitudine
662 2902 751 2941 juris
781 2903 943 2939 canonici,
971 2912 1008 2933 ac
1039 2903 1243 2942 prebendam
1270 2903 1273 2938 l
1300 2904 1440 2940 bruarii,
1461 2912 1546 2934 anno
1566 2904 1676 2934 tertio.
1701 2913 1715 2932 n
