2659 3242
98 409 173 437 1264

76 458 146 493 jujl.
156 455 206 486 25.

111 737 123 751 D
192 736 203 751 Ι

109 1162 120 1177 D
189 1163 200 1178 Ι

107 1530 119 1545 Ι
189 1530 201 1545 D

103 1752 115 1767 D
189 1752 201 1767 Ι

106 1986 120 2002 ι
186 1986 199 2002 »

106 2404 119 2420 ι
172 2394 222 2422 26.

257 409 385 436 Orvielo.

404 2170 407 2173 ’
441 2172 536 2200 clesia
580 2173 788 2207 Frislariensi,

864 218 1035 248 TABLES
1054 219 1113 249 DU
1133 218 1353 249 REGISTRE
1371 218 1580 249 D'URBAIN
1600 219 1642 247 lv

1012 316 1097 342 peges.
1116 316 1246 338 Numeron.

1041 371 1106 391 tome
1132 369 1163 392 ΙΙΙ

480 410 593 437 Eidem
615 410 760 445 indulget
784 411 820 437 ut
843 411 882 438 de
904 417 1038 445 proven-
1053 410 1056 440 1
1074 410 1132 437 247
1149 410 1152 441 Ι
1171 410 1248 437 2156

440 459 526 486 tibus
542 459 745 492 decimarum,
761 466 841 494 quas
856 459 924 494 ipse
939 460 973 486 et
989 466 1042 487 an-

440 510 612 534 tecessores
627 508 725 542 ipsius
740 509 923 541 tenuerunt,
939 508 1043 542 capel-

441 557 540 585 lanias
554 556 781 584 instituerevel
794 557 879 591 ipsas
894 556 1044 590 decimas,

441 606 480 632 de
505 612 635 633 assensu
661 605 893 640 episcoporum,
918 612 1043 632 monas-

441 654 530 680 teriis
555 655 728 681 concedere
753 654 871 681 valeat.

1044 689 1110 710 tone
1135 687 1167 710 ΙΙΙ

482 729 640 764 Episcopo
679 729 866 756 Belvacensi
904 729 1037 756 mandat
1053 728 1056 758 1
1075 728 1134 754 349
1150 727 1153 759 Ι
1171 727 1249 755 2166

444 779 480 804 ut
502 785 558 812 per
577 777 832 813 quinquennium
854 778 962 804 decem
983 777 1043 804 cle-

445 826 517 853 ricis
554 826 680 853 comitis
718 826 926 859 Pictavensis‚
963 833 1044 860 quos

444 876 511 909 ipse
535 875 761 908 nominaverit,
786 875 909 902 fructus
935 875 1044 902 benifi-

442 924 562 950 ciorum
583 930 654 950 cum
676 924 862 958 integritate
882 924 1044 958 percipere

442 973 547 1005 faciat,
563 973 712 1007 quamvis
728 972 826 1007 ipsius
843 972 969 999 comitis
985 979 1046 999 ser·

440 1021 527 1047 vitiis
545 1021 734 1053 insistendO,
754 1021 958 1049 residentiam
977 1028 1046 1056 per-

439 1070 581 1096 sonalem
604 1077 668 1097 non
695 1069 838 1097 fecerint.

1043 1114 1108 1135 tone
1133 1112 1165 1135 111

477 1153 619 1186 Altonso,
654 1153 835 1180 Pictavensi
861 1155 894 1180 et
927 1154 1041 1181 Tholo-
1057 1154 1059 1185 Ι
1077 1153 1136 1179 5³49
1156 1152 1252 1185 12169

440 1210 516 1230 sano
535 1203 655 1235 comiti,
673 1203 818 1237 indulget
837 1204 883 1236 ut,
902 1203 928 1229 si
943 1209 1043 1238 quan-

440 1253 479 1278 do
498 1258 569 1278 eum
587 1253 643 1280 aut
659 1252 865 1284 comitissam,
883 1251 952 1285 ejus
968 1259 1042 1278 uxo-

442 1307 519 1333 rem,
553 1301 836 1328 excommunicatis
869 1300 1042 1327 communi—

443 1356 513 1375 care
549 1349 725 1383 contingat,
760 1349 953 1377 sententiam
986 1349 1043 1375 mi-

445 1398 530 1424 noris
569 1398 908 1426 excommunicationis
945 1398 1045 1425 nulla-

443 1448 537 1473 tenus
564 1447 738 1474 incurrant.

483 1521 641 1556 Episcopo
667 1522 794 1550 Lucano
821 1523 955 1551 mandat
979 1521 1041 1548 col-
1061 1520 1156 1552 14181
1194 1522 1251 1548 865

440 1571 518 1605 ligat
547 1571 630 1599 bona
657 1571 806 1598 ecclesiae
833 1570 998 1598 Romanae
1025 1578 1042 1598 a

436 1620 548 1653 Paulo,
582 1620 804 1648 archidiacono
832 1620 972 1653 Lucano,
1001 1620 1042 1646 le-

437 1669 525 1701 gata.

1043 1703 1109 1725 tone
1134 1702 1165 1725 111

480 1744 690 1775 Ludovicum,
716 1743 838 1770 dictum
863 1744 902 1770 de
927 1743 1056 1776 Roure,l
1095 1743 1153 1774 541
1174 1743 1249 1770 1054

442 1792 595 1819 canonico
619 1790 887 1825 claromontensi,
900 1792 1041 1827 praedic-

439 1842 490 1868 tae
509 1840 721 1868 ordinationis
741 1844 777 1867 n⁰
799 1840 875 1867 1053
897 1840 1042 1874 signatae

438 1891 642 1917 executorem
672 1890 854 1917 constituit.

1044 1940 1109 1961 tone
1134 1939 1166 1961 111

476 1978 650 2007 Scolastico
695 1979 845 2006 ecclesiae
874 1979 1035 2006 Osnabur-
1056 1978 1132 2006 ⁴{203
1154 1979 1250 2010 11916

438 2027 548 2060 gensis
563 2029 698 2055 mandat
715 2029 751 2054 ut
764 2027 962 2061 wigandum,
977 2035 1042 2054 rec—

438 2077 542 2102 torem
559 2076 708 2103 ecclesiae
723 2077 756 2103 in
772 2077 979 2110 Frondental,
995 2084 1042 2104 ee-

441 2124 569 2151 clesiam
587 2125 748 2159 resignare
766 2126 924 2160 paratum,
944 2125 976 2153 in
995 2133 1043 2153 ec-

833 2173 1039 2208 Maguntinae

439 2221 586 2255 diocesis,
610 2223 642 2249 in
667 2223 854 2250 canonicum
877 2223 975 2258 recipi
998 2224 1042 2250 fa-

441 2272 516 2304 ciat,
543 2272 601 2298 sub
627 2272 868 2307 exspectatione
891 2272 1044 2307 praeben—

437 2322 456 2348 d
461 2327 508 2347 ae.

1042 2358 1108 2380 tone
1133 2357 1165 2380 111

486 2395 644 2430 Episcopo
666 2396 814 2422 Trecensi
835 2397 967 2424 mandat
990 2399 1036 2429 ut,
1053 2397 1056 2427 1
1073 2397 1154 2429 3281
1189 2399 1247 2426 693

444 2445 463 2471 J
468 2446 540 2471 usto
558 2443 729 2472 Lanfranci
747 2445 815 2471 cive
834 2452 870 2472 ac
887 2448 1041 2474 mercato-

437 2500 470 2519 re
489 2493 677 2520 Pistoriensi
697 2493 820 2520 facturo
840 2495 873 2520 et
891 2496 1040 2522 curaturo

437 2543 525 2576 quod
541 2541 649 2568 Bonus
665 2542 830 2570 ,Iohannes
845 2543 1039 2576 Gerardutii,

438 2590 581 2618 Ventura
604 2590 728 2623 Acursi,
752 2591 935 2619 Pannochia
957 2593 1038 2620 Lan-

440 2639 552 2672 rranci,
582 2638 772 2673 Maynectus
814 2638 908 2673 Clari,
951 2640 1037 2667 Bene

436 2688 603 2721 Guidonis‚
618 2688 812 2716 Pistoriense
826 2690 950 2722 Jacobi,
965 2690 1038 2717 Fre-

438 2737 561 2764 dericus
583 2736 775 2770 Riccardini,
795 2737 1038 2766 Bartholomeus

439 2785 523 2811 filius
551 2785 628 2813 dicti
656 2786 823 2819 Frederici,
852 2786 977 2814 Picchio
1005 2789 1039 2814 et

439 2835 545 2862 Turdo
573 2834 763 2868 Inghilberti
788 2835 912 2868 tratres,
936 2836 1038 2864 Bona—

440 2884 492 2909 tus
517 2883 681 2916 Luchecti,
707 2883 902 2912 Pandolinus
928 2884 1037 2918 Symo-

1329 1659 1403 1687 1264

1305 1707 1375 1741 juil.
1407 1709 1456 1736 26.

1489 1661 1618 1693 Orvieir).

2409 221 2470 253 271

2239 317 2325 344 Paga.
2342 317 2472 341 Numen·-

1670 372 1726 404 nis,
1752 371 1898 397 Nivolaus
1920 373 1999 398 Liui⁴
2023 373 2187 399 Juliannes
2209 375 2267 399 (je-

1668 420 1785 447 rardini
1817 421 1920 447 dictus
1958 420 2072 453 Vanm',
2103 421 2267 448 Bartholo-

1669 468 1772 495 minus
1794 468 1942 501 Melioris,
1964 470 2088 498 Barone
2108 469 2268 503 Cristiani,

1672 517 1848 550 liugolinus
1889 518 2043 550 Baldecti,
2087 518 2267 547 Sinibaldus

1669 566 1791 598 Jacobi,
1807 566 1982 593 (Liami'inus
1998 567 2135 600 polonis,
2150 567 2268 595 Baldus

1672 615 1907 645 Lanfranrhini,
1950 615 2115 642 Johannes
2155 616 2268 643 Jacobi

1670 663 1773 689 dictus
1798 662 1913 695 Banni,
1936 662 2137 690 Clarentinus
2161 664 2269 691 Ansel-

1670 712 1723 743 mi,
1756 712 1897 738 Andreas
1929 713 1961 738 et
1993 712 2078 746 Pepo
2110 712 2268 740 Butercini

1671 759 1794 792 tratres,
1818 759 2015 793 Mergulliese
2037 760 2168 794 Braccii,
2190 761 2268 788 Buc-

1671 815 1706 836 ca
1744 808 1912 840 Angelerii,
1951 809 2136 836 Guidaloste
2172 811 2270 844 susti,

1671 857 1864 883 Gerardinus
1891 859 1921 883 et
1950 857 2130 884 Bracciolus
2155 858 2269 886 Bonini

1672 904 1798 934 fratres,
1839 906 2011 934 Johannes
2046 905 2267 936 Gualandesci.

1674 953 1800 987 Forese,
1830 954 1952 982 Baldus
1977 955 2170 986 Benencase,
2199 956 2268 983 Bal-

1673 1004 1785 1030 dectus
1848 1002 2083 1038 Caeciadraghi,
2137 1005 2270 1032 Bartho-

1673 1052 1793 1078 lomeus
1827 1052 2006 1086 Raynelini,
2039 1054 2180 1080 ,Iacobus
2212 1054 2269 1080 Fo-

1672 1101 1744 1134 resi,
1774 1101 1878 1127 Buoso
1908 1102 2048 1129 Bonavie
2079 1104 2109 1129 et
2142 1102 2270 1138 phylip-

1672 1157 1731 1183 pus
1755 1151 1922 1183 Johannis,
1947 1151 2022 1177 socii
2047 1152 2104 1184 sui,
2128 1152 2214 1179 cives
2238 1154 2270 1179 et

1670 1200 1861 1226 mercatores
1918 1199 2135 1232 pistorienses,
2188 1201 2262 1227 olim

1672 1246 1828 1275 Mansredi
1857 1248 2009 1281 fautores,
2038 1249 2118 1275 infra
2147 1251 2269 1276 certum

1669 1296 1850 1329 terminum,
1883 1298 1921 1323 ad
1943 1297 2089 1323 ecelesiae
2120 1299 2270 1325 mandata

1672 1345 1831 1377 redibunt,
1843 1347 1968 1372 eosdem
1976 1345 2272 1374 Pistoriensescives

1671 1395 1703 1419 et
1728 1395 1929 1426 mercatores,
1954 1394 1985 1420 in
2009 1394 2112 1422 Gallia
2135 1402 2271 1422 commo-

1671 1443 1788 1475 rantes,
1809 1444 1935 1476 recepto
1965 1443 2051 1477 prius
2081 1442 2271 1477 ab⁷eisjura-

1671 1492 1779 1517 mento
1804 1492 1842 1518 de
1867 1493 2006 1525 parendo
2029 1492 2196 1525 mandatis
2218 1500 2270 1520 ,ee-

1672 1539 1795 1572 clesiae,
1817 1548 1832 1566 a
1863 1541 2030 1567 sententiis
2059 1542 2271 1569 excommuni—

1672 1588 1808 1615 cationis
1832 1589 1988 1617 absolvat.

2271 1627 2337 1648 tone
2362 1626 2393 1648 ιιι

1712 1663 1914 1691 Patriarchae
2008 1665 2265 1693 Jerosolimitano
2281 1666 2284 1696 1
2302 1665 2363 1693 304
2381 1666 2386 1698 1
2401 1667 2477 1695 1925

1670 1714 1802 1740 mandat
1822 1714 1858 1739 ut
1877 1713 2066 1740 Sarracenos
2083 1715 2115 1740 et
2132 1715 2272 1742 Judaeos

1669 1768 1826 1795 pauperes
1860 1763 1898 1789 ad
1933 1762 2091 1789 unitatem
2125 1763 2272 1791 ecclesiae

1669 1810 1815 1837 converti
1831 1810 1986 1843 volentes,
2003 1818 2059 1845 per
2075 1811 2141 1838 dies
2157 1812 2189 1839 in
2204 1813 2271 1847 qui-

1671 1859 1729 1885 bus
1747 1859 1935 1886 catechizari
1952 1860 2091 1893 valeant,
2110 1861 2148 1887 ab
2177 1861 2272 1888 eccle-

1669 1907 1723 1934 siis
1758 1908 1810 1933 vel
1846 1908 2047 1935 monasteriis
2082 1908 2272 1936 Acconensis

1669 1956 1812 1983 civitatis
1828 1958 1860 1983 et
1875 1957 2008 1984 diocesis
2021 1958 2053 1984 in
2066 1958 2155 1985 vitae
2167 1965 2271 1985 neces-

1670 2005 1760 2032 sariis
1793 2005 1890 2032 faciat
1921 2005 2092 2040 provideri.

2272 2044 2338 2064 wne
2362 2042 2394 2065 ΙΙΙ

1710 2080 1914 2115 Privilegium
1953 2088 2048 2116 super
2085 2082 2265 2117 receptione
2280 2082 2283 2113 Ι
2301 2082 2379 2114 3071
2400 2083 2473 2110 1943

1669 2130 1810 2164 quatuor
1838 2130 2060 2156 canonicorum
2087 2131 2269 2165 praeposito

1669 2179 1702 2204 et
1727 2178 1869 2213 capitulo
1895 2178 2042 2206 ecelesiae
2066 2179 2271 2207 Feri-ariensis

1670 2227 1891 2253 confirmatur.

2272 2264 2337 2285 tone
2361 2263 2393 2286 ΙΙΙ

1690 2301 1847 2336 Episcopo
1866 2303 1898 2327 et
1926 2301 2066 2335 capitulo
2093 2302 2264 2330 Pelentinis
2280 2303 2283 2333 1
2300 2303 2356 2330 313
2374 2303 2378 2334 1
2399 2304 2477 2332 1962

1670 2351 1802 2377 mandat
1822 2351 1857 2376 ut
1875 2350 2037 2384 Pelagium
2055 2350 2195 2384 Gai-siae,
2212 2358 2282 2386 por-

1666 2398 1786 2425 tionem
1805 2399 1838 2425 in
1859 2399 1987 2426 ecclesia
2009 2399 2176 2427 palentina
2194 2400 2268 2426 resi—

1667 2454 1764 2481 gnare
1783 2449 1942 2481 paratum,
1963 2447 1994 2474 in
2015 2448 2201 2475 canonicum
2220 2455 2266 2475 re-

1666 2495 1787 2530 cipiant
1805 2496 1897 2531 eique
1915 2497 1952 2523 de
1968 2496 2149 2530 praebenda
2164 2497 2267 2531 provi-

1669 2545 1776 2571 deant.

2266 2581 2332 2602 ωιιο
2356 2580 2389 2604 ΙΙΙ

1703 2619 1804 2645 Priori
1820 2621 1851 2646 et
1868 2619 2020 2645 fratribus
2037 2619 2208 2646 Heremitis
2223 2622 2261 2648 de
2276 2621 2279 2650 1
2297 2621 2357 2647 309
2372 2620 2376 2652 1
2397 2621 2471 2648 1944

1665 2667 1868 2700 Alexandria,
1893 2668 2011 2695 ordinis
2034 2675 2058 2694 s.
2081 2668 2266 2703 Augustini,

1667 2716 1829 2744 ecclesium
1845 2723 1869 2743 s.
1886 2716 2017 2743 Martini
2031 2718 2070 2744 de
2084 2717 2264 2745 Gamundio

1665 2765 1703 2792 de
1737 2764 1932 2792 Alexandria
1967 2765 2147 2793 confirmat.

2266 2802 2331 2823 ton·
2355 2800 2388 2824 m

1702 2839 1896 2874 Episcopum
1918 2839 2098 2874 Aquensem
2118 2841 2259 2875 praedic·
2275 2840 2278 2872 1
2295 2840 2375 2873 3091
2394 2841 2470 2869 1945

1665 2888 1691 2915 ti
1722 2888 1842 2915 decreti
1873 2889 2011 2922 deputat
2035 2880 2253 2916 'executorem
