2519 3262
200 176 259 206 302

240 268 306 287 (1..
332 255 435 296 priori
470 253 701 283 l'redicatortcm
745 249 1009 280 Warmacensium.
1048 248 1209 279 Volentes

200 311 360 341 dilectum
384 309 491 339 filium
521 325 567 336 ——.
606 306 728 336 Datum
756 303 845 343 apud
874 302 1164 336 Urbemveterem,
1186 309 1207 329 11

201 363 391 403 idusjunii,
412 370 496 391 anno
520 360 630 390 tertio.
651 369 665 388 »

798 528 921 559 OrvietO,
935 528 967 555 21
987 527 1044 554 mai
1061 527 1137 554 1264.

292 536 387 568 1910

237 620 378 654 Philippo,
399 617 577 645 thesaurario
605 615 811 647 Corinthiensi,
838 614 956 640 mandat
985 616 1012 639 ut
1036 612 1210 646 Johanneni,

200 670 434 697 archidiaconum
455 666 697 697 Corinthiensem,
720 672 889 699 germanum
915 662 1025 689 Beraldi
1050 663 1082 689 de
1100 661 1209 693 Trebis‚

202 719 352 746 familiaris
369 716 531 752 apostolici,
550 716 579 742 in
594 714 772 749 Argolieensi
789 712 908 739 eeclesia
926 712 954 739 in
971 711 1142 738 canonicum
1159 711 1209 736 sub

201 766 412 801 exspectatione
442 765 621 800 praebendae
651 762 738 797 recipi
775 761 872 789 saciat.
907 762 986 795 (nm.
1006 762 1049 791 29,
1070 760 1117 786 sol.
1152 760 1209 792 107,

201 823 230 843 11ο
244 817 320 850 960.)

241 930 255 949 1(
272 919 439 959 Playlippo,
459 917 648 948 thesaurario
667 916 884 947 corinthiensi.
907 916 1075 946 Dilectum
1102 914 1209 944 titium

199 973 387 1004 Johannem
403 991 452 1003 —.
471 972 596 1003 Datum
611 971 700 1010 apud
718 970 1007 1004 Urbemveterem,
1025 977 1072 998 1311
1096 967 1208 998 kalen-

200 1027 371 1066 dasjunii,
390 1035 477 1057 anno
494 1025 605 1056 tertio.
626 1033 643 1055 »

293 1196 386 1227 1911
780 1191 904 1221 Orvieto,
924 1189 1044 1225 Tjuillet
1059 1188 1138 1216 1264.

237 1279 339 1306 Abbati
366 1287 389 1306 s,
418 1278 561 1305 vincentii
584 1276 805 1304 Mediolanensis
824 1276 941 1302 mandat
961 1277 991 1302 ut
1009 1275 1124 1307 Jacobo,
1144 1276 1211 1300 nato

203 1328 311 1355 Pavioli
337 1328 458 1358 Canioti,
485 1327 555 1354 civis
583 1325 813 1359 Mediolanensis,
841 1324 978 1352 canonico
1010 1323 1149 1351 eeclesiae
1177 1323 1212 1349 de

202 1377 329 1408 Decimo,
356 1376 579 1404 Mediolanensis
606 1374 739 1408 diocesis,
753 1375 783 1401 in
799 1375 900 1401 eadem
923 1373 1045 1401 eeclesia
1066 1372 1212 1408 quamcito

201 1427 234 1452 ‹te
252 1426 413 1460 praebenda
429 1425 586 1460 provideat.
606 1426 686 1459 (11110.
704 1425 749 1455 29,
768 1424 817 1451 fol.
838 1424 895 1455 197,
912 1427 942 1449 11ο
957 1423 1033 1457 9151.)

243 1543 258 1563 (1
278 1532 393 1563 Abbati
417 1541 441 1560 s.
479 1529 629 1560 Vincentii
649 1528 897 1559 Mediolrmensis.
924 1526 1091 1566 Exposuit
1115 1525 1213 1556 nobis

202 1586 347 1617 dilectus
371 1603 420 1614 ——.
440 1584 565 1614 Datum
590 1582 678 1622 apud
699 1581 988 1617 Urbeinvetereni,
1010 1580 1108 1610 nonis
1122 1580 1211 1618 julii,

202 1647 288 1670 anno
308 1638 419 1669 tertio.
443 1648 456 1665 »

296 1808 391 1839 1912
776 1803 901 1830 Orvieto.
919 1804 933 1829 7
947 1802 1041 1838 juillet
1064 1802 1138 1829 1204.

240 1892 351 1918 Decano
372 1893 400 1917 et
422 1889 547 1925 capitulo
567 1889 705 1916 ecelesiae
734 1888 916 1923 Nigellensis‚
935 1888 1136 1915 Noviomensis
1155 1889 1214 1914 dio-

204 1940 289 1973 cesis,
307 1940 435 1974 indulget
451 1942 481 1966 ut
499 1939 673 1973 magistrum
696 1938 853 1964 Gerardum
870 1939 904 1964 de
921 1938 1101 1968 Beteneourt,
1122 1940 1214 1964 eusto-

204 1991 269 2016 dem
282 1988 422 2016 ecclesiae
436 1987 617 2021 l’eronensis,
630 1986 830 2014 Noviomensis
847 1986 979 2015 diocesis.
991 1987 1050 2021 qui.
1064 1989 1214 2020 postquam

204 2038 365 2065 custodiam
383 2037 474 2071 ipsam
494 2039 537 2063 est
561 2039 721 2069 assecutus,
751 2034 951 2062 canonicatum
971 2038 997 2062 et
1020 2036 1214 2069 praebendam

204 2087 384 2122 Nigellenses
408 2087 496 2113 libere
512 2086 547 2112 ad
563 2085 731 2112 instantiam
754 2084 829 2119 regis
848 2084 982 2110 Franciae
1001 2083 1168 2117 resignavit,
1187 2084 1214 2110 11]

205 2136 375 2162 canonicum
390 2135 541 2169 recipiant,
559 2135 610 2161 sub
623 2133 834 2168 exspectatione
854 2133 1043 2168 praebendae.
1059 2134 1216 2159 11111111110110

206 2185 240 2211 ad
269 2185 296 2211 id
324 2185 453 2220 ejusdem
485 2184 561 2219 regis
592 2191 726 2210 assensus
756 2183 882 2210 accedat.
907 2183 984 2217 (lino.
1014 2184 1057 2213 29,
1085 2181 1132 2208 sol.
1156 2183 1214 2211 197,

207 2238 237 2258 n⁰
250 2232 327 2268 962.)

247 2351 262 2372 <(
282 2341 403 2371 Decano
427 2345 455 2371 et
484 2339 623 2381 capitulo
650 2339 769 2370 ecclesie
790 2339 987 2379 Niyelknsis,
1011 2339 1217 2369 Noviomensis

208 2395 344 2426 diocesis.
360 2395 462 2425 Lecta
486 2403 598 2425 eoram
620 2393 717 2424 nobis
745 2412 794 2423 —.
813 2394 937 2423 Datum
957 2393 1045 2431 apud
1076 2393 1216 2423 Urbem-

208 2450 367 2484 veterem,
384 2447 483 2478 nonis
496 2447 585 2486 julii,
605 2455 691 2477 anno
709 2446 820 2477 tertio.
842 2456 856 2475 »

302 2623 396 2655 1913
787 2622 911 2654 orvieto,
930 2624 944 2649 7
957 2622 1052 2658 juillet.
1069 2622 1144 2650 ttzfi-i.

245 2707 356 2734 Deeano
376 2707 514 2734 eeclesiae
530 2716 552 2734 s.
571 2707 736 2739 Aadomari,
754 2707 924 2735 Morinensis
944 2707 1076 2738 diocesis„
1099 2708 1217 2735 mandat

210 2758 240 2782 ut
254 2756 394 2791 magistro
414 2757 506 2787 Petro,
519 2756 595 2783 dicto
613 2757 726 2790 Medico,
737 2757 771 2783 de
789 2757 911 2791 l‘erona,
927 2756 1031 2784 clerieo
1047 2756 1219 2784 Novioinen-

211 2804 249 2831 sis
260 2804 395 2838 diocesis,
409 2804 456 2839 qui
477 2805 524 2831 diu
542 2805 667 2832 l‘arisius
686 2804 712 2831 in
729 2805 838 2832 artibus
855 2806 982 2836 studens,
1000 2805 1103 2832 ibidem
1120 2806 1219 2832 cathe—

211 2853 293 2880 dram
310 2854 415 2881 meruit
428 2855 582 2881 ascendere
602 2854 813 2889 magistralem,
831 2856 864 2882 de
881 2855 976 2889 aliquo
995 2854 1134 2881 beneficio
1155 2863 1217 2889 par-

950 163 1192 196 REGISTRES
1225 161 1438 193 D'URBAIN
1468 161 1526 191 IV.

1269 245 1387 272 roehiali
1415 245 1449 271 ad
1471 244 1655 271 collationem
1673 243 1785 271 abbatis
1804 244 1974 271 monasterii
1987 244 2021 271 de
2042 244 2134 271 Monte
2152 254 2174 271 5.
2194 245 2278 276 Quin-

1266 294 1318 321 tini
1337 293 1419 329 juxta
1448 294 1601 326 l‘eronarn,
1623 292 1731 319 ordinis
1759 301 1781 319 s.
1809 292 1966 326 Benedicti,
1988 293 2116 328 ejusdem
2142 293 2276 326 diocesis,

1267 343 1440 377 pertinente,
1461 341 1620 376 provideat.
1638 341 1715 375 (Rea.
1730 342 1775 372 29,
1793 341 1840 368 sol.
1863 342 1925 372 197,
1947 345 1977 367 n⁰
1993 342 2070 376 963.)

1308 458 1322 477 1(
1342 448 1458 477 Decano
1478 447 1631 477 ecclesias.
1649 447 1832 483 Audomari,
1851 446 2030 476 Mor-iriensis
2045 446 2184 476 diocesi&
2200 447 2279 477 Pro-

1268 501 1385 532 bitatis
1419 503 1451 531 et
1479 501 1619 531 scientie
1644 519 1694 529 —.
1720 501 1846 530 Datum
1874 500 1962 539 apud
1987 499 2278 536 Urbemveterem,

1268 555 1367 586 nonis
1379 555 1470 594 julii,
1488 562 1574 584 anno
1591 554 1702 584 tertio.
1723 563 1738 583 »

1362 715 1454 746 1914
1827 713 1950 743 Orvieto,
1976 714 2003 740 11
2017 713 2111 748 juillet
2130 713 2208 743 1204.

1304 798 1396 825 Fratri
1421 798 1599 833 Raymundo,
1621 797 1697 824 dieto
1725 799 1814 829 Maro,
1836 797 1944 824 ordinis
1961 797 2079 824 Militiae
2096 798 2218 831 Templi,
2236 797 2282 824 in-

1268 847 1365 880 dulget.
1379 849 1408 873 ut
1425 848 1461 873 ad
1477 847 1565 874 aliam
1584 846 1754 881 religionem
1770 856 1792 872 5.
1811 847 1963 881 Augustini
1982 846 2024 873 vel
2037 846 2156 874 alterius
2173 847 2282 874 ordinis

1268 897 1392 922 transire
1412 897 1515 923 valeat.
1535 897 1614 930 ineu.
1633 897 1677 929 ’.9,
1696 896 1743 922 sol.
1767 897 1829 928 197,
1842 901 1872 922 n⁰
1886 896 1960 929 (204.)

1308 1014 1323 1033 ((
1340 1003 1449 1032 Fratri
1465 1002 1654 1042 Baymmdo,
1670 1001 1750 1032 dicto
1768 1003 1872 1039 Maro,
1889 1002 2006 1031 ordinis
2023 1002 2136 1032 Militie
2153 1002 2282 1042 Templi.

1268 1057 1451 1088 Credentes
1475 1058 1507 1087 te
1524 1056 1618 1087 illius
1636 1075 1687 1086 —.
1704 1056 1828 1087 Datum
1845 1056 1934 1094 apud
1954 1055 2243 1093 Urbemveterem,
2262 1065 2280 1086 v

1267 1110 1344 1140 idus
1360 1109 1450 1149 julii,
1470 1118 1556 1140 anno
1573 1110 1684 1140 tertio.
1703 1118 1720 1138 »

1362 1273 1458 1304 1915
1852 1271 1977 1303 Orvieto,
1991 1272 2007 1297 2
2019 1271 2115 1306 juillet
2134 1271 2210 1298 1264.

1307 1356 1476 1391 Legionensi
1495 1358 1522 1383 et
1536 1355 1694 1383 Conchensi
1712 1355 1853 1390 episcopis
1873 1356 1991 1382 mandat
2013 1358 2043 1382 ut
2063 1356 2213 1382 Fernando
2235 1356 2285 1382 Ye-

1272 1405 1352 1433 lasci,
1379 1405 1531 1432 scolastico
1550 1404 1688 1431 eeclesiae
1713 1404 1897 1432 Tholetanae.
1921 1404 1997 1439 regis
2015 1404 2156 1430 Castellae
2182 1412 2214 1430 ac
2238 1405 2285 1431 Le-

1271 1454 1363 1489 gionis
1391 1453 1507 1486 clerieo,
1532 1454 1763 1481 consideratione
1787 1454 1917 1489 eJ'usdem
1939 1453 2015 1487 regis
2035 1461 2085 1487 per
2107 1454 2283 1488 magistrum

1271 1503 1423 1530 Radulfum
1441 1503 1585 1530 notarium
1602 1506 1627 1530 et
1645 1503 1784 1530 nuncium
1801 1511 1883 1529 suum
1895 1505 1923 1529 et
1939 1503 1984 1534 0.,
2001 1511 2023 1529 5.
2040 1503 2156 1529 Adriani
2171 1503 2285 1531 diaconi

1271 1552 1426 1579 cardinalis
1442 1553 1505 1579 viva
1523 1560 1590 1578 voce
1608 1560 1658 1586 pro
1680 1552 1741 1586 ipso
1761 1551 1996 1586 supplicantium.
2017 1551 2050 1577 de
2067 1551 2285 1586 praestimoniis

1271 1610 1360 1635 usque
1383 1602 1419 1628 ad
1438 1601 1518 1628 illam
1545 1601 1708 1628 reddituum
1724 1601 1918 1635 quantitatem
1937 1608 2024 1635 quam
2042 1600 2080 1626 ibi
2097 1601 2228 1628 obtinent
2243 1609 2286 1629 ee-

1272 1651 1376 1677 clesiae
1386 1651 1549 1685 praedictae
1565 1649 1769 1681 archidiaconi,
1785 1650 1963 1684 provideant.
1977 1650 2054 1684 (Rae.
2068 1650 2112 1680 29,
2127 1649 2235 1678 1111197
2245 1655 2284 1682 10,

1273 1704 1304 1726 1]ο
1324 1700 1399 1731 905.)

1316 1816 1330 1835 11
1351 1831 1356 1836 .
1377 1832 1382 1837 ,
1403 1806 1590 1845 Leyionensi,
1614 1810 1658 1835 et.
1677 1829 1682 1835 .
1703 1805 2045 1846 Conclzensiepiscopis.
2064 1806 2153 1836 Dum
2174 1806 2286 1836 condi-

1273 1859 1384 1890 tiones
1413 1861 1445 1889 et
1460 1876 1509 1887 —-.
1529 1860 1652 1889 Datum
1681 1859 1770 1897 apud
1800 1859 2089 1893 Urbeinveterem,
2122 1868 2152 1889 vi
2180 1868 2287 1890 nonas

1271 1912 1361 1951 julii,
1387 1920 1472 1942 anno
1492 1912 1603 1942 tertio.
1627 1922 1641 1940 11

1369 2072 1463 2101 1916

1831 2068 1954 2100 Orvieto,
1970 2070 2004 2095 25
2019 2068 2113 2103 juillet
2136 2069 2213 2096 1204.

1310 2154 1467 2181 Scolastieo
1487 2154 1625 2180 ecelesiae
1648 2153 1878 2188 Osnaburgensis
1901 2153 2019 2180 mandat
2041 2156 2069 2180 ut
2099 2153 2285 2188 Wiganduiu,

1275 2206 1417 2231 rectorem
1445 2203 1584 2230 ecclesiae
1603 2203 1631 2229 in
1658 2202 1842 2234 Frondental,
1858 2203 2011 2229 eeclesiam
2039 2203 2186 2237 resignare
2206 2212 2286 2237 para-

1275 2255 1348 2286 tum,
1366 2253 1393 2279 11]
1410 2252 1532 2279 eeclesia
1551 2251 1743 2282 Fris-lariensi,
1766 2252 1948 2286 Maguntinae
1965 2251 2099 2285 diocesis,
2119 2251 2147 2278 in
2169 2253 2287 2279 canoni-

1274 2310 1339 2329 cum
1367 2301 1455 2335 recipi
1478 2301 1575 2332 sas-iat,
1596 2301 1648 2327 sub
1678 2301 1891 2335 exspectatione
1917 2301 2107 2336 praebendae.
2134 2301 2214 2336 (REG.
2241 2302 2286 2334 29,

1276 2352 1324 2378 sol.
1345 2352 1391 2378 197
1408 2355 1447 2381 w.
1463 2355 1496 2377 n⁰
1513 2350 1590 2378 0150)

1317 2467 1332 2485 «
1351 2456 1520 2486 Scalaaico
1535 2455 1655 2485 ecclesie
1669 2455 1917 2495 Osnalmryensls.
1931 2456 2145 2487 Constitutus
2163 2455 2197 2486 in
2214 2464 2287 2495 pre-

1277 2510 1387 2541 sentia
1407 2528 1453 2540 —.
1478 2510 1601 2540 Datum
1632 2509 1720 2548 apud
1737 2509 2026 2546 Urbemveterem,
2045 2519 2102 2539 vui
2124 2509 2288 2540 kalendas

1277 2563 1426 2603 augusti,
1448 2572 1534 2594 anno
1554 2563 1664 2593 tertio.
1689 2574 1703 2591 »

1372 2724 1462 2755 1917
1834 2721 1959 2752 orvieto,
1979 2722 2010 2749 18
2026 2721 2117 2756 juillet
2140 2721 2215 2748 1264.

1314 2806 1448 2839 Magistro
1468 2807 1620 2834 Guillelino
1647 2806 1764 2834 1101110111
1780 2807 1814 2833 de
1832 2806 1991 2840 Aureliam,
2007 2805 2155 2840 capellano
2175 2808 2288 2840 aposto-

1278 2855 1342 2885 lico,
1361 2855 1447 2889 priori
1463 2857 1497 2883 de
1516 2856 1635 2883 Dausac.
1649 2856 1723 2891 juris
1739 2855 1832 2882 civilis
1851 2855 2019 2889 professori,
2042 2853 2288 2881 Claroniontensis
