2519 3262
1050 252 1288 290 ’1001011010
1318 251 1481 289 ANNEE.

224 345 332 374 veniri
353 345 502 375 remedio
519 354 578 384 per
592 346 741 375 nostram
759 345 1022 375 sollicitudinem
1042 345 1233 383 postulasti.

224 397 294 427 Nos
311 398 436 436 itaque,
459 398 611 428 nolentes
628 398 716 437 quod
737 399 772 428 tu
793 407 851 428 seu
872 398 982 428 dictus
1003 397 1106 427 abbas
1131 397 1234 427 vestri

220 450 309 489 juris
336 451 424 481 circa
451 451 510 481 hoc
539 451 695 481 sentiatis
721 451 856 490 aliquod
883 451 1135 485 detrimentum,
1166 450 1234 479 tuis

223 503 533 542 supplicationibus
554 504 719 539 inclinati,
744 503 807 533 tibi
829 512 864 533 ac
887 504 995 533 eidem
1022 503 1134 532 abbati
1161 511 1233 540 pre-

223 557 369 586 sentium
384 557 582 588 auctoritate
598 557 814 587 concedimus
826 557 915 595 quod
932 565 1038 594 usque
1050 555 1091 585 ad
1107 563 1233 584 semes-

221 611 271 640 tre
291 611 437 648 tempus,
462 610 725 648 computandum
743 619 761 640 a
782 611 932 647 tempore
954 618 1017 648 quo
1037 608 1167 638 scivisti
1188 608 1234 637 vi-

221 662 346 692 cariam
357 672 474 693 vacare
484 663 661 702 prefatam,
674 663 1013 701 personamidoneam
1022 662 1062 691 ad
1073 660 1233 690 vicariam

221 716 330 754 ipsam
340 716 491 754 possitis,
507 718 606 755 prout
616 717 656 746 ad
668 725 726 746 vos
738 714 1010 754 pertinet,libere
1024 715 1230 752 presentare.

220 769 296 799 Non
309 769 523 799 obstantibus
534 769 696 808 predictis
709 778 768 799 seu
780 768 959 798 coll-afflone
974 767 1025 797 vel
1037 766 1231 805 provisione

221 823 292 852 sive
308 823 510 853 investitura
531 822 559 851 si
579 831 643 861 que
660 824 716 852 aut
735 822 764 851 si
784 830 848 860 qua
867 830 926 859 per
942 829 1160 859 quoscunque
1180 830 1230 850 or-

220 874 384 911 dinarios,
406 877 498 904 motu
527 875 664 913 proprio
686 875 851 912 ipsorum,
870 873 941 903 sive
970 873 1104 911 aliquos
1130 873 1228 910 alios,

220 927 414 958 eorumdem
434 927 682 958 ordinariorum
702 927 912 963 auctoritate,
933 935 951 956 a
969 928 1121 964 tempore
1137 935 1230 956 vaca-

218 980 322 1011 tionis
335 980 496 1019 predicte,
515 980 554 1010 de
571 980 696 1010 vicaria
711 980 786 1018 ipsa
805 980 889 1009 facte
902 980 990 1014 sunt,
1004 988 1089 1018 quas
1102 988 1230 1009 necnon
1256 1021 1257 1027 ἵ

219 1034 251 1063 et.
266 1033 428 1072 quicquid
448 1033 539 1063 aliud
559 1033 592 1062 in
610 1035 704 1063 tuum
725 1034 782 1062 aut
801 1032 883 1062 dicti
901 1031 1034 1062 abbatis
1049 1032 1136 1071 juris
1157 1041 1230 1072 pre—

214 1085 381 1125 judicium
394 1086 434 1116 de
452 1086 577 1116 vicaria
596 1086 725 1122 eadem,
739 1094 847 1125 usque
860 1086 901 1116 ad
917 1087 1082 1116 semestre
1094 1086 1229 1124 tempus

215 1139 404 1177 predictum
421 1139 616 1178 attemptari
633 1138 823 1178 contigerit,
838 1138 970 1169 viribus
988 1147 1101 1170 carere
1118 1139 1229 1170 decer-

217 1191 330 1222 nimus
349 1200 386 1222 ac
402 1191 532 1222 nullius
545 1192 692 1222 existere
706 1192 890 1222 firmitatis.
907 1191 1001 1223 Nulli
1020 1201 1097 1231 ergo
1114 1194 1228 1223 nostre

217 1245 446 1275 concessionis
465 1246 496 1275 et
519 1245 773 1276 constitutionis
802 1245 986 1284 infringere
1013 1247 1074 1276 etc.
1104 1246 1228 1276 Datum

216 1298 305 1336 apud
321 1297 610 1335 Urbemveterem,
633 1308 655 1328 11
673 1298 836 1329 kalendas
851 1299 952 1338 junii,
969 1308 1056 1330 anno
1072 1299 1186 1330 tertio.

305 1467 401 1498 2597
805 1468 929 1498 Orvieto,
947 1468 981 1495 23
998 1468 1056 1494 mai
1077 1468 1153 1495 1264.

251 1551 388 1585 Magistro
415 1551 566 1585 Aymorico
589 1552 622 1578 de
642 1552 735 1578 Monte
752 1552 851 1583 Aeuto,
876 1552 1014 1579 canonico
1034 1553 1227 1588 Narbonensi,

215 1600 333 1626 maudut
351 1602 377 1626 ut
393 1600 560 1634 Raymundo
575 1601 608 1627 110
623 1601 766 1631 Fendelia,
783 1601 887 1628 elerico
904 1601 1078 1628 Tliolosauae
1094 1602 1226 1633 diocesis,

214 1649 247 1675 de
266 1648 388 1675 eeclesia
408 1649 441 1674 de
465 1649 571 1675 Masers
589 1650 623 1676 ad
649 1650 914 1684 praesentationem
930 1650 1043 1677 abbatis
1060 1653 1085 1677 et
1103 1659 1226 1677 conven-

215 1700 259 1724 tus
285 1697 454 1724 monasterii
477 1698 510 1724 de
534 1698 673 1729 Sei-leiim,
702 1699 810 1725 ordinis
830 1707 852 1725 s.
873 1699 1028 1729 Benedicti,
1047 1699 1225 1727 Tbolosanae

213 1746 347 1779 diocesis,
375 1748 524 1780 spectante
557 1750 584 1774 et
610 1748 645 1774 ud
677 1748 754 1774 sedis
776 1747 950 1782 apostolieae
979 1747 1165 1774 collationem
1191 1749 1227 1775 ob
1253 1772 1254 1775 ,

213 1793 353 1821 diutinam
379 1795 559 1822 vacationem
577 1797 722 1829 devoluta,
734 1796 895 1830 provideat.
915 1797 992 1831 (11011.
1006 1797 1109 1829 29,f01.
1122 1796 1174 1825 315
1188 1803 1224 1828 ψ’,

213 1848 244 1868 0ο
266 1844 356 1874 1649.)

253 1959 267 1978 1(
288 1950 438 1989 Maqislro
456 1950 619 1989 :tyni-erico
636 1950 671 1980 de
687 1951 789 1980 Monte
809 1952 919 1987 ficato,
936 1951 1081 1981 canonico
1106 1951 1226 1981 Narbo—

212 2003 307 2033 nensi.
329 2003 471 2043 Adjutos
487 2012 621 2034 morum
638 2005 669 2034 et
687 2022 735 2032 —.
755 2005 880 2035 Datum
898 2005 987 2043 apud
1005 2004 1225 2036 Urbemvete-

210 2065 293 2093 rem,
312 2066 334 2087 x
356 2056 519 2088 kalendas
532 2057 632 2096 Junii,
650 2066 736 2088 anno
754 2058 865 2088 tertio.
889 2069 902 2086 11

797 2225 920 2255 Orvieto,
939 2226 973 2252 25
994 2225 1052 2252 mai
1072 2226 1148 2252 1264.

297 2225 395 2256 2598

245 2307 281 2333 De
291 2306 453 2340 provisione
464 2307 592 2335 facienda
604 2308 705 2335 Sancto
715 2309 832 2343 pauperi
845 2309 947 2336 scolari
961 2310 1072 2343 [spano.
1084 2310 1162 2343 (Rue.
1174 2310 1218 2339 20,

209 2354 258 2382 sol.
273 2356 325 2383 315
340 2361 377 2387 v⁰,
394 2362 424 2382 0ο
441 2357 532 2389 11150.)

249 2473 263 2492 1(
283 2463 440 2503 Episcopo
451 2464 701 2495 Barchinonensi.
715 2465 750 2496 St
768 2465 1030 2496 necessitatibus
1045 2466 1220 2505 egentium

209 2517 401 2555 specialiter
421 2517 462 2547 ad
494 2517 594 2548 fidem
623 2518 823 2549 catholicam
848 2527 1089 2550 conversorum
1106 2519 1218 2558 provi-

207 2570 279 2600 deri
292 2570 331 2600 de
352 2569 450 2600 bonis
468 2570 681 2601 affluentium
695 2580 929 2610 procuramus,
950 2581 1022 2603 rem
1042 2573 1219 2611 prosequi·

207 2631 282 2653 mur
297 2624 329 2653 et
346 2622 469 2654 rationi
483 2623 675 2661 proximam
702 2625 734 2654 et
756 2624 874 2662 pietati
894 2624 1114 2655 conformem.
1132 2625 1219 2655 Hinc

207 2677 258 2706 est
277 2676 375 2715 quod,
390 2684 466 2706 cum
484 2676 628 2707 dilectus
650 2676 741 2707 filius
756 2677 910 2714 Saucius,
928 2686 1057 2717 pauper
1074 2678 1218 2709 scolaris

205 2728 362 2767 Ispanus,
384 2729 470 2760 lator
497 2729 719 2768 presentium,
753 2730 792 2760 de
811 2739 1018 2769 paganorum
1041 2731 1217 2770 spurcitiis

206 2782 346 2812 redierit
380 2782 423 2812 ad
451 2782 580 2813 cultum
606 2783 768 2814 catholice
798 2784 968 2822 puritatis,
1001 2793 1060 2815 nec
1084 2784 1217 2821 habeat,

206 2835 293 2865 sicut
324 2836 502 2871 asseritur,
520 2836 606 2866 unde
630 2836 814 2866 sustentari
834 2837 956 2873 valeat,
984 2837 1051 2868 nisi
1071 2838 1215 2868 aliorum

206 2888 360 2919 subsidio
378 2889 540 2924 foveatur,
560 2897 621 2919 nos
633 2889 721 2919 circa
734 2889 860 2928 ipsum,
872 2891 1010 2928 optentu
1026 2890 1139 2921 dilecti
1155 2891 1217 2921 filii

207 2942 322 2972 fratris
350 2942 544 2980 Raymundi
569 2942 608 2972 de
633 2942 841 2979 Pennaforti,
862 2943 1069 2982 professoris
1087 2944 1217 2974 ordinis
1242 2965 1244 2971 ,

2242 266 2299 295 437

1295 344 1434 374 fratrum
1447 344 1711 380 predicatorum,
1723 346 1887 383 capellani
1900 347 1928 375 et
1940 347 2168 384 penitentiarii
2181 351 2298 385 nostri,

1292 397 1348 435 qui
1367 397 1508 427 eundem
1528 397 1561 427 S.
1583 397 1681 427 nobis
1698 406 1756 435 per
1774 398 2116 430 affectuosas-litteras
2133 410 2298 432 commen-

1291 449 1393 484 davit,
1414 449 1614 479 fraternitati
1643 452 1698 480 tue
1726 451 1926 481 mandamus
1949 454 2114 491 quatenus
2144 454 2230 484 dicto
2253 455 2298 491 S„

1291 502 1319 531 si
1335 501 1482 531 110111111111
1500 501 1565 531 sibi
1579 502 1911 542 alibiestprovisum,
1924 505 1956 534 in
1966 505 2079 544 aliquo
2094 507 2299 537 monasterio

1291 555 1345 583 tue
1363 554 1510 584 civitatis
1527 554 1580 585 vel
1596 555 1743 586 diocesis
1759 556 1819 586 tibi
1836 557 1996 595 subjecto,
2016 560 2103 597 quod
2122 568 2185 589 non
2204 561 2246 590 sit
2260 560 2299 589 de

1291 607 1448 636 mandato
1472 609 1586 638 nostro
1616 609 1722 638 simili
1748 610 1942 648 provisione
1971 614 2158 649 gravatum,
2194 613 2299 642 facias

1290 659 1324 688 111
1346 660 1412 689 vite
1435 661 1649 697 necessariiS,
1673 663 1782 700 quoad
1802 663 1934 699 vixerit,
1953 665 2134 702 provideri.
2160 666 2300 696 Contra-

1289 711 1435 742 dietores
1468 715 1529 743 etc.
1558 722 1665 753 11811110
1692 717 1946 754 compescendo.
1980 718 2054 747 Non
2082 717 2236 748 obstante
2270 719 2298 748 si

1290 765 1462 803 aliquibus
1479 776 1497 796 a
1509 767 1587 797 sede
1606 768 1791 805 apostolica
1808 769 1849 798 sit
1866 769 2034 800 indultum
2051 770 2139 809 1111011
2162 772 2203 801 ad
2224 780 2298 809 pro-

1289 818 1454 849 visionem
1465 820 1607 858 alicujus
1620 821 1760 851 minime
1773 823 1960 857 teneantur,
1976 823 2046 853 sive
2060 823 2173 862 aliqua
2188 824 2297 854 11111111-

1288 871 1399 909 gentia
1422 872 1513 902 sedis
1537 873 1688 911 ejusdem
1720 883 1778 912 per
1804 884 1904 913 quam
1929 876 2066 906 effectus
2090 877 2298 915 provisionis

1287 924 1480 963 hujusmodi
1506 926 1664 965 impediri
1689 927 1799 958 valeat
1827 928 1878 958 vel
1903 929 2031 959 differri
2054 931 2086 959 et
2110 930 2149 960 de
2176 939 2241 969 qua
2265 931 2298 960 in

1287 977 1415 1008 nostris
1437 978 1561 1009 litteris
1580 979 1652 1010 fieri
1678 980 1797 1011 debeat
1824 982 1949 1012 mentio
1977 982 2148 1020 specialis.
2173 983 2297 1014 Datum

1287 1031 1376 1069 apud
1394 1030 1684 1069 Urbemveterem,
1698 1043 1754 1063 vui
1770 1034 2039 1074 kalendasju1iii,
2053 1044 2138 1066 anno
2155 1036 2266 1067 tertio.
2282 1046 2297 1065 »

1377 1209 1473 1240 2599

1883 1210 2008 1245 0111010,
2023 1212 2055 1238 27
2071 1212 2128 1239 mai
2148 1212 2223 1240 1264.

1322 1292 1460 1327 Episcopo
1477 1293 1678 1320 Cameracensi
1694 1295 1811 1321 mandat
1833 1298 1861 1322 ut
1883 1295 2024 1323 Clementi
2048 1297 2082 1323 110
2101 1297 2254 1332 Busegnies
2276 1300 2295 1330 ¹,

1286 1342 1403 1376 pauperi
1422 1341 1525 1368 clerieo
1548 1343 1764 1370 Cameracensis
1788 1344 1921 1378 diocesis,
1950 1345 2060 1372 nullum
2079 1345 2170 1372 adhue
2189 1346 2297 1373 benefi-

1286 1391 1362 1417 cium
1388 1391 1617 1418 ecclesiasticum
1637 1395 1780 1424 assecuto,
1800 1394 1834 1420 de
1854 1396 1990 1428 perpetua
2004 1395 2164 1429 capellania
2177 1403 2249 1430 quae
2268 1395 2296 1422 10

1286 1440 1407 1466 ecclesia
1434 1449 1456 1467 s.
1474 1440 1587 1467 Martini
1612 1441 1645 1468 de
1677 1441 1819 1475 luchiaco,
1847 1442 1975 1478 ejusdem
1998 1443 2129 1475 diocesis,
2154 1444 2189 1470 ob
2209 1444 2296 1471 diuti-

1286 1497 1353 1515 nam
1370 1489 1562 1520 vacationem,
1577 1489 1662 1525 juxta
1677 1491 1879 1518 Lateranensis
1897 1494 2005 1519 statuta
2021 1493 2145 1525 concilii,
2164 1493 2199 1520 ad
2213 1501 2297 1528 apos-

1286 1537 1388 1564 tolicae
1400 1538 1475 1564 sedis
1491 1539 1685 1572 provisionem
1702 1540 1834 1567 devoluta
1852 1540 1960 1571 existit,
1975 1541 2134 1575 provideat.
2148 1543 2227 1575 (111111.
2248 1543 2292 1573 29,

1287 1586 1334 1613 sol.
1349 1587 1401 1614 315
1420 1593 1457 1619 νο,
1477 1588 1615 1622 1101051.)

1325 1708 1338 1726 11
1357 1698 1516 1738 Episcopo
1538 1699 1762 1729 Cameracensi.
1779 1699 1992 1730 Constitutus
2007 1700 2040 1729 in
2056 1700 2228 1738 presentia
2242 1719 2291 1731 —.

1284 1752 1407 1782 Datum
1431 1752 1519 1790 apud
1544 1752 1832 1788 Urbemveterem,
1855 1762 1875 1782 v
1900 1753 1976 1783 idus
2002 1753 2093 1790 maii,
2117 1761 2203 1783 anno
2227 1755 2292 1784 ter-

1252 1825 1253 1831 ,
1283 1804 1342 1835 tio.
1364 1814 1379 1834 »

1869 1985 1992 2016 Orvieto,
2010 1986 2041 2012 21
2062 1985 2119 2011 mai
2140 1985 2218 2012 1264.

1372 1984 1469 2015 2600

1317 2067 1455 2102 Episcopo
1471 2068 1632 2103 Δ1010000081
1648 2069 1778 2096 concedit
1796 2069 1963 2096 facultatem
1982 2070 2145 2097 conserendi
2160 2070 2212 2097 hac.
2229 2071 2292 2098 vice

1282 2119 1451 2150 personatus
1471 2120 1499 2144 et
1516 2117 1672 2153 dignitates
1689 2119 1723 2145 ob
1743 2118 1883 2145 diutinam
1909 2119 2100 2151 vacationem,
2113 2121 2194 2154 Juxta
2211 2120 2292 2147 Late-

1281 2165 1412 2192 ranensis
1433 2168 1541 2193 statuta
1555 2167 1681 2198 concilii,
1698 2168 1734 2194 ad
1752 2168 1826 2194 sedis
1848 2168 2022 2202 apostolicae
2040 2168 2224 2195 collationem
2240 2170 2288 2196 de·

1281 2214 1402 2241 volutas.
1426 2215 1504 2249 (11Εο.
1526 2216 1571 2247 29,
1594 2216 1642 2243 sol.
1665 2217 1727 2248 310,
1747 2222 1775 2242 n0
1793 2217 1882 2249 1552.)

1321 2336 1335 2355 1(
1355 2326 1405 2360 P.,
1419 2327 1561 2367 episcopo
1574 2328 1760 2366 ,1901111011εῂ
1776 2328 1883 2358 Tuam
1898 2329 2049 2359 volentes
2062 2328 2227 2359 honorare
2239 2347 2287 2359 -—.

1279 2380 1403 2410 Datum
1419 2380 1506 2419 apud
1520 2380 1809 2415 Urbemveterem,
1833 2391 1876 2410 xii
1897 2381 2058 2412 kalendas
2081 2381 2181 2420 junii,
2201 2390 2288 2412 anno

1279 2433 1390 2464 tertio.
1412 2443 1427 2462 1)

1872 2608 1996 2639 Orvieto,
2012 2609 2045 2636 21
2060 2609 2118 2636 mai
2136 2609 2213 2637 1262.

1367 2611 1462 2643 2801

1313 2693 1412 2721 Eidem
1430 2694 1559 2721 concedit
1577 2693 1744 2721 facultatem
1762 2701 1849 2720 unum
1868 2702 1882 2719 0
1900 2693 2011 2720 clericis
2032 2693 2090 2720 suis
2111 2693 2140 2720 in
2162 2694 2287 2721 ecclesia

1276 2742 1439 2777 Agennensi
1457 2742 1577 2770 faciendi
1602 2742 1690 2777 recipi
1718 2742 1746 2769 in
1768 2742 1951 2770 canonicum.
1976 2742 2055 2776 (Rae.
2081 2742 2126 2773 29,
2152 2742 2202 2770 sol.
2222 2743 2285 2776 316,

1276 2796 1307 2818 n⁰
1327 2792 1414 2825 1653.)

1306 2909 1327 2932 1.
1348 2908 1388 2932 En
1409 2909 1472 2932 note
1491 2916 1495 2931 ,·
1513 2917 1522 2929 α
1542 2908 1607 2931 Bene
1622 2906 1692 2938 leqit.
1710 2907 1775 2930 satis
1789 2906 1850 2930 bene
1864 2908 1952 2931 cantat
1968 2908 1992 2930 el
2003 2907 2178 2938 competenter
2195 2906 2283 2931 latini-

1274 2953 1325 2976 zat.
1347 2962 1356 2973 11
