2519 3262
1080 265 1331 297 APPENDICE
1354 266 1396 296 11.

195 354 442 384 commendare.
461 355 585 385 Datum
610 355 766 391 Viterbii,
785 365 803 385 v
819 356 895 386 idus
912 356 1005 393 maii,
1029 357 1204 395 pontifica-

196 407 250 436 tus
267 407 373 437 nostri
396 415 482 437 anno
501 408 610 446 primo
626 409 646 437 ¹.
667 420 682 436 »

285 578 382 609 2905

781 579 906 611 Viterbe,
930 580 961 607 15
976 580 1034 607 mai
1054 581 1131 607 1262.

230 660 268 687 De
284 661 369 688 certis
394 661 620 689 haereditatibus
638 672 652 689 a
670 663 809 698 magistro
826 667 853 691 et
875 663 1010 690 fratribus
1037 665 1138 691 domus
1155 664 1204 691 Mi-

195 708 273 735 litiae
299 709 408 744 Templi
429 710 665 745 Jerosolymitani
685 711 813 746 legitime
841 712 1023 747 recipiendis.
1051 714 1149 743 (Arica.
1170 721 1204 739 ns

196 766 229 783 LA
246 758 508 787 llAurs-Gmosss,
529 767 545 786 11
563 761 637 791 106.)

234 869 249 890 1(
286 859 426 889 Urbanus
463 861 632 900 episcopus,
660 870 763 890 servus
793 870 948 890 servornm
980 861 1048 898 Dei,
1086 861 1204 891 dilectis

192 912 284 952 filiis.
297 937 303 942 .
328 914 475 952 magistro
491 919 520 943 et
537 913 691 952 fratribus
703 913 807 942 domus
823 913 934 943 Militie
952 913 1070 953 Templi
1082 915 1201 945 Jeroso-

194 966 340 1001 limitani,
351 967 477 997 salutem
489 973 517 997 et
532 967 730 1007 apostolicam
744 966 989 997 benedictionem.
1004 969 1203 999 Devotionis

193 1021 305 1050 vestre
323 1020 481 1059 precibus
498 1021 508 1040 ‘-²
524 1037 573 1050 —.
592 1020 718 1050 Datum
734 1019 891 1055 viterbii,
915 1020 992 1050 idus
1011 1021 1102 1055 maii,
1125 1031 1204 1060 pon-

192 1073 339 1103 tificatus
355 1073 463 1104 nostri
486 1081 572 1103 anno
591 1072 702 1112 primo
722 1072 743 1101 ³.
765 1084 779 1102 »

792 1241 906 1268 Viterbe
925 1242 956 1268 15
974 1241 1031 1268 mai
1054 1241 1130 1269 1202.

282 1242 379 1273 2906

225 1324 261 1352 Ut
283 1324 476 1361 crucesignati
499 1327 529 1352 ct
555 1325 773 1360 crucesignandi
798 1328 878 1352 extra
903 1326 1031 1353 dioceses
1057 1327 1084 1353 in
1102 1327 1202 1361 quibus

191 1373 246 1407 ipsi
266 1376 294 1401 et
320 1382 418 1401 eorum
438 1374 512 1401 bona
530 1374 703 1407 consistunt,
723 1374 752 1401 in
772 1382 890 1401 causam
908 1375 983 1402 trahi
1001 1375 1121 1403 minime
1140 1384 1203 1410 pos-

190 1423 249 1449 sint
268 1431 317 1457 per
337 1422 448 1450 litteras
463 1422 638 1457 apostolicae
651 1423 726 1450 sedis
747 1424 790 1450 vel
808 1424 970 1458 legatorum
988 1424 1049 1459 ejus
1064 1424 1203 1452 hactenus

190 1471 373 1505 impetratas.
395 1472 490 1506 (Alica.
509 1472 580 1498 Nn.
601 1480 615 1498 L
634 1472 697 1505 254,
715 1477 744 1498 n⁰
758 1472 816 1507 28.)

230 1588 245 1606 a
268 1576 408 1606 L'rbanus
423 1577 591 1616 episcopm,
603 1586 706 1606 servus
719 1586 873 1606 servorum
888 1577 955 1613 Dei,
974 1576 1085 1607 dilecto
1099 1577 1163 1617 filio
1177 1601 1180 1607 .
1195 1601 1202 1608 .

192 1630 337 1668 mayistro
355 1629 472 1659 ordinis
487 1630 622 1668 fratrum
635 1629 877 1666 Predicatorum,
894 1629 1022 1659 salutem
1040 1635 1066 1659 et
1084 1636 1203 1671 aposto-

192 1683 280 1712 licam
291 1682 538 1713 benedictionem.
560 1683 722 1714 volentes
741 1692 857 1713 omnes
880 1684 1131 1723 crucesignatos
1146 1693 1204 1723 per

193 1737 305 1767 omnia
334 1736 606 1767 Christianorum
629 1744 732 1775 regna
749 1737 781 1766 et
799 1736 900 1781 etiam
920 1737 1204 1776 crucesignandos

193 1790 226 1819 in
251 1789 443 1820 subsidium
466 1790 569 1820 Terre
594 1789 715 1820 Sancte
733 1789 918 1828 singularis
937 1789 1109 1829 privilegii
1132 1799 1203 1829 pre-

192 1843 343 1882 rogativa
357 1843 516 1882 gaudere,
535 1842 780 1882 crucesignatis
799 1844 831 1873 et
855 1843 1129 1882 crucesignandis
1144 1844 1200 1874 hu-

190 1896 341 1935 J'usmodi
358 1898 393 1926 ut
409 1905 468 1935 per
486 1895 618 1926 litteras
633 1895 816 1934 apostolice
831 1896 923 1926 sedis
940 1896 992 1926 vel
1015 1896 1202 1936 legatorum

193 1949 266 1988 ejus
286 1949 485 1988 impetratas
503 1949 677 1985 hactenus,
696 1957 839 1987 quarum
857 1957 923 1979 non
943 1949 987 1980 sit
1004 1950 1203 1981 auctoritate

191 2011 402 2042 processum,
419 2004 449 2033 et
466 2002 695 2041 impetrandas
713 2002 748 2032 in
762 2004 947 2041 posterum,
964 2003 1030 2033 nisi
1048 2003 1134 2034 dicte
1154 2013 1204 2034 se-

191 2056 244 2086 dis
272 2056 385 2086 littere
405 2056 615 2094 impetrande
642 2055 775 2094 plenam
793 2058 824 2085 et
843 2064 1040 2094 expressam
1064 2057 1204 2087 fecerint
1235 2068 1236 2073 ¹

192 2109 232 2139 de
258 2109 475 2148 presentibus
500 2109 716 2143 mentionem,
738 2110 835 2139 extra
857 2109 1009 2139 dioceses
1031 2110 1064 2139 in
1080 2110 1203 2148 quibus

194 2162 260 2201 ipsi
278 2164 309 2193 et
327 2171 443 2193 eorum
463 2162 551 2192 bona
568 2162 769 2198 consistunt,
789 2162 822 2191 in
839 2171 974 2192 causam
992 2163 1079 2192 trahi
1096 2163 1148 2193 vel
1163 2163 1204 2193 ad

190 2216 355 2254 J'udicium
377 2215 509 2246 evocari
536 2224 600 2245 non
629 2215 774 2254 possint,
794 2215 976 2246 dummodo
1000 2217 1109 2254 parati
1136 2217 1204 2247 sint

193 2278 307 2299 coram
323 2278 440 2300 eorum
457 2269 639 2299 ordinariis
656 2268 911 2308 querelantibus
930 2269 1089 2300 exhibere
1105 2270 1202 2309 justi·

194 2321 240 2351 tie
264 2321 560 2360 complementum,
585 2321 785 2352 auctoritate
816 2321 1026 2360 presentium
1050 2322 1204 2361 indulge-

194 2383 283 2404 mus.
304 2374 400 2404 Nulli
416 2383 495 2414 ergo
519 2393 568 2403 —.
585 2375 620 2405 Si
637 2375 695 2414 qui
709 2376 822 2405 autem
838 2393 887 2404 —.
903 2376 1029 2406 Datum
1046 2375 1203 2412 viterbii,

194 2428 271 2458 idus
290 2427 381 2463 maii,
399 2427 616 2466 pontificatus
635 2428 743 2458 nostri
760 2437 846 2459 anno
862 2429 971 2467 primo
988 2429 1008 2458 ³.
1029 2439 1043 2458 1)

226 2548 248 2571 1.
265 2546 302 2571 Ce
319 2545 483 2577 parchemin
499 2546 543 2570 n'a
559 2547 588 2570 ni
604 2554 689 2571 sceau
703 2547 730 2570 ni
746 2554 879 2578 marques
891 2547 924 2571 de
940 2555 1034 2572 sceau.
1049 2549 1125 2573 C'est
1137 2557 1206 2574 sans

195 2592 279 2616 doute
292 2598 345 2615 une
366 2591 445 2622 copie
460 2592 692 2622 contemporaine
707 2592 740 2616 de
759 2592 914 2623 l’original.

226 2637 249 2660 2.
263 2636 353 2661 Meme
368 2636 490 2660 fot-mule
505 2643 559 2667 que
576 2636 601 2660 10
619 2641 647 2660 n⁰
663 2637 735 2661 2907.
810 2661 812 2663 ,

225 2682 249 2705 3.
267 2680 398 2704 Vidimus
424 2687 476 2711 par
492 2680 678 2708 ΚΒΜ-110111,
700 2680 806 2705 official
831 2681 864 2705 de
887 2682 1051 2710 Narbonae,
1071 2683 1123 2708 fait
1146 2684 1161 2707 a
1178 2683 1205 2707 la

195 2727 311 2757 requete
328 2725 360 2749 de
377 2724 552 2749 Rousolinus
569 2724 602 2749 dc
619 2725 684 2754 Fos,
702 2727 805 2750 maitre
821 2726 982 2757 provincial
1004 2727 1038 2751 de
1054 2727 1158 2752 l'ordre
1173 2735 1206 2752 en

195 2771 351 2795 Provence,
366 2769 391 2793 le
407 2770 436 2793 29
452 2770 519 2793 aoat
538 2769 606 2793 1262.

226 2816 250 2838 4.
264 2814 364 2839 Restes
383 2814 432 2837 des
450 2813 511 2837 laes
529 2813 562 2837 de
579 2813 638 2837 soie
664 2820 751 2844 rouge
768 2816 794 2838 et
808 2815 904 2846 jaune.
925 2815 979 2840 Sur
998 2815 1023 2840 le
1039 2815 1078 2847 pli
1094 2823 1100 2839 ;
1119 2816 1161 2840 Th.
1178 2816 1205 2840 S.

196 2860 228 2883 de
243 2859 333 2883 Curia.

1234 367 1237 381 1

2231 277 2269 306 43

1351 360 1446 390 2907

1852 362 1977 395 Viterbc,
1997 364 2026 391 18
2042 364 2098 390 mai
2117 365 2192 391 1202.

1294 441 1425 468 Facultas
1447 443 1612 470 conceditur
1638 447 1715 471 certa
1735 446 1806 472 bona
1827 447 1980 481 recipiendi
2003 449 2142 482 prioribus
2162 452 2190 476 ct
2211 450 2265 476 fru-

1258 490 1348 516 tribus
1369 490 1522 525 Hospitalis
1544 493 1776 528 jerosolymitani
1797 496 1831 522 dc
1854 496 1979 530 prioratu
2005 506 2027 524 s.
2046 497 2147 532 Egidii.
2167 499 2264 532 (Annii.

1259 546 1308 564 rii-:s
1327 539 1642 575 Boucin-:s-iw—ltiioxiz,
1658 542 1740 569 fonds
1759 544 1843 571 Maltc
1862 546 1919 579 21.)

1298 642 1315 662 ((
1337 632 1476 661 Urbanus
1489 633 1657 673 episcopus,
1675 645 1776 664 servits
1789 646 1942 667 servorwn
1957 637 2021 672 Dei,
2036 638 2152 669 dilectis
2161 640 2245 679 filiis.
2258 665 2263 671 .

1256 685 1414 724 prioribus
1438 691 1465 715 et
1491 687 1642 725 fratribus
1668 688 1838 728 Hospitalis
1863 691 2159 722 .le2·0.s·0li111itr111z·<le
2180 694 2265 733 prio-

1261 743 1328 766 ratu
1346 748 1368 768 s.
1390 738 1512 778 Eyidti,
1535 740 1661 770 salutem
1679 747 1706 770 et
1724 743 1922 782 apostolicam
1941 744 2184 776 benedictionmn.
2203 748 2262 777 De-

1259 791 1406 822 votionis
1438 795 1548 823 vestre
1575 794 1731 832 precibus
1759 795 1911 827 inclinati
1944 797 2038 828 vobis
2068 801 2266 831 auctoritate

1259 845 1467 882 presentium
1494 846 1710 885 indulgemus
1735 852 1770 878 ut
1786 850 2022 887 possessiones
2045 854 2077 882 et
2097 852 2163 882 alia
2180 852 2267 883 bona

1260 897 1401 928 mobilia
1414 901 1446 929 et
1463 899 1664 935 immobilia,
1681 902 1833 940 exceptis
1851 903 2053 940 feudalibus,
2074 913 2138 944 que
2155 915 2266 944 perso-

1260 959 1321 980 nas
1339 950 1464 982 liberas
1480 953 1632 989 fratrum,
1652 955 1692 984 ad
1710 954 1878 994 hospitale
1895 959 2059 994 vestrum,
2080 959 2195 989 mundi
2215 968 2266 990 re-

1260 1004 1339 1034 licta
1365 1006 1522 1043 vanitate,
1544 1007 1730 1038 volantium
1753 1010 1785 1038 et
1803 1009 2049 1047 professionem
2073 1012 2267 1043 facientium

1260 1057 1294 1087 in
1311 1058 1438 1094 eodem,
1467 1059 1495 1089 si
1520 1061 1764 1092 remansissent
1782 1062 1816 1092 in
1843 1064 1967 1099 seculo,
1993 1065 2122 1096 ratione
2139 1074 2255 1096 succes

1261 1110 1369 1140 sionis
1386 1112 1438 1142 vel
1455 1121 1666 1152 quocumque
1683 1114 1852 1154 aliojusto
1869 1116 2224 1157 titulo,contigissent‚
2236 1122 2268 1150 et

1260 1164 1327 1202 ipsi
1354 1165 1545 1203 potuissent
1567 1167 1646 1197 dare
1665 1168 1770 1199 libere
1796 1169 1885 1203 aliis,
1913 1172 2037 1209 petere,
2064 1172 2211 1211 recipere
2230 1181 2267 1203 ao

1260 1217 1406 1248 retinere
1422 1218 1528 1250 libere
1547 1220 1700 1250 valeatis.
1715 1221 1810 1252 Nulli
1826 1231 1904 1262 ergo
1920 1241 1968 1253 —.
1989 1224 2023 1254 Si
2041 1225 2118 1263 quis
2133 1242 2181 1254 —.
2202 1226 2269 1256 Da-

1260 1271 1334 1300 tum
1362 1271 1519 1308 viterbii,
1546 1282 1589 1302 xv
1614 1273 1776 1305 kalendas
1796 1275 1896 1314 junii,
1922 1277 2137 1315 pontificatus
2160 1279 2269 1309 nostri

1261 1331 1347 1354 anno
1364 1325 1486 1363 primo.
1510 1334 1526 1355 ›)

1351 1471 1449 1501 2908

1851 1474 1977 1506 Viterbe,
1999 1476 2030 1502 21
2048 1476 2105 1503 mai
2122 1477 2198 1504 1202.

1297 1552 1466 1586 Magistrum
1484 1554 1592 1581 ordinis
1616 1555 1736 1582 fratrum
1754 1557 1986 1584 Pracdicatorum
2004 1558 2135 1586 hortatur
2154 1563 2270 1587 moneat

1261 1608 1310 1635 per
1328 1602 1424 1629 omnia
1452 1602 1675 1630 christianorum
1694 1612 1783 1640 regna
1804 1607 2018 1641 crucesignatos
2043 1611 2071 1634 ut
2090 1609 2124 1635 ad
2144 1609 2271 1642 proficis-

1260 1650 1382 1676 cendum
1403 1650 1431 1677 in
1448 1660 1615 1678 succursum
1636 1653 1739 1680 Terrae
1756 1654 1876 1682 Sanctae
1893 1664 1922 1682 se
1940 1657 2073 1683 studeant
2090 1665 2268 1692 praeparare.

1261 1699 1359 1733 (Aaou.
1374 1700 1445 1726 Nar.
1468 1708 1481 1726 1⁴
1499 1701 1560 1731 254,
1578 1705 1608 1727 n⁰
1623 1703 1657 1729 33
1672 1703 1680 1736 )

1302 1801 1316 1820 «
1339 1791 1478 1821 L'rbanits
1492 1794 1663 1833 episcopus,
1673 1804 1775 1824 serras
1792 1805 1946 1826 servorum
1964 1797 2032 1833 Dei,
2048 1797 2156 1827 dilecto
2166 1798 2231 1837 filio
2243 1822 2249 1827 .
2262 1823 2268 1828 .

1262 1845 1408 1884 mayistro
1422 1845 1539 1875 ordinis
1555 1848 1689 1885 fratrum
1706 1847 1951 1883 Predicatorum,
1962 1850 2089 1880 sulutem
2105 1856 2130 1880 et
2147 1857 2269 1890 aposto-

1263 1897 1350 1927 licam
1362 1898 1608 1930 benedictionem.
1624 1901 1706 1931 Cum
1717 1902 1822 1932 Terra
1834 1902 1953 1933 Sancta
1969 1904 2095 1934 Christi
2114 1913 2270 1943 respersa

1234 1977 1236 1986 ,
1262 1952 1438 1990 sanguine,
1450 1953 1510 1982 hoc
1525 1954 1702 1991 presertim
1713 1957 1864 1994 tempore
1879 1965 1944 1995 quo
1959 1957 2176 1988 Tartarorum
2187 1967 2269 1997 gens

1262 2005 1390 2043 perfida
1407 2006 1447 2035 de
1472 2005 1597 2036 abditis
1616 2009 1704 2037 terre
1723 2009 1917 2046 prosiliens,
1937 2011 2052 2040 contra
2078 2013 2203 2041 terram
2220 2011 2269 2050 ip-

1262 2066 1346 2093 sam,
1364 2059 1493 2089 diutius
1516 2060 1585 2098 jam
1611 2069 1817 2100 paganorum
1850 2056 2043 2093 incursibus
2076 2063 2267 2099 laceratam,

1262 2111 1365 2141 ollam
1394 2121 1478 2143 nove
1505 2114 1752 2151 persecutionis
1768 2115 1928 2151 incendit,
1947 2116 2069 2147 festino
2088 2126 2125 2147 ac
2145 2118 2272 2157 magni-

1261 2165 1323 2195 fico
1341 2174 1503 2196 succursu
1523 2166 1671 2206 indigere
1687 2170 1855 2203 noscatur,
1871 2178 1944 2204 nos,
1957 2179 2100 2208 quorum
2114 2172 2186 2210 ejus
2204 2172 2270 2201 cla-

1261 2226 1336 2248 mor
1348 2218 1461 2257 pulsat
1474 2228 1583 2255 aureS,
1600 2221 1709 2259 ipsius
1726 2222 1781 2260 pio
1800 2223 1899 2252 corde
1916 2224 2131 2255 condolentes
2148 2233 2269 2263 angus-

1262 2271 1319 2301 tiis
1339 2273 1371 2302 et
1394 2273 1578 2310 pressuris,
1606 2283 1642 2304 ac
1663 2275 1839 2313 cupientes
1861 2276 1970 2307 eidem
1991 2285 2050 2315 per
2070 2277 2267 2308 christiano-

1262 2333 1336 2355 rum
1355 2327 1551 2363 potentiam,
1569 2327 1610 2356 ad
1626 2327 1761 2358 laudem
1782 2331 1814 2359 et
1831 2329 1973 2367 gloriam
1988 2330 2095 2360 divini
2109 2331 2269 2367 nominis,

1262 2378 1418 2409 celeriter
1445 2379 1636 2417 subvenire,
1659 2381 1815 2412 volumus
1832 2384 1864 2412 et
1887 2383 2096 2421 presentium
2115 2384 2175 2413 tibi
2195 2393 2269 2414 auc-

1235 2426 1237 2435 '
1263 2432 1410 2467 toritate,
1427 2432 1461 2462 in
1493 2433 1616 2463 virtute
1649 2434 1853 2469 obedientie,
1873 2435 2025 2466 districte
2056 2437 2270 2475 precipiendo

1263 2485 1464 2515 mandamus
1493 2486 1651 2525 quatinus
1671 2495 1729 2525 per
1756 2489 1788 2518 te
1813 2488 1866 2518 vel
1889 2497 1948 2527 per
1973 2489 2078 2519 alium
2102 2499 2161 2520 seu
2184 2490 2271 2521 alios

1263 2538 1425 2577 ydoneos,
1442 2547 1558 2570 omnes
1578 2540 1730 2576 comiteS,
1752 2539 1908 2578 barones,
1925 2542 2025 2572 (luces
2042 2545 2073 2572 et
2092 2552 2272 2581 quoscum-

1263 2599 1327 2629 que
1343 2591 1429 2621 alios
1447 2591 1586 2621 clericos
1603 2594 1635 2622 et
1658 2592 1763 2623 laicos
1786 2595 1857 2632 [per
1876 2594 1988 2624 omnia
2008 2595 2270 2626 christianorum

1237 2677 1239 2684 ‚
1264 2644 1378 2683 regna]
1408 2645 1620 2681 constitutos
1642 2645 1883 2685 cujuscumque
1909 2647 2128 2685 condicionis,
2158 2651 2268 2680 status

1265 2698 1297 2727 et
1325 2697 1500 2736 dignitatis
1517 2698 1676 2735 existant,
1688 2699 1746 2738 qui
1763 2699 1845 2729 olim
1862 2709 1922 2738 pro
1938 2700 2024 2731 dicte
2042 2702 2143 2732 Terre
2160 2702 2270 2733 subsi-

1264 2750 1319 2780 dio
1348 2750 1457 2780 crucis
1493 2751 1702 2790 signaculum
1738 2755 1996 2792 assumpserunt
2031 2756 2062 2784 et
2096 2757 2271 2787 assument

1265 2803 1434 2842 deinceps,
1451 2806 1486 2834 ut
1511 2812 1546 2834 se
1564 2805 1613 2834 sic
1636 2805 1791 2836 studeant
1807 2815 1986 2845 preparare
2007 2808 2096 2846 quod
2121 2808 2162 2838 ad
2178 2809 2271 2839 aliud

1265 2856 1460 2886 mandatum
1483 2859 1635 2888 nostrum
1650 2867 1685 2888 se
1701 2859 1923 2897 personaliter
1944 2860 2126 2897 conferant,
2147 2862 2181 2891 in
2198 2871 2271 2893 suc-

1266 2918 1402 2939 cursum
1421 2910 1522 2940 Terre
1540 2911 1699 2949 predicte,
1718 2920 1856 2943 moneas
1873 2913 2052 2944 efficaciter
2068 2916 2099 2945 et
2118 2915 2269 2952 inducas,

1266 2971 1332 2993 non
1352 2962 1506 2994 obstante
1533 2964 1774 2996 constitutione
1798 2965 1838 2996 de
1859 2966 1990 2997 duabus
2007 2967 2109 2998 dietis
2131 2968 2222 2999 edita
2238 2969 2272 2999 in
