2659 3242
92 202 148 231 126

104 828 173 855 1263

86 884 156 905 nov.
182 876 225 906 22.

244 828 364 856 Orvieto.

908 193 1062 223 TABLES
1088 192 1141 223 DU
1164 192 1365 223 REGISTRE
1388 192 1581 222 D'URBAIN
1606 192 1644 222 1V

1031 287 1112 312 Pagos.
1141 285 1259 305 Numeros.

408 346 469 373 que
489 338 589 372 ipsum
610 344 781 371 proponere
798 335 968 370 contigerit
985 344 1053 364 ver-

408 388 484 414 bum
522 386 591 417 Dei,
627 392 810 411 consecrare
844 384 959 412 altaria
995 385 1042 411 vel

408 436 556 463 ecclesias
582 438 635 462 aut
667 433 818 461 moniales
845 433 1042 468 benedicere,

409 483 649 520 poenitentibus
674 486 705 509 et
731 482 890 512 confessis,
924 483 980 517 qui
1006 481 1044 509 ad

408 534 510 569 ipsius
535 532 805 568 praedicationem
840 532 1043 563 accesserint,

407 585 533 610 centum
576 581 655 613 dies,
695 581 762 608 illis
805 588 878 607 vero
918 581 971 615 qui
1016 580 1047 606 in

408 630 701 659 consecrationibus
719 633 749 656 et
767 629 1042 657 benedictionibus

407 680 589 715 hujusmodi
605 683 787 715 praesentes
804 679 934 709 fuerint,
945 686 1041 704 unum

408 738 525 757 annum
553 732 583 756 et
614 728 825 763 quadraginta
853 727 919 754 dies
940 727 976 753 de
994 727 1042 753 in-

403 778 525 814 junctis
543 778 742 813 poenitentiis
763 777 866 803 valeat
888 776 1041 803 relaxare.

442 828 551 855 Eidem
594 827 737 854 concedit
772 825 955 852 facultatem
986 824 1067 856 dis-l
1099 823 1173 856 3031
1203 821 1257 849 614

407 877 557 912 pensandi
580 884 649 903 cum
675 875 777 903 tribus
801 874 927 901 clericis
949 873 1048 908 ipsius

407 926 574 960 legationis
586 924 743 952 defectum
759 923 913 949 natalium
924 922 1043 956 patien-

408 975 504 1007 tibus,
527 973 610 1008 quod
635 980 741 999 eorum
764 972 912 1006 quilibet,
936 971 1042 1004 hujus-

406 1023 485 1049 modi
503 1030 562 1049 non
576 1022 720 1048 obstante
738 1020 875 1054 defectu,
893 1019 992 1055 possit
1010 1019 1040 1045 in

406 1072 559 1106 susceptis
578 1070 761 1097 ministrare
783 1068 958 1103 ordinibus,
976 1076 1044 1103 pro-

405 1121 526 1147 moveri
543 1119 580 1145 ad
597 1118 777 1154 superiores
794 1121 823 1144 et
839 1118 981 1144 obtinere
996 1117 1040 1143 di-

405 1170 557 1203 gnitatem
576 1167 798 1203 episcopalem,
817 1167 844 1194 si
858 1175 929 1193 eum
947 1166 984 1192 ad
1001 1166 1041 1193 il-

405 1219 467 1245 lam
485 1218 565 1245 alias
594 1217 742 1244 canonice
776 1215 946 1250 contigerit
973 1223 1041 1241 evo-

403 1269 481 1300 cari,
507 1267 534 1293 si
566 1274 625 1293 non
648 1266 710 1293 sint
738 1265 832 1291 iidem
868 1264 977 1292 clerici
1005 1263 1041 1291 de

403 1317 561 1344 adulterio
571 1315 618 1342 vel
634 1316 757 1342 incestu
771 1321 825 1340 seu
840 1313 1043 1348 regularibus

403 1366 561 1402 procreati
588 1364 643 1392 sed
670 1365 767 1391 bonae
794 1364 1042 1390 conversationis

407 1418 435 1441 et
454 1414 548 1441 vitae.

437 1462 586 1492 Guidoni,
605 1463 749 1497 episcopo
770 1460 947 1492 Sabinensi‚
963 1460 1037 1495 quia
1054 1462 1057 1492 Ι
1092 1460 1146 1487 304
1162 1460 1166 1493 Ι
1202 1458 1253 1486 621

403 1511 633 1545 «interriseJus
646 1510 824 1545 legationis,
835 1508 1042 1544 nonnulliper

399 1561 523 1595 judices
543 1569 560 1587 a
581 1560 653 1587 sede
676 1559 847 1594 apostolica
867 1558 1041 1591 delegatos,

401 1610 622 1644 subdelegatos
638 1609 677 1635 ab
695 1609 750 1639 eis,
768 1611 841 1634 sunt
855 1613 1038 1634 excommu-

401 1660 572 1686 nicationis
588 1657 755 1685 sententiis
771 1656 924 1687 innodati,
940 1665 957 1683 a
973 1656 1042 1692 qui-

402 1707 461 1734 bus
485 1706 642 1734 commode
664 1705 784 1732 absolvi
811 1712 872 1731 non
897 1706 1039 1739 possunt,

403 1764 458 1792 pro
482 1764 516 1783 eo
540 1755 622 1790 quod
652 1754 753 1790 aliqui
781 1754 924 1789 judicum
956 1754 1040 1788 ipso—

402 1814 487 1837 rum,
506 1804 621 1840 quibus
638 1804 669 1830 in
697 1803 752 1830 hoc
771 1803 826 1830 alii
851 1811 912 1830 non
936 1810 1041 1830 succe-

402 1856 491 1885 dunt,
510 1855 591 1881 viam
605 1856 678 1880 sunt
689 1854 856 1880 universae
874 1852 978 1879 carnis
996 1852 1038 1878 in-

404 1904 515 1939 gressi,
533 1904 669 1937 quorum
696 1910 769 1929 vero
788 1903 877 1936 copia
899 1901 935 1928 de
953 1900 1040 1927 facili

404 1952 514 1979 haberi
536 1959 593 1978 non
612 1953 722 1985 potest,
739 1950 917 1984 aliquorum
943 1949 1037 1976 etiam

401 2001 583 2037 jurisdictio
597 1999 765 2035 expiravit,
775 2009 787 2022 »
798 1998 941 2025 concedit
951 1998 1047 2025 facul-

406 2053 502 2079 tatem
530 2048 714 2075 absolvendi
732 2056 782 2074 eos
803 2047 841 2073 ab
858 2047 1040 2080 hujusmodi

406 2096 745 2126 excommunicationis
761 2095 939 2130 sententiis,
953 2095 1041 2130 prius

405 2149 444 2175 ab
482 2149 526 2174 eis
558 2145 777 2173 satisfactione
811 2145 951 2179 impensa
990 2153 1039 2171 su-

406 2205 460 2233 per
481 2196 528 2222 liis
550 2204 606 2230 pro
630 2194 748 2230 quibus
766 2193 948 2227 hujusmodi
975 2201 1041 2221 sen-

407 2246 523 2274 tentiae
543 2248 613 2271 sunt
641 2244 793 2279 prolatae.

440 2295 550 2322 Eidem
583 2293 726 2320 concedit
762 2291 948 2319 facultatem
979 2292 1061 2324 dis-fl
1097 2291 1172 2326 3041
1203 2291 1254 2319 622

406 2344 555 2380 pensandi
578 2352 647 2370 cum
670 2342 777 2368 decem
802 2341 945 2375 personis
972 2341 1041 2367 ido-

405 2394 482 2424 neis,
496 2392 576 2428 quod
591 2400 699 2418 eorum
714 2389 887 2425 (quaelibet,
902 2390 1039 2417 interris

404 2450 478 2469 suae
506 2441 684 2476 legationis,
710 2439 808 2474 possit
834 2439 927 2475 plura
950 2438 1042 2466 bene-

406 2491 476 2517 ficia
515 2490 743 2522 ecclesiastica,
786 2491 885 2519 etiam
934 2497 1041 2515 curam

403 2540 583 2567 animarum
607 2539 768 2570 habentia,
787 2541 973 2575 personatus
995 2537 1042 2565 vel

406 2587 590 2621 dignitates,
611 2587 637 2613 si
662 2587 705 2613 eis
728 2587 877 2614 canonice
906 2587 1042 2614 offeran-

410 2640 472 2670 tur⁷
491 2636 576 2662 licite
599 2636 738 2669 recipere
762 2643 797 2662 ac
825 2636 972 2663 retinere.

445 2685 552 2711 Eidem
581 2684 724 2711 concedit
754 2685 940 2712 facultatem
968 2685 1062 2716 con-l
1096 2683 1170 2718 3041
1203 2684 1257 2711 623

405 2733 533 2761 cedendi
551 2734 710 2761 licentiam
727 2734 888 2761 nobilibus
905 2734 1045 2761 mulieri-

407 2783 464 2809 bus
481 2782 563 2817 quod
586 2790 693 2809 earum
712 2782 886 2817 quaelibet,
901 2791 972 2810 cum
990 2782 1045 2809 de-

405 2831 486 2858 centi
510 2832 660 2858 comitiva
686 2831 872 2865 mulierum,
893 2831 991 2859 semel
1014 2832 1044 2858 in

408 2888 498 2907 anno,
514 2880 648 2906 durante
672 2880 840 2915 legatione,
864 2881 961 2915 possit
984 2889 1044 2908 mo-

1331 578 1402 605 1263

1314 635 1384 655 nov.
1405 627 1450 655 22.

1351 883 1365 897 ))

1347 1716 1361 1730 ))

1346 2058 1358 2071 ))

1347 2352 1361 2367 ))

1425 882 1439 897 ))

1425 1421 1438 1435 i)

1423 1716 1436 1729 Ι)

1424 2058 1436 2072 ))

1423 2352 1436 2366 )>

1474 578 1593 606 Orvielo.

2264 286 2341 311 Puges.
2373 286 2490 306 Numeros.

1637 333 1775 360 nasteria
1812 341 2089 368 quorumcumque
2124 334 2271 361 ordinum

1634 382 1773 415 ejusdem
1786 381 1964 416 legationis,
1977 389 2074 409 causa
2085 382 2271 417 devotionis,

1638 431 1770 464 intrare,
1799 431 1970 458 dummodo
1995 431 2123 459 eaedem
2148 432 2271 460 nobiles

1635 482 1665 508 in
1685 482 1886 509 monasteriis
1907 482 2089 516 aliquorum
2108 481 2274 517 religioso-

1635 539 1705 557 rum
1734 538 1792 558 non
1811 534 2008 566 pernoctent.

1671 579 1779 606 Eidem
1794 579 1938 606 concedit
1949 579 2132 606 facultatem
2147 579 2267 614 dispen-
2282 582 2286 612 Ι
2321 579 2377 607 304
2395 581 2400 612 Ι
2433 580 2490 608 624

1635 628 1724 655 sandi
1743 636 1813 655 cum
1831 631 1967 662 quatuor
1990 629 2133 663 personis
2158 627 2274 655 nobili-

1636 677 1704 707 bus,
1729 677 1939 704 attinentibus
1967 677 2030 704 sibi
2060 677 2098 703 ad
2133 677 2269 704 invicem

1635 729 1750 761 quarto
1769 726 2056 760 consanguinitatis
2071 726 2120 753 vel
2137 726 2274 752 affinita-

1637 775 1677 801 tis
1695 775 1806 809 gradu,
1821 775 1904 810 qiriod
1922 778 2042 809 possmt
2057 774 2189 802 insimul
2207 784 2275 801 rna-

1638 824 1789 850 triinonia
1805 823 2004 851 contrahere.

1672 872 1780 900 Eidem
1822 872 1968 900 concedit
2001 872 2185 900 facultatem
2226 872 2274 899 fa·
2291 875 2295 904 Ι
2329 872 2404 905 3041
2436 873 2489 900 626

1635 922 1737 948 ciendi
1754 923 1852 957 recipi
1870 921 2002 948 clericos
2027 930 2099 949 suos
2120 921 2152 948 in
2173 921 2276 949 eccle-
2312 911 2315 914 ¹

1634 971 1691 997 siis
1716 974 1779 998 tam
1805 971 2045 998 cathedralibus
2072 978 2167 1005 quam
2201 970 2274 998 aliis

1633 1028 1708 1046 suae
1727 1020 1894 1054 legationis
1915 1022 1946 1046 et
1965 1020 2101 1046 aliarum
2117 1019 2267 1055 partium,

1633 1070 1658 1096 si
1683 1069 1721 1096 ad
1751 1069 1781 1095 id
1808 1069 1948 1103 illorum,
1974 1069 2011 1095 ad
2043 1077 2122 1103 quos
2142 1068 2271 1096 collatio

1634 1118 1885 1153 praebendarum
1917 1119 1948 1145 in
1982 1118 2101 1144 eisdem
2133 1117 2274 1144 eeclesiis

1632 1168 1783 1202 pertinet,
1794 1166 1922 1193 accedat
1932 1174 2089 1198 assensus,
2103 1167 2134 1192 in
2146 1166 2272 1193 canoni-

1633 1224 1695 1251 cos,
1712 1224 1746 1243 ac
1764 1215 1949 1250 providendi
1964 1216 2008 1242 eis
2025 1215 2062 1242 de
2082 1215 2271 1250 praebendis

1633 1268 1664 1291 et
1682 1264 1931 1292 contradictores
1946 1272 2168 1299 percensuram
2183 1272 2271 1299 apos-

1634 1314 1775 1345 tolicam,
1828 1313 2039 1348 appellatione
2080 1315 2268 1348 postposita,

1634 1362 1866 1398 compescendi.
2287 1369 2350 1388 tome
2362 1368 2395 1388 111

1671 1411 1810 1439 Officialt
1831 1411 2064 1438 Constantiensi
2090 1411 2221 1438 mandat
2238 1414 2271 1437 ut
2288 1411 2294 1444 Ι
2332 1410 2381 1438 133
2397 1412 2402 1444 Ι
2420 1410 2489 1438 1168
2518 1406 2521 1410 ’

1634 1460 1788 1495 magistro
1815 1459 1939 1495 Egidio,
1960 1459 2045 1487 dicto
2066 1459 2181 1494 Brund,
2199 1467 2275 1493 pau-

1634 1510 1702 1545 peri
1717 1510 1843 1544 clerico,
1860 1509 1895 1535 de
1913 1509 2049 1544 quodam
2063 1509 2216 1536 beneficio
2237 1508 2277 1536 ad

1633 1558 1835 1585 collationem
1879 1558 2003 1585 abbatis
2037 1561 2067 1585 et
2097 1560 2272 1586 conventus

1633 1607 1861 1643 Montishurgi,
1909 1607 2073 1642 praefatae
2123 1607 2270 1641 diocesis,

1633 1659 1805 1691 spectante,
1844 1656 2020 1691 provideat.
2291 1661 2400 1682 nomem

1669 1705 1772 1732 Priori
1793 1705 1822 1732 b.
1845 1705 1966 1732 Mariae
1987 1705 2024 1732 (le
2044 1705 2290 1737 Pontibus-sm!
2326 1704 2397 1737 1341
2416 1703 2483 1730 1171

1632 1756 1872 1790 per—secanam,
1919 1755 2090 1782 Trecensis
2121 1754 2269 1789 diocesis,

1631 1803 1757 1831 mandat
1799 1808 1957 1838 quatenus
2003 1804 2156 1838 magistro
2198 1803 2270 1830 Ste—

1632 1853 1735 1888 phano
1755 1853 1792 1880 de
1823 1853 2134 1880 Firmitate-Antulfi
2152 1852 2270 1879 clerico

1631 1901 1668 1928 de
1698 1901 1835 1936 quodam
1869 1901 2020 1928 beneficio
2045 1900 2209 1935 provideat
2233 1900 2271 1926 ad

1632 1950 1917 1984 praesentationem
1938 1950 2075 1986 capituli
2096 1958 2122 1977 s.
2141 1949 2269 1976 Vedasti

1631 1998 1832 2026 Belvacensis
1865 2002 2038 2033 spectante.
2284 2004 2346 2024 tome
2359 2003 2393 2023 111

1668 2047 1820 2082 Episcopo
1864 2046 2093 2074 Sat-esbiriensi
2137 2046 2289 2079 mandat!
2328 2045 2484 2079 13811185

1630 2100 1788 2131 quatenus
1817 2096 1962 2130 Rugerffi,
1994 2096 2080 2123 dicto
2111 2096 2271 2130 Capellano,

1631 2147 1763 2180 paupe-ri
1788 2146 1915 2177 clerieo,
1933 2146 1969 2171 de
1997 2145 2134 2180 quodam
2153 2145 2271 2185 benefi-

1632 2195 1680 2221 cio
1697 2194 1912 2222 ecclesiastico
1929 2194 2161 2229 pi·ovideat,‘ad
2178 2195 2272 2222 colla-

1634 2244 1749 2271 tionem
1768 2243 1892 2271 abbatis
1907 2246 1937 2270 et
1953 2246 2127 2271 conventus
2145 2251 2271 2271 monas-

1632 2293 1704 2320 terii
1738 2293 1775 2319 de
1806 2293 1969 2320 Aherdone
1987 2295 2159 2327 spectante.
2281 2300 2343 2319 tome
2355 2299 2387 2319 111

1669 2342 1784 2369 Abbati
1826 2342 2144 2373 Praeinonstratensi,
2182 2341 2286 2375 Lau—l
2321 2341 2374 2368 370
2390 2343 2395 2375 l
2411 2340 2484 2368 2232

1632 2391 1782 2418 dunensis
1798 2391 1943 2425 diocesis,
1956 2390 2096 2425 mandat,
2107 2390 2144 2417 ad
2159 2398 2268 2426 preces

1632 2439 1756 2466 abbatis
1778 2440 1962 2467 monasterii
1991 2448 2015 2467 s.
2039 2439 2207 2466 Michaelis
2237 2440 2269 2466 in

1632 2488 1800 2523 Ther-asca,
1815 2489 1936 2515 ordinis
1953 2497 1976 2516 s.
1998 2489 2170 2516 Benedicti.
2190 2489 2270 2516 Lau-

1633 2538 1781 2566 dunensis
1813 2537 1958 2572 diocesis,
1990 2541 2023 2565 ut
2059 2538 2196 2565 Johanni
2231 2537 2267 2565 de

1633 2587 1933 2617 Sancto-Michaele,
1973 2587 2090 2615 clerico
2123 2587 2266 2622 ejusdem

1633 2644 1654 2662 s.
1676 2635 1844 2663 Michaelis
1875 2636 2010 2663 abbatis.
2034 2637 2267 2670 consanguineo

1633 2684 1757 2712 abbatis
1780 2685 2012 2717 MaricolensiS,
2038 2685 2191 2712 familiari
2216 2685 2266 2717 G.‚

1638 2734 1723 2761 tituli
1737 2742 1761 2761 s.
1776 2734 1873 2760 Marci
1893 2734 2072 2769 presbyteri
2085 2733 2269 2769 cardinalis,

1634 2782 1671 2809 de
1688 2782 1796 2817 aliquo
1813 2783 1964 2810 beneficio
1983 2783 2212 2815 ecclesiastico,
2230 2782 2266 2809 ad

1635 2832 1773 2865 ejusdem
1793 2831 1919 2859 abbatis
1940 2840 1963 2859 s.
1983 2831 2150 2859 Michaelis
2171 2831 2269 2859 colla-

1635 2882 1751 2908 tionem
1776 2883 1949 2917 spectante,
1978 2881 2154 2916 provideat.

2652 1694 2659 1703 ι
2656 1680 2659 1685 .
2651 1549 2659 1665 .-ιι..μ.
2647 1500 2659 1539 *-
