2519 3262
1044 170 1286 210 TROISIEME
1314 169 1477 206 ΑΝΝΕΕ.

216 266 366 297 Vendolio,
379 266 578 293 Noviomensis
592 265 725 291 diocesis.
743 266 836 296 vacat,
851 262 1009 297 provideat.
1022 262 1104 297 (REG.
1120 261 1164 287 29,
1180 259 1231 286 fol.

222 317 282 347 1153,
301 320 332 342 no
346 316 425 348 ⁴305.)

261 432 275 451 ((
296 422 408 451 Abbati
426 433 450 451 s.
470 421 591 451 Nicolai
608 421 644 451 de
662 421 768 453 Bosco.
786 419 995 449 Laudunensis
1013 417 1150 447 diocesis.
1170 417 1232 445 Vo-

220 477 328 507 lentes
342 476 503 506 dilectum
520 476 629 505 filiurn
641 492 690 505 —.
704 475 829 505 Datum
842 473 929 511 apud
942 471 1232 505 Urbemveterem,

221 530 298 560 idus
316 530 408 563 maii,
429 537 515 559 anno
532 529 641 559 tertio.
665 539 678 557 »

804 687 928 718 Orvieto,
953 687 982 714 15
1001 686 1058 713 mai
1084 686 1160 713 1264.

315 694 410 725 1646

258 777 397 811 Episcopo
419 774 590 809 Legionensi
610 774 728 800 mundat
744 775 773 799 ut
794 772 934 807 llaynerio
948 772 981 798 de
999 772 1129 798 Messauo
1144 779 1161 798 a
1177 779 1236 797 mo-

222 825 356 852 nasteriis
376 828 404 851 et
422 823 553 850 ecclesiis
571 823 660 857 ipsius
677 822 800 849 diocesis
817 822 851 848 de
874 821 1045 848 necessariis
1071 820 1156 847 saciat
1173 828 1236 854 pro-

222 874 321 901 videri.
342 874 420 908 (Bne.
434 874 480 905 129,
497 872 546 898 sol.
565 871 615 899 163
630 877 668 903 νῦ,
685 876 716 897 n⁰
731 873 806 904 (590.)

263 986 277 1005 «
298 975 460 1015 Episcopo
485 974 675 1014 Leyionensz'.
694 974 753 1004 Pie
772 974 891 1003 matris
917 972 1059 1003 ecclesie
1078 989 1127 1001 —.
1148 971 1236 1001 Hinc

222 1031 273 1060 est
298 1029 388 1068 quod
417 1037 479 1059 nos
510 1028 633 1058 dilecto
651 1027 721 1058 filio
738 1026 910 1066 Raynerio
927 1026 968 1056 de
986 1025 1156 1061 Messano,
1175 1033 1235 1064 pro

220 1091 260 1113 eo
291 1082 381 1121 quod
403 1083 499 1112 extra
517 1081 629 1111 solum
650 1080 827 1120 proprium
857 1079 997 1110 exulare
1021 1078 1157 1114 dicitur,
1187 1086 1237 1108 ec-

219 1135 323 1166 clesie
335 1135 488 1165 Romane
501 1135 672 1173 pretextu,
688 1133 833 1172 benigno
847 1132 1091 1171 compatientes
1103 1132 1235 1167 attechi,

220 1189 426 1219 fraternitati
446 1190 502 1218 tue
520 1188 722 1218 mandamus
731 1188 899 1226 quatenus
913 1186 1023 1216 eidem
1037 1185 1078 1216 R.
1094 1185 1147 1215 vel
1163 1194 1238 1223 pro-

223 1242 334 1272 curari
350 1250 422 1277 suo,
441 1241 514 1280 ejus
527 1241 675 1277 nomine,
696 1249 755 1279 pro
775 1249 822 1275 se,
840 1248 907 1270 uno
929 1239 1097 1269 serviente
1118 1248 1155 1268 ac
1171 1247 1236 1268 uno

223 1304 310 1334 equo
329 1295 363 1325 in
384 1295 474 1325 victu
493 1296 524 1325 et
545 1294 671 1324 vestitu
690 1294 834 1332 aliisque
856 1292 1062 1323 necessariis
1081 1292 1237 1322 decenter

224 1357 284 1387 per
310 1349 497 1378 triennium
515 1357 534 1378 a
552 1347 771 1378 monasteriis
788 1349 820 1377 et
837 1346 992 1376 ecclesiis
1008 1347 1064 1375 tue
1089 1345 1237 1375 civitatis

225 1404 258 1431 et
285 1401 442 1435 diocesis,
468 1403 538 1430 tam
557 1400 722 1438 exemptis
752 1408 853 1438 quam
880 1407 946 1429 non
968 1398 1149 1436 exemptis,
1173 1406 1237 1436 que

226 1463 293 1485 non
312 1455 379 1484 sint
398 1463 416 1484 a
433 1453 532 1484 nobis
553 1462 655 1492 super
675 1453 846 1483 consimili
868 1452 1063 1491 provisione
1086 1453 1235 1490 gravata,

227 1509 330 1538 facias
344 1507 543 1538 auctoritate
558 1508 674 1537 nostra
692 1515 751 1545 per
760 1507 792 1536 te
810 1506 862 1536 vel
880 1514 939 1544 per
952 1505 1058 1535 alium
1076 1513 1135 1534 seu
1150 1504 1238 1534 alios

226 1561 409 1600 provideri.
427 1562 504 1591 Non
522 1560 677 1590 obstante
697 1560 725 1589 si
739 1578 788 1588 ——.
803 1559 1076 1590 Contradictores
1094 1559 1169 1593 etc„
1184 1566 1237 1587 us—

226 1623 291 1654 que
314 1614 568 1652 compescendo.
585 1614 709 1644 Datum
734 1613 823 1651 apud
851 1612 1141 1646 Urbemveterem,
1163 1611 1240 1640 idus

227 1668 320 1704 maii,
338 1676 424 1697 anno
441 1667 553 1697 tertio.
575 1677 589 1695 »
857 1662 859 1664 ’

819 1832 944 1863 Orvieto,
964 1833 997 1859 15
1014 1831 1072 1858 mai
1088 1831 1167 1858 1264.

322 1837 414 1867 1647

263 1919 412 1954 Transigo,
429 1918 566 1945 canonico
587 1916 820 1952 Nigropontensi,
837 1917 955 1943 mandat
975 1918 1017 1950 ut,
1034 1916 1152 1942 obtentu
1170 1915 1241 1941 Lau-

229 1968 314 1995 rentii
331 1967 477 2002 Theopoli,
501 1967 617 1993 Alberto
636 1966 813 2000 presbytero,
834 1964 983 1991 Thebanae
1000 1966 1028 1991 et
1047 1963 1240 1999 Argolicensis

229 2017 417 2044 ecclesiarum
444 2016 593 2047 canonico,
620 2016 654 2041 de
683 2017 836 2049 personatu
865 2014 892 2040 in
920 2013 1042 2041 ecclesia
1060 2013 1241 2048 Argoliccnsi

228 2066 387 2101 provideat.
406 2066 485 2099 (Rae.
504 2066 548 2097 29,
566 2064 615 2091 sol.
638 2064 688 2092 163
702 2070 742 2096 νο,
757 2069 787 2090 n⁰
801 2065 876 2093 697.)

269 2179 286 2199 ((
307 2168 464 2207 Τναηεῐῃο,
496 2167 642 2196 canonico
673 2166 924 2205 Niqroponlensi.
953 2164 1100 2196 Obtentu
1127 2164 1242 2195 dilecti

231 2222 292 2253 filii
311 2240 361 2250 —.
381 2222 508 2252 Datum
526 2220 614 2259 apud
634 2219 924 2255 Urbemveterem,
949 2218 1026 2248 idus
1045 2217 1139 2254 maii,
1156 2227 1242 2248 anno

230 2276 343 2306 tertio.
365 2284 380 2304 ))

876 2379 894 2391 ⁸.

326 2440 421 2471 1648
842 2435 966 2467 Orvieto,
984 2435 1001 2461 9
1017 2434 1076 2462 mai
1095 2434 1173 2462 1264.

270 2524 408 2558 Episcopo
425 2522 555 2557 Equilino
568 2521 687 2548 mandat
702 2523 742 2554 ut,
757 2519 986 2547 consideratione
997 2519 1143 2547 Laurentii
1158 2518 1247 2546 Theo·

234 2573 304 2609 poli,
332 2572 393 2599 nati
417 2572 562 2606 quondam
577 2570 673 2598 Jacobi
700 2569 848 2604 Theopoli,
874 2569 954 2596 ducis
982 2569 1170 2601 Venetorum,
1191 2569 1247 2595 An·

235 2623 347 2654 dream,
365 2621 474 2648 dictum
492 2621 593 2648 Gausin
609 2621 628 2651 ¹,
646 2619 675 2646 in
689 2618 811 2646 ecclesia
833 2618 1011 2646 Ferrariensi
1032 2618 1062 2645 in
1075 2618 1247 2646 canonicum

234 2671 323 2706 recipi
340 2670 518 2704 saciateique
529 2670 564 2696 de
576 2668 739 2704 praebenda
754 2667 913 2702 provideat.
927 2668 1006 2702 (Rae.
1021 2668 1065 2699 29,
1081 2667 1130 2694 fol.
1143 2667 1195 2695 163
1206 2671 1249 2700 νῦ,

237 2727 267 2748 n⁰
283 2721 359 2755 698.)

270 2830 291 2853 t.
312 2829 388 2852 Pour
407 2829 478 2852 cette
495 2826 688 2858 orthographe
705 2826 843 2850 douteuse
863 2826 899 2850 ici
918 2826 953 2850 cf.
976 2825 1005 2850 la
1020 2825 1104 2850 lettre
1130 2827 1199 2854 1652,
1213 2827 1249 2851 ou

238 2873 291 2897 elle
306 2880 338 2897 ne
353 2872 418 2897 l'est
435 2878 499 2903 pas.

365 2917 503 2944 URBAm
525 2915 578 2947 IV,
596 2917 619 2942 t.
640 2914 695 2947 ΙΙΙ,
718 2915 782 2948 neq.
804 2914 864 2942 ord.

2243 180 2300 208 249

1329 268 1344 286 «
1372 258 1528 297 Episcopo
1550 257 1711 297 Equilino.
1738 258 1776 288 Et
1800 259 1827 287 si
1853 259 1893 288 ad
1919 276 1965 287 —.
1991 259 2115 289 Datum
2134 260 2219 298 apud
2240 261 2299 290 Ifr-

1289 311 1528 347 beniveterem,
1548 320 1591 340 v11
1613 311 1687 340 idus
1706 311 1797 341 maii.
1817 320 1903 341 anno
1921 313 2033 342 tertio.
2053 322 2068 341 »

1383 483 1480 513 1649

1868 482 1994 515 ostiolo,
2016 484 2046 509 12
2062 483 2133 509 avril
2153 484 2228 510 1204.

1325 566 1455 597 omacio,
1472 565 1634 599 praeposito
1650 566 1787 592 ecclesiae
1804 568 1837 593 sle
1848 566 1969 600 Posega,
1985 575 2007 592 s.
2027 566 2125 593 Crucis
2141 566 2167 592 in
2180 567 2258 593 Susol
2275 570 2302 592 et

1292 622 1316 640 s.
1335 613 1440 640 Mariae
1457 614 1640 648 Magdalenae
1656 615 1804 642 ecclesiasv
1823 623 1920 641 curam
1941 614 2105 641 animarum
2122 623 2178 642 non
2197 616 2301 641 habon-

1292 664 1347 693 tes,
1363 671 1432 696 quas
1450 664 1594 696 quondam
1614 663 1902 698 magisterticrardus
1915 665 1948 689 de
1968 665 2071 690 Parma
2086 664 2222 696 obtinuit,
2239 673 2302 690 con·

1294 710 1358 737 sert.
1377 712 1456 745 (nm.
1473 713 1517 741 22⁴,
1534 711 1583 738 sol.
1604 712 1652 739 103
1669 717 1708 743 νο,
1728 717 1759 738 n⁰
1775 713 1844 739 099:
1864 713 2023 744 romum,
2043 713 2150 744 18854.)

1332 827 1349 847 (‹
1366 816 1504 852 Orbacio,
1515 817 1674 856 preposito
1687 817 1805 847 ecclesie
1819 817 1854 846 de
1869 817 1995 856 Poseqa,
2012 816 2305 856 Quinqueerclesicn-

1293 870 1334 899 sis
1358 869 1492 904 diocesis,
1525 871 1628 909 nepoti
1654 870 1833 900 venerabilis
1859 871 1969 909 fratris
1993 871 2089 899 nostri
2118 893 2146 900 ..
2172 870 2307 910 episcopi

1293 923 1477 953 prenestini.
1496 924 1641 962 Adjutos
1657 933 1788 954 morum
1805 926 1835 954 et
1853 943 1900 952 -.
1919 924 2043 954 Datum
2060 924 2145 962 apud
2165 923 2306 954 Urbem-

1293 979 1455 1013 veterem,
1472 987 1493 1007 11
1513 977 1589 1007 idus
1609 977 1740 1015 aprilis,
1761 986 1846 1007 anno
1866 978 1978 1008 tertio.
1997 988 2012 1006 η

1386 1155 1403 1185 1
1410 1155 1483 1185 650

1890 1152 2013 1183 Orvieto,
2031 1153 2063 1179 15
2078 1152 2135 1178 mai
2157 1152 2234 1178 1262.

1331 1238 1469 1272 Episcopo
1483 1237 1627 1264 Briocensi
1638 1237 1765 1271 indulget
1782 1240 1808 1263 ut
1825 1238 1997 1267 Rolandum,
2010 1239 2152 1263 rectorem
2167 1236 2306 1263 ecclesiae

1295 1288 1328 1314 de
1346 1287 1452 1321 Maion,
1469 1287 1651 1321 capellanum
1667 1289 1692 1313 et
1714 1286 1823 1313 socium
1840 1286 1911 1321 ejus,
1928 1286 1956 1311 in
1978 1286 2098 1312 ecclesia
2117 1284 2261 1312 llriocensi
2279 1285 2306 1311 in

1296 1336 1466 1362 canonicum
1484 1335 1571 1369 recipi
1585 1335 1669 1362 faciut
1682 1335 1763 1368 eique
1773 1335 1807 1361 de
1821 1335 1983 1369 praebenda
1996 1334 2154 1368 provideat.
2171 1334 2252 1368 illm.
2263 1334 2306 1363 29,

1297 1384 1344 1411 sol.
1366 1384 1425 1414 104,
1443 1389 1472 1410 ns*
1490 1385 1566 1414 700.)

1337 1502 1351 1520 «
1376 1490 1534 1530 Episcopo
1550 1490 1716 1519 Briocensi.
1734 1490 1831 1525 Cum,
1850 1489 1935 1519 sicut
1950 1489 2100 1519 exhibita
2113 1507 2161 1518 -.
2182 1489 2307 1519 Datum

1299 1545 1386 1583 apud
1400 1543 1689 1579 Urbemveterem,
1711 1543 1786 1573 idus
1806 1542 1898 1578 maii,
1915 1551 2001 1572 anno
2021 1542 2132 1572 tertio.
2156 1551 2172 1571 »

1390 1721 1483 1751 1651

1873 1717 1998 1751 OrvietQ
2017 1718 2051 1745 30
2066 1718 2138 1744 avril
2159 1718 2236 1745 12134,

1334 1803 1437 1830 Abbati
1468 1803 1636 1830 monasterii
1656 1803 1850 1836 Fiscanensis,
1868 1802 1978 1829 ordinis
1994 1811 2016 1830 s,
2037 1802 2195 1836 Benedicti,
2209 1802 2311 1828 Rotho-

1299 1852 1446 1887 mngensis
1465 1853 1600 1883 diocesis,
1614 1852 1743 1879 concedit
1766 1852 1934 1879 facultatem
1953 1851 2000 1878 uni
2016 1852 2049 1878 dc
2069 1851 2182 1878 clericis
2201 1851 2261 1886 ejus
2279 1852 2312 1878 de

1299 1901 1394 1935 aliquo
1416 1901 1552 1927 beneficio
1567 1901 1743 1935 competenti
1765 1903 1901 1928 consueto
1918 1900 2094 1927 secularibus
2110 1900 2223 1927 clericis
2241 1899 2313 1926 assi-

1300 1950 1393 1986 gnari,
1410 1951 1444 1976 ad
1462 1950 1646 1977 collationem
1666 1950 1726 1985 ejus
1759 1952 1918 1984 spectante
1946 1949 2123 1984 providendi.
2158 1950 2237 1981 (Rau.
2268 1949 2312 1979 20,

1300 1999 1349 2026 fol.
1375 2000 1434 2030 164,
1453 2004 1484 2026 n⁰
1500 2000 1573 2031 701.)

1341 2115 1355 2133 ((
1384 2103 1496 2134 Abbati
1519 2104 1696 2133 monasterii
1725 2102 1929 2139 Fiscanensis,
1956 2102 2072 2132 ordinis
2093 2112 2116 2131 s.
2145 2102 2315 2137 Benedicti,

1302 2157 1552 2197 Bothomayensis
1575 2156 1712 2186 diocesis.
1735 2157 1868 2187 Meritis
1888 2158 1944 2186 tue
1968 2156 2159 2186 devotionis
2177 2173 2226 2185 —.
2252 2156 2316 2186 Da-

1300 2214 1373 2242 tum
1392 2211 1481 2250 apud
1496 2210 1785 2242 Urbemveterem,
1808 2220 1829 2239 ιι
1851 2209 2015 2240 kalendas
2033 2209 2127 2245 maii,
2147 2217 2233 2239 anno
2251 2210 2316 2239 ter-

1303 2267 1363 2297 tio.
1383 2275 1397 2294 ))

1394 2439 1493 2470 1652
1896 2434 2023 2469 orvieto,
2040 2434 2072 2462 15
2088 2434 2145 2461 mai
2168 2435 2244 2462 1264.

1340 2523 1479 2557 Episcopo
1511 2520 1663 2548 Genetensi
1688 2520 1805 2547 mandat
1834 2522 1875 2550 ut,
1907 2520 2141 2547 consideratione
2172 2520 2318 2547 Laurentii

1304 2571 1450 2606 Theopoli,
1464 2571 1604 2597 Jacobum
1618 2569 1737 2603 (lausia,
1747 2569 1896 2599 clericum,
1908 2571 2043 2604 nepotem
2057 2569 2186 2604 ejusdem
2203 2569 2319 2603 nobilis,

1305 2621 1334 2647 in
1360 2620 1481 2648 ecclesia
1509 2619 1673 2646 Castellana
1700 2618 1729 2644 in
1759 2618 1931 2645 canonicum
1950 2617 2038 2652 recipi
2064 2617 2149 2645 faciat
2177 2618 2259 2652 eique
2285 2619 2319 2645 de

1305 2670 1467 2705 praebenda
1484 2668 1642 2703 provideat.
1663 2668 1743 2701 (nm,
1762 2667 1807 2701 29,
1824 2667 1873 2693 sol.
1895 2667 1953 2697 tot,
1974 2671 2008 2693 οῦ
2027 2667 2102 2701 702.)

1346 2788 1360 2804 ιι
1379 2775 1531 2815 Episcopo
1555 2773 1722 2804 Cenetensi.
1743 2772 1892 2804 Obtentu
1911 2772 2026 2803 dilecti
2044 2772 2107 2802 filii
2124 2788 2172 2803 -.
2194 2772 2320 2803 Datum

1307 2829 1396 2868 apud
1414 2827 1703 2862 Urbemveterem,
1725 2826 1802 2856 idus
1818 2826 1913 2863 maii,
1932 2834 2019 2857 anno
2038 2826 2150 2857 tertio.
2172 2836 2186 2854 »

2164 2912 2199 2939 32
