2519 3262
257 235 315 264 366

256 320 485 359 predictorum
497 318 656 356 nepotum
670 314 895 354 prejudicium
910 314 941 343 et
953 321 1144 351 gravamen.
1155 312 1266 347 Quare

256 372 427 411 predictus
460 369 642 401 cardinalis
671 367 769 398 nobis
797 366 972 397 humiliter
997 365 1201 404 supplicavit
1230 366 1267 395 ut

256 425 433 464 providere
455 423 541 462 ipsis
559 421 738 461 nepotibus
756 429 857 459 super
872 419 932 449 hoc
949 421 1089 457 paterna
1105 418 1267 449 sollicitu-

256 478 333 508 dine
350 485 556 508 curaremus.
577 475 648 505 Nos
665 475 789 513 itaque,
811 473 961 503 volentes
980 473 1015 502 ut
1033 471 1195 511 predictis
1211 480 1266 501 ne-

256 530 391 569 potibus
418 530 533 559 nostra
550 528 659 567 gratia
682 528 855 557 fructuosa
877 525 1046 560 reddatur,
1068 523 1265 554 discretioni

255 584 366 613 vestre
383 583 581 612 mandamus
593 582 757 620 quatenus
774 588 833 609 vos
850 578 903 608 vel
923 578 1008 608 alter
1025 579 1187 611 vestrum,
1206 585 1266 616 per

255 645 313 666 vos
331 636 382 665 vel
399 644 457 674 per
475 635 579 665 alium
599 635 655 664 aut
672 633 769 668 alios,
790 632 831 662 ad
849 631 1081 670 provisionem
1102 630 1265 669 predicto-

254 697 328 718 rum
344 689 515 726 nepotum,
529 696 594 718 non
607 685 821 716 obstantibus
834 683 1029 723 hujusmodi
1045 683 1117 713 sive
1128 683 1266 722 quibus-

254 750 384 780 cunque
410 741 487 771 aliis
509 739 742 779 indulgentiis,
766 738 917 777 predicto
942 737 1100 776 episcopo
1121 738 1177 766 aut
1200 736 1265 766 cui-

253 803 384 833 cunque
416 794 472 824 alii
511 793 573 824 sub
603 800 801 832 quacunque
845 791 954 821 forma
984 791 1015 820 et
1047 789 1266 828 expressione

253 847 431 877 verborum
448 846 488 876 ab
509 845 695 885 apostolica
716 845 794 875 sede
814 843 986 874 concessis
1004 843 1057 873 vel
1074 843 1174 873 etiam
1192 851 1266 872 con-

253 900 423 934 cedendis,
437 908 500 939 que
514 899 553 929 de
566 898 782 938 presentibus
796 897 930 936 plenam
943 898 975 927 et
986 904 1185 935 expressam
1200 904 1266 925 non

254 953 393 983 fecerint
412 953 629 988 mentionem,
649 960 707 990 per
724 960 807 990 quas
820 950 948 981 eisdem
966 949 1147 988 nepotibus
1165 957 1267 987 super

253 1006 447 1045 hujusmodi
470 1014 532 1036 sua
547 1005 740 1044 provisione
757 1003 895 1043 aliquod
913 1002 1022 1042 possit
1042 1001 1266 1041 prejudicium

253 1059 406 1098 generari
445 1059 498 1090 vel
533 1058 745 1089 obstaculum
782 1056 962 1095 interponi,
1002 1063 1153 1094 quasque
1191 1063 1266 1093 pre-

253 1112 341 1143 dicto
359 1112 516 1151 episcopo
531 1115 587 1142 aut
603 1110 887 1151 quibus[cun]que
908 1109 986 1139 aliis
1003 1109 1036 1138 in
1053 1108 1114 1138 hoc
1137 1108 1267 1147 aliqua-

253 1167 351 1197 tenus
381 1165 559 1204 suffragari
589 1165 760 1199 nolumus,
794 1164 864 1194 sive
882 1162 1078 1201 hujusmodi
1105 1170 1266 1200 processu

253 1219 503 1249 conservatoris
518 1218 628 1257 ipsius
648 1219 704 1248 aut
724 1217 982 1256 quibuscunque
1000 1215 1078 1245 aliis
1101 1215 1266 1254 processi-

252 1272 328 1309 bus,
354 1273 511 1311 pretextu
532 1271 724 1311 hujusmodi
750 1270 873 1300 indulti
893 1269 1030 1304 habitis,
1049 1277 1133 1307 quos
1151 1268 1266 1298 irritos

254 1326 286 1356 et
303 1325 420 1355 inanes
433 1325 657 1361 decernimus,
672 1324 876 1362 procedatis,
887 1323 985 1361 juxta
999 1321 1151 1360 priorum
1163 1322 1267 1352 direc-

253 1380 364 1408 tarum
386 1378 428 1408 ad
452 1387 511 1408 vos
535 1377 777 1408 continentiam
802 1376 1006 1406 litterarum.
1032 1376 1156 1405 Datum
1177 1375 1266 1413 apud

254 1431 540 1468 Urbemveterem,
560 1440 608 1460 1111
627 1431 703 1460 idus
727 1429 933 1465 novembris,
954 1437 1040 1459 auno
1055 1428 1167 1458 tertio.
1189 1438 1204 1457 »

738 1618 862 1651 Orvicto,
889 1618 918 1644 13
940 1617 1095 1644 novembre
1115 1618 1192 1643 1203.

343 1621 441 1651 2213

289 1704 427 1738 Aquensis
455 1705 481 1730 et
503 1702 790 1737 Folchulqueriensis,
807 1702 1004 1729 sistaricensis
1022 1701 1156 1734 diocesis,
1176 1701 1265 1728 00010-

254 1752 362 1779 siarum
389 1752 560 1786 praepositis
577 1751 772 1786 provisionem
794 1751 944 1781 Willclmi,
964 1751 1073 1780 cleriei.
1092 1750 1149 1777 nati
1167 1749 1263 1777 oberti

253 1802 321 1828 dieti
338 1803 430 1834 Canis,
450 1801 618 1828 committit.
637 1801 716 1835 (Rau.
735 1802 778 1832 29,
802 1801 850 1828 sol.
866 1802 928 1833 235,
945 1806 973 1826 11ο
994 1801 1080 1834 12132.)

295 1922 309 1941 ((
328 1936 333 1941 .
352 1935 357 1940 .
376 1911 524 1950 Aquensis
539 1915 580 1940 et.
594 1934 601 1940 .
616 1909 920 1950 [1111011(ιῖφωνίεηεὶε,
938 1910 1148 1939 Sistaricensis
1170 1910 1266 1939 dioce-

254 1965 305 2001 sis,
331 1965 523 1993 ecclesiarum
557 1964 736 2004 prepositis.
767 1965 834 1995 Sua
864 1963 962 1993 nobis
992 1964 1137 1994 dilectus
1173 1964 1265 1993 iilius

256 2017 455 2048 VVillelmus
481 2017 636 2052 clericus,
669 2019 767 2048 natus
799 2016 924 2047 nobilis
956 2017 1164 2053 111-10110111,
1185 2017 1265 2047 dicti

258 2070 362 2107 Canis,
384 2071 544 2109 petitione
562 2070 763 2100 monstravit
780 2070 868 2109 quod
888 2069 997 2100 felicis
1022 2070 1266 2100 recordationis

255 2124 449 2154 Alexander
466 2132 563 2162 papa,
583 2123 803 2162 predecessor
816 2125 941 2157 noster,
961 2122 1144 2152 venerabili
1171 2123 1266 2153 fratri

256 2180 392 2208 nostro.
411 2202 416 2207 .
437 2177 588 2216 Aquensi
608 2177 872 2215 archiepiscopo,
892 2178 923 2207 et
940 2176 1062 2206 dilecto
1082 2176 1151 2205 tilio
1170 2176 1268 2206 Nico-

256 2232 308 2261 lao
324 2231 364 2261 de
388 2230 541 2264 Camilia,
561 2230 720 2260 canonico
737 2229 1013 2262 Cathalaunensi,
1034 2229 1106 2258 suis
1124 2229 1215 2259 dedit
1233 2230 1266 2259 in

256 2284 380 2314 litteris
406 2284 472 2321 (sic)
495 2283 527 2313 in
557 2283 726 2313 mandatis
757 2284 793 2313 ut
810 2283 919 2313 eidem
948 2282 1069 2312 clerico
1093 2282 1132 2311 (10
1153 2282 1266 2321 aliquo

255 2337 484 2367 ecclesiastico
507 2336 669 2366 beneficio
694 2336 891 2375 prebendali
917 2336 970 2366 vel
987 2336 1066 2371 alio,
1092 2335 1192 2365 etiam
1213 2345 1265 2366 cu—

256 2398 328 2420 ram
355 2390 545 2420 animarum
574 2389 729 2426 habente,
748 2389 777 2419 si
797 2389 886 2428 quod
905 2389 938 2419 in
962 2388 1196 2419 Ebredunensi
1214 2389 1265 2418 vel

256 2443 408 2482 Aquensi
438 2443 622 2481 provinciis
654 2444 746 2472 tanto
774 2444 926 2480 tempore
958 2442 1145 2472 vacavisset
1177 2442 1266 2480 quod

256 2496 366 2535 ipsius
397 2495 531 2526 collatio
559 2497 650 2526 esset
674 2495 715 2525 ad
744 2495 1018 2534 predecessorem
1042 2495 1197 2530 eundem,
1218 2503 1266 2524 se—

256 2549 401 2579 cundum
430 2550 556 2579 statuta
574 2549 814 2579 Laterancnsis
833 2549 979 2585 concilii,
999 2548 1149 2587 legitime
1165 2548 1262 2578 devo-

256 2602 337 2639 luta,
367 2603 542 2641 providere
569 2604 735 2639 curarent,
764 2602 924 2632 facientes
943 2610 1019 2632 eum
1045 2602 1079 2632 in
1109 2601 1264 2638 ecclesia,

256 2655 291 2685 in
307 2664 372 2694 qua
399 2656 429 2686 ei
452 2655 697 2694 providendum
720 2656 889 2690 ducerent,
913 2655 942 2685 si
970 2655 1147 2694 collegiata
1166 2654 1264 2691 foret,

257 2709 291 2738 in
308 2709 505 2739 canonicum
523 2708 626 2747 recipi
644 2710 675 2739 et
694 2709 727 2738 in
745 2708 894 2739 fratrem.
909 2708 1184 2739 Contradictores
1201 2710 1262 2738 etc.

257 2770 363 2800 usque
380 2761 632 2800 compescendo.
644 2762 783 2798 Verum,
798 2761 915 2792 eodem
928 2762 1165 2800 predecessore
1177 2761 1263 2791 viam

257 2815 413 2845 universe
426 2815 536 2845 carnis
553 2815 716 2853 ingresso,
735 2815 907 2853 predictus
920 2814 1120 2845 &Villelmus
1134 2814 1263 2844 nullum

257 2869 308 2898 est
326 2876 367 2897 ex
390 2867 450 2897 hoc
468 2868 681 2898 commodum
707 2869 894 2898 assecutus.
912 2868 1023 2903 Quare
1041 2866 1139 2897 nobis
1156 2867 1263 2897 bumi-

257 2920 334 2951 liter
356 2920 560 2959 supplicavit
585 2922 621 2951 ut
647 2920 823 2959 providere
842 2920 907 2951 sibi
925 2929 1026 2960 super
1049 2920 1110 2951 hoc
1123 2922 1264 2959 paterna

1002 226 1246 257 REGISTRES
1276 226 1488 257 D’URBAIN
1520 227 1576 257 IV.

1324 311 1554 342 sollicitudine
1580 320 1788 342 curaremus.
1816 312 1980 348 Quocirca
1996 313 2197 344 mandamus
2217 316 2335 353 quate-

1324 373 1399 400 nus,
1419 365 1448 394 si
1468 367 1519 395 est
1538 365 1596 400 ita,
1615 374 1674 395 vos
1692 365 1743 395 vel
1758 365 1843 396 alter
1859 368 2025 402 vestrum,
2043 375 2102 405 per
2124 375 2185 397 vos
2203 367 2254 397 vel
2276 376 2335 406 per

1323 417 1428 447 alium
1443 420 1499 447 aut
1520 417 1616 451 alios,
1634 418 1674 448 ad
1693 418 1922 457 provisionem
1939 419 2126 449 faciendam
2142 420 2250 450 eidem
2268 420 2334 451 cle-

1324 470 1392 500 rico
1410 470 1443 500 in
1461 471 1613 509 Aquensi
1627 471 1761 502 civitate
1776 471 1829 501 vel
1846 471 1973 502 diocesi
1996 472 2035 502 de
2059 472 2223 503 beneficio
2246 473 2336 512 quod

1323 525 1416 554 tanto
1444 525 1594 562 tempore
1622 524 1791 554 vacaverit
1815 525 1905 563 quod
1922 525 1962 554 ad
1979 525 2094 555 sedem
2112 526 2334 564 apostolicam

1324 576 1368 606 sit
1399 576 1507 614 ipsius
1536 577 1683 612 collatio,
1703 577 1888 608 secundum
1904 577 2099 616 hujusmodi
2116 580 2243 609 statuta
2259 588 2335 609 con—

1324 629 1405 663 cilii,
1425 629 1575 668 legitime
1592 630 1761 665 devoluta,
1776 631 1977 669 procedatis,
1992 631 2090 670 juxta
2105 632 2335 670 predictarum

1325 682 1433 722 ipsius
1457 684 1708 722 predecessoris
1725 684 1968 714 continentiam
1986 684 2189 714 litterarum.
2208 685 2334 715 Datum

1325 736 1412 775 apud
1441 736 1732 771 Urbemveterem,
1749 737 1825 766 idus
1850 736 2058 773 novembris,
2076 746 2162 768 anno
2187 737 2299 768 tertio.
2319 747 2335 767 »

1414 927 1511 958 2214
1818 926 1943 959 Orvieto,
1963 927 1996 953 17
2011 926 2167 953 novembre
2184 926 2265 954 1203.

1360 1011 1473 1036 Deeano
1496 1010 1634 1036 eeclesiae
1656 1019 1677 1037 s.
1698 1010 1835 1037 Johannis
1853 1010 1881 1037 in
1899 1011 1991 1045 ssurgo
2012 1011 2196 1037 Laudunensi
2215 1011 2338 1039 mandat

1325 1061 1356 1086 ut
1377 1059 1534 1093 Symonem
1555 1060 1588 1085 (10
1607 1059 1742 1090 Brueriis,
1765 1062 1934 1094 perpetuum
1951 1059 2133 1094 capellanum
2148 1059 2286 1087 ecclesiae
2302 1061 2337 1087 de

1326 1108 1433 1139 Guisia,
1459 1108 1656 1135 Lauduuensis
1684 1109 1816 1139 diocesis,
1842 1109 1870 1135 in
1892 1108 2013 1136 ecelesia
2037 1118 2060 1135 s.
2084 1109 2213 1140 Quintini
2231 1109 2336 1136 Maibo-

1325 1156 1447 1190 diensis,
1480 1157 1697 1184 Cameracensis
1728 1157 1862 1191 diocesis,
1881 1158 1908 1184 in
1933 1158 2106 1185 canonicum
2131 1158 2219 1193 recipi
2251 1158 2337 1186 saciat

1326 1206 1406 1241 eique
1428 1207 1461 1233 de
1478 1206 1638 1240 praebenda
1655 1207 1810 1240 provideat.
1829 1207 1909 1242 (Rae.
1930 1208 1974 1239 29,
1991 1206 2038 1233 sol.
2060 1207 2122 1238 235,
2140 1213 2170 1233 n⁰
2188 1208 2280 1242 1263.)

1369 1326 1383 1345 (1
1405 1315 1524 1345 Decano
1548 1314 1668 1344 ecclesie
1681 1316 1780 1345 sancti
1799 1316 1947 1346 „Iohannis
1964 1316 1992 1345 in
2010 1316 2114 1356 Burqo
2129 1315 2336 1347 Laudunensi.

1327 1368 1526 1399 Laudabilis
1553 1369 1823 1399 conversationis
1850 1372 1883 1399 et
1900 1370 1968 1399 vite
1991 1370 2122 1399 meritis
2141 1370 2256 1400 dilecti
2274 1369 2337 1400 filii

1326 1423 1487 1462 Symonis
1505 1423 1546 1452 de
1575 1422 1739 1458 Brueriis,
1759 1423 1914 1461 perpetui
1943 1423 2110 1461 capellani
2127 1423 2268 1453 ecclesie
2297 1423 2338 1454 de

1328 1476 1460 1511 Guisia,
1478 1476 1716 1506 Laudunensis
1732 1476 1889 1512 diocesis,
1908 1475 2023 1506 deberi
2041 1476 2246 1515 percipimus
2259 1476 2339 1506 utin

1325 1529 1393 1559 hiis
1418 1539 1482 1568 que
1501 1532 1579 1560 sunt
1597 1529 1722 1559 favoris
1739 1531 1770 1559 et
1787 1529 1907 1568 gratie,
1925 1538 1986 1559 nos
1999 1529 2064 1559 sibi
2081 1530 2248 1569 propitios
2261 1539 2338 1568 gau-

1325 1584 1401 1613 deat
1421 1584 1604 1613 invenisse.
1632 1583 1720 1613 Hinc
1749 1585 1799 1613 est
1827 1583 1916 1622 quod
1940 1592 2002 1613 nos
2022 1583 2165 1613 eundem
2192 1583 2339 1622 capella-

1325 1646 1418 1672 num,
1445 1636 1583 1666 obtentu
1611 1637 1810 1666 meritorum
1839 1645 1978 1666 suorum
2008 1635 2202 1675 hujusmodi
2227 1639 2258 1667 et
2279 1645 2338 1675 pro

1326 1699 1363 1720 eo
1384 1690 1473 1729 quod
1501 1690 1581 1720 olim
1611 1690 1755 1719 clericus
1781 1692 1895 1720 noster
1918 1690 2042 1723 extitit,
2061 1690 2208 1729 gratiose
2224 1698 2337 1729 prose-

1326 1743 1383 1782 qui
1399 1752 1436 1773 ac
1460 1742 1692 1773 favorabiliter
1716 1743 1940 1779 intendentes,
1960 1743 2156 1773 discretioni
2174 1745 2229 1773 tue
2248 1752 2339 1773 nian-

1326 1797 1445 1827 damus
1474 1799 1640 1835 quatenus
1670 1796 1859 1835 predictum
1892 1796 2104 1834 capellanum
2132 1796 2166 1826 in
2197 1796 2339 1826 ecclesia

1326 1850 1433 1880 sancti
1453 1850 1607 1885 Quintini
1626 1849 1882 1885 Malbodiensis,
1905 1849 2160 1879 Cameracensis
2176 1849 2336 1886 diocesis,

1326 1912 1387 1942 per
1413 1905 1444 1933 te
1470 1903 1523 1932 vel
1551 1903 1668 1938 alium,
1694 1904 1894 1933 auctoritate
1911 1905 2027 1932 nostra
2060 1903 2162 1942 recipi
2180 1903 2285 1933 facias
2304 1903 2336 1933 in

1328 1957 1525 1986 canonicum
1538 1957 1570 1986 et
1587 1956 1618 1985 in
1637 1956 1775 1986 fratrem
1792 1956 1890 1994 eique
1907 1956 2084 1994 provideas
2097 1956 2136 1986 de
2153 1955 2336 1994 prebenda,

1326 2011 1355 2040 si
1375 2012 1469 2040 vacat
1499 2010 1624 2039 ibidem
1654 2009 1693 2039 ad
1721 2017 1862 2048 presens
1889 2009 1942 2038 vel
1965 2009 2218 2048 quamprimum
2242 2009 2283 2039 ad
2303 2009 2336 2039 id

1326 2063 1486 2094 obtulerit
1505 2072 1540 2093 se
1560 2063 1714 2098 facultas,
1733 2065 1762 2093 et
1781 2062 1942 2092 instituas
1957 2064 2013 2092 aut
2028 2063 2161 2092 institui
2178 2063 2283 2092 facias
2303 2063 2337 2092 in

1326 2117 1441 2147 eadem
1468 2120 1499 2146 et
1520 2116 1713 2146 institutum
1731 2115 1891 2145 defendas
1913 2116 2069 2146 eundem.
2087 2116 2162 2146 Non
2182 2115 2336 2146 obstante

1327 2172 1453 2200 statuto
1483 2188 1530 2206 —,
1552 2172 1607 2199 aut
1627 2169 1655 2198 si
1682 2168 1802 2198 dilecte
1820 2168 1853 2198 in
1877 2169 2011 2199 Christo
2029 2169 2097 2198 filie
2117 2194 2122 2199 .
2139 2193 2145 2198 .
2164 2168 2336 2200 abbatisse

1327 2223 1469 2254 ecclesie
1487 2225 1600 2252 sancte
1618 2222 1828 2260 Aldegundis
1847 2222 2103 2257 Maibodiensis,
2122 2222 2163 2252 ad
2181 2231 2281 2261 quam
2301 2223 2335 2252 in

1326 2277 1413 2307 dicta
1432 2276 1574 2306 ecclesia
1593 2275 1699 2305 sancti
1712 2275 1864 2310 Quintini
1882 2275 2018 2306 collatio
2034 2276 2180 2314 pertinet
2197 2275 2337 2315 preben-

1325 2330 1455 2366 darum,
1474 2331 1503 2359 et
1521 2329 1655 2359 dilectis
1674 2329 1753 2358 tiliis
1772 2353 1796 2359 ..
1815 2329 1953 2364 decano,
1974 2331 2004 2359 et
2023 2329 2170 2368 capitulo
2185 2329 2337 2367 ejusdem

1325 2382 1465 2413 ecclesie
1496 2381 1604 2411 sancti
1633 2381 1788 2416 Quintini
1817 2381 2042 2411 communiter
2069 2381 2121 2411 vel
2153 2381 2291 2411 divisim
2319 2390 2338 2412 a

1325 2435 1403 2465 sede
1432 2435 1476 2464 sit
1507 2434 1675 2464 indultum
1699 2434 1817 2465 eadem
1848 2434 1938 2473 quod
1966 2435 2007 2464 ad
2032 2435 2261 2474 receptionem
2284 2434 2338 2466 vel

1324 2488 1553 2527 provisionem
1588 2487 1733 2526 alicujus
1756 2487 1912 2526 compelli
1948 2489 2005 2518 aut
2036 2488 2337 2524 excommunicari,

1324 2541 1484 2580 suspendi
1510 2541 1562 2571 vel
1587 2541 1741 2571 interdici
1760 2549 1825 2570 non
1842 2541 1973 2579 possint
1997 2559 2045 2571 —.
2066 2541 2338 2572 Contradictores

1323 2597 1384 2626 etc.
1406 2603 1512 2633 usque
1531 2594 1785 2633 compescendo.
1804 2594 1874 2624 Nos
1891 2594 1981 2624 enim
2001 2593 2206 2633 prebendam
2224 2594 2339 2634 1101113-

1324 2648 1413 2678 modi
1429 2648 1517 2678 dicto
1530 2647 1702 2686 capellano
1717 2647 1953 2677 conserendam
1967 2647 2139 2678 donationi
2153 2647 2338 2686 apostolice

1323 2703 1548 2739 reservantes,
1573 2701 1708 2731 irritum
1731 2701 1947 2730 decernimus
1962 2702 1993 2731 et
2012 2700 2111 2731 inane
2132 2701 2160 2730 si
2181 2708 2279 2731 secus
2296 2700 2337 2731 de

1323 2764 1361 2785 ea
1379 2764 1397 2784 a
1415 2763 1583 2793 quoquam
1602 2754 1780 2792 contigerit
1800 2754 2007 2792 attemptari.
2029 2754 2153 2784 Datum
2170 2753 2259 2793 apud
2274 2754 2333 2785 Ur·

1323 2808 1561 2844 bexnveterffln,
1581 2816 1622 2837 xv
1641 2807 1804 2837 kalendas
1821 2806 2021 2842 decembris,
2040 2815 2126 2837 anno
2141 2807 2253 2837 tertio.
2272 2817 2287 2834 11
