2519 3262
267 201 325 232 358

268 283 428 314 duximus
455 280 735 312 confirmandum.
764 278 909 317 Ideoque
941 276 1137 307 discretioni
1164 277 1275 306 vestre
1302 288 1308 322 ι

268 337 469 367 mandamus
498 335 666 374 quatenus
691 341 752 362 vos
777 331 830 361 vel
850 331 935 361 alter
953 332 1114 366 vestrum,
1140 338 1199 369 per
1217 337 1277 359 vos

267 391 324 420 aut
339 389 444 419 alium
466 396 525 417 seu
548 386 644 421 alios,
670 384 702 414 id
722 384 920 414 auctoritate
944 385 1059 414 nostra
1084 382 1277 413 executioni

268 442 477 474 mandantes,
494 440 624 470 dictum
642 437 879 476 presbyterum
898 437 930 467 in
951 436 1149 466 canonicum
1168 435 1277 473 ipsius

268 494 409 525 ecclesie
435 494 549 523 sancte
574 491 692 522 Crucis
710 490 813 528 recipi
836 489 969 520 faciatis
987 498 1024 519 ac
1042 489 1074 519 in
1092 489 1276 527 possessio-

268 556 344 578 nem
374 546 482 584 ipsius
501 544 669 584 prebende
695 543 762 574 sibi
789 551 847 581 per
864 543 1070 573 cardinalem
1089 541 1277 581 adjudicate

268 600 467 639 predictum,
484 607 559 628 cum
582 596 741 628 omnibus
753 595 888 635 juribus
907 597 939 626 et
955 595 1170 635 pertinentiis
1192 594 1276 627 suis,

268 654 380 683 amoto
400 652 521 682 exinde
538 650 625 681 dicto
643 650 806 688 magistro
822 649 977 679 W'altero
994 651 1027 679 et
1043 648 1195 688 quolibet
1212 647 1278 677 alio

267 706 439 736 detentore
463 704 596 740 illicito,
625 703 793 733 inducatis
816 705 848 733 et
875 702 1064 732 defendatis
1091 702 1276 737 inductum,

267 758 367 789 stallo
382 758 447 788 sibi
463 758 497 787 in
514 757 614 787 choro
633 758 665 787 et
684 756 755 786 loco
773 756 807 785 in
823 755 972 794 capitulo
988 756 1020 785 in
1043 755 1160 785 eadem
1177 754 1279 784 eccle-

267 812 328 845 sia,
348 820 423 842 cum
446 810 657 850 plenitudine
674 810 763 849 juris
791 809 954 845 canonici,
982 808 1177 847 assignatis.
1202 809 1278 838 Non

267 865 422 896 obstante
438 865 467 894 si
481 882 528 894 —.
541 863 817 894 Contradictores
827 864 889 893 etc.
901 871 1006 901 usque
1022 862 1276 900 compescendo.

268 919 392 949 Datum
430 918 518 957 apud
557 917 846 951 Urbemveterem,
876 925 898 945 11
946 915 1022 945 idus
1071 914 1275 951 novembris,

268 980 353 1002 anno
372 971 482 1002 tertio.
501 980 518 1001 »

764 1160 887 1190 Orvieto,
906 1159 939 1187 19
958 1159 1111 1186 novembre
1130 1159 1206 1185 1203.

357 1164 454 1195 2193

304 1250 342 1279 5.,
361 1247 437 1274 1111111
455 1255 478 1273 s.
500 1245 621 1273 ceciliae
634 1245 801 1280 presbytero
820 1244 972 1275 cardinali,
991 1243 1117 1278 indulget
1132 1246 1162 1270 ut
1178 1250 1279 1270 omnes

266 1297 314 1332 qui
329 1297 390 1332 ejus
411 1295 526 1330 negotia
544 1296 707 1330 procurant,
729 1294 839 1321 ratione
853 1292 1049 1321 thesaurariae
1065 1300 1151 1326 quam
1170 1292 1280 1319 obtinet

267 1346 296 1372 in
316 1345 437 1372 ecclesia
453 1353 476 1371 s.
496 1343 612 1371 Martini
632 1343 816 1374 Turonensis,
835 1351 932 1369 coram
949 1342 1044 1375 aliquo
1056 1341 1153 1377 judice
1168 1341 1196 1367 in
1215 1349 1280 1367 cau-

267 1402 329 1421 sam
358 1394 431 1421 trahi
457 1393 577 1419 minime
605 1393 731 1423 valeant,
754 1392 891 1427 quamdiu
917 1399 1015 1418 coram
1046 1389 1179 1424 episcopo
1199 1390 1278 1417 Pari-

266 1443 353 1470 siensi
369 1445 445 1470 stare
459 1442 516 1478 juri
533 1442 624 1476 parati
645 1441 759 1468 fuerint.
779 1441 857 1476 (Rae.
874 1440 982 1471 29,f01.
1001 1439 1064 1472 230,
1087 1445 1116 1465 11ὓ
1134 1439 1210 1466 12»’2.

307 1561 321 1579 1(
340 1550 389 1587 S„
411 1550 495 1580 tituli
512 1555 615 1580 sancte
641 1549 752 1580 Cecilie
767 1549 944 1589 presbytero
961 1549 1126 1579 cardinali.
1146 1550 1277 1588 Specia-

267 1604 334 1634 lem
354 1604 415 1634 tibi
443 1604 587 1643 gratiam
618 1604 780 1633 facientes
798 1612 856 1642 per
876 1612 976 1642 quam
994 1603 1127 1633 illorum
1147 1603 1204 1642 qui
1222 1605 1279 1633 tua

267 1660 386 1696 gerunt
399 1657 544 1696 negotia,
566 1659 601 1687 ut
618 1657 658 1686 ab
676 1656 745 1686 illis
766 1665 823 1686 eos
841 1656 991 1686 abstrahi
1010 1666 1075 1687 non
1095 1657 1277 1695 contingat,

267 1711 483 1750 provideatur
507 1711 613 1749 quieti
642 1713 673 1740 et
691 1710 821 1740 eisdem
838 1719 856 1740 a
873 1710 998 1740 futuris
1018 1710 1279 1748 perturbationi-

266 1763 330 1794 bus
356 1765 525 1800 caveatur,
545 1764 613 1794 tuis
633 1763 785 1794 inclinati
804 1763 973 1802 precibus,
998 1764 1197 1794 auctoritate
1216 1763 1278 1794 tibi

267 1817 475 1856 presentium
500 1817 716 1855 indulgemus
734 1817 821 1855 quod
841 1816 972 1853 ballivi,
990 1817 1146 1855 majores,
1166 1817 1276 1847 firma-

267 1870 524 1909 rii‚justitiarii‚
546 1872 795 1908 procuratores,
811 1870 946 1900 allocati
965 1871 996 1900 et
1013 1871 1201 1901 servientes
1216 1871 1278 1907 tui,

268 1924 324 1963 qui
355 1924 387 1953 in
426 1923 562 1953 civitate
592 1932 629 1952 ac
665 1923 792 1952 diocesi
825 1923 1092 1959 'turonensibus
1134 1924 1167 1953 111
1197 1924 1279 1954 locis

268 1986 331 2016 que
348 1976 387 2006 ad
406 1978 448 2010 te,
468 1976 596 2006 ratione
614 1976 822 2005 tliesaurarie
840 1985 940 2014 quain
960 1976 991 2005 in
1010 1977 1151 2006 ecclesia
1172 1978 1278 2007 sancti

268 2030 403 2060 Martini
428 2029 637 2059 Turonensis
656 2028 800 2064 obtines,
820 2031 1004 2059 noscuntur
1025 2031 1203 2068 pertinere,
1223 2032 1279 2061 tna

268 2085 449 2122 procurant
469 2092 527 2112 seu
543 2083 781 2112 administrant
799 2083 981 2121 negotia-et
1005 2083 1279 2121 jurisdictionem

268 2139 422 2166 exercent
447 2145 507 2174 pro
529 2138 559 2166 te
589 2145 626 2165 ac
653 2138 708 2165 tuo
733 2136 868 2165 nomine
886 2136 1116 2175 temporalem,
1138 2139 1169 2167 et
1194 2146 1278 2175 quos

268 2190 385 2220 eadem
414 2189 677 2225 amministrare,
704 2197 883 2227 procurare
906 2198 965 2218 sou
994 2189 1094 2219 etiam
1123 2199 1278 2219 exercere

268 2242 394 2272 ibidem
413 2242 590 2281 contigerit
616 2242 649 2271 in
672 2242 833 2277 futurum,
859 2242 1056 2272 auctoritate
1077 2242 1278 2278 litterarum,

271 2295 556 2334 indulgentiarum
585 2304 644 2325 seu
670 2295 924 2334 privilegiorum
955 2304 972 2324 a
994 2295 1072 2325 sedi¹
1095 2296 1280 2334 apostolica

269 2349 321 2379 vel
347 2349 470 2387 legatis
489 2349 598 2387 ipsius
617 2349 873 2386 impetratorum
901 2357 960 2378 seu
977 2348 1078 2378 etiam
1099 2349 1279 2387 impetran—

269 2401 400 2437 dorum,
425 2402 477 2432 vel
498 2401 565 2431 alia
586 2402 705 2440 quavis
724 2402 934 2437 auctoritate,
952 2403 1108 2440 pretextu
1123 2401 1278 2440 jurisdic-

269 2455 384 2491 tionis,
406 2455 715 2485 administrationis
733 2464 792 2485 seu
807 2455 1057 2494 procurationis
1074 2455 1278 2494 hujusmodi,

269 2517 383 2538 coram
403 2508 517 2547 aliquo
531 2508 643 2546 judice
660 2508 824 2547 delegato,
841 2510 1019 2539 executore
1036 2508 1088 2539 vel
1103 2517 1279 2539 conserva-

268 2562 341 2591 tore
368 2561 419 2592 vel
442 2570 640 2601 quocunque
666 2561 732 2591 alio
756 2571 774 2592 a
804 2561 954 2600 predicta
979 2562 1057 2592 sede
1082 2561 1134 2592 vel
1159 2562 1280 2601 legatis

271 2613 423 2652 ejusdem
441 2614 698 2653 quibuscunque
722 2615 817 2651 locis,
835 2615 1000 2654 collegiis,
1026 2615 1182 2654 personis
1205 2624 1280 2646 con-

270 2676 365 2697 cesso
392 2667 442 2697 vel
467 2668 571 2698 etiam
593 2668 815 2704 concedendo,
834 2668 995 2707 quamdiu
1011 2677 1124 2699 coram
1141 2677 1279 2699 venera-

270 2719 332 2750 bili
351 2720 452 2751 l'ratre
468 2723 583 2752 nostro
596 2743 602 2750 .
615 2743 622 2749 .
642 2722 800 2760 episcopo
814 2722 1012 2758 Parisiensi,
1029 2722 1135 2761 parati
1155 2722 1280 2754 fuerint

272 2775 360 2804 stare
385 2774 466 2812 juri,
488 2774 520 2804 in
541 2783 677 2804 causam
696 2775 790 2805 nullo
817 2775 915 2805 modo
945 2775 1029 2806 trahi
1050 2776 1193 2814 possint,
1214 2777 1279 2806 nisi

271 2826 357 2857 dicte
386 2827 476 2856 sedis
516 2827 638 2862 littere,
667 2828 873 2867 indulgentie
903 2838 939 2859 ac
971 2829 1148 2867 privilegia
1178 2829 1280 2868 inipe-

271 2880 390 2910 tranda
409 2880 449 2910 de
478 2882 508 2910 te
531 2882 562 2910 et
578 2880 637 2911 liae
656 2881 867 2920 indulgentia
892 2882 931 2912 de
949 2881 1050 2912 verbo
1076 2882 1117 2912 ad
1140 2882 1278 2913 verbum

1017 192 1259 224 REGISTRES
1286 190 1499 222 D'URBAIN
1526 190 1584 221 IV.

1333 274 1467 313 plenam
1484 275 1517 304 et
1526 281 1725 312 expressam
1741 272 1882 302 fecerint
1897 270 2344 305 mentionem,decernentes

1332 336 1371 358 ex
1398 336 1485 357 nunc
1511 325 1886 360 excommunicationis,
1910 324 2081 354 interdicti
2098 326 2130 354 et.
2149 324 2345 363 suspensio-

1332 381 1386 411 nis
1414 380 1601 411 sententias
1618 381 1650 409 et
1670 386 1851 418 processus
1875 377 1973 414 alios,
1989 377 2018 406 si
2034 385 2118 416 quas
2136 376 2189 407 vel
2211 377 2240 406 si
2259 384 2344 415 quos

1332 434 1476 472 proferri
1503 442 1562 463 seu
1577 432 1693 462 haberi
1714 434 1828 462 contra
1845 430 2054 470 indulgentie
2070 430 2238 469 presentis
2254 431 2342 460 teno-

1332 496 1402 518 rem
1421 486 1610 525 contigerit,
1630 494 1694 515 non
1707 486 1820 515 tenere
1837 483 2034 522 nulliusque
2050 482 2184 521 penitus
2197 483 2342 513 existere

1332 540 1516 570 firmitatis.
1551 537 1773 569 Presentibus
1799 539 1876 576 post
1907 536 2177 576 quinquennium
2202 535 2344 565 minime

1333 593 1502 624 valituris.
1521 592 1617 623 Nulli
1647 600 1725 630 ergo
1755 592 1871 620 nostre
1889 589 2120 620 concessionis
2145 590 2205 618 etc.
2223 587 2346 618 consti-

1333 646 1475 678 tutionis
1502 647 1564 676 etc.
1584 645 1709 675 Datum
1728 643 1816 682 apud
1842 642 2131 678 Urbemveterem,
2154 650 2213 670 xm
2231 641 2344 671 kalen-

1332 701 1394 730 das
1413 698 1614 734 decembris,
1632 706 1718 727 anno
1734 696 1846 727 tertio.
1868 706 1882 725 1)

1423 867 1521 898 2194
1853 862 1977 893 Orvieto,
1993 863 2026 889 ’19
2039 861 2195 888 novembre
2213 860 2289 888 1263.

1373 949 1613 977 Archidiaconum
1647 948 1766 983 majoris
1793 947 1883 974 Calcti
1912 947 1939 973 in
1974 945 2096 973 ccclesia
2119 944 2345 980 Rothomagensi

1332 999 1474 1034 praedicti
1502 998 1604 1025 indulti
1627 999 1859 1025 conservatorem
1890 997 2018 1030 deputat.
2047 995 2124 1030 (Res.
2150 996 2194 1026 29,
2215 993 2345 1026 f01.230,

1333 1054 1363 1075 n⁰
1382 1048 1474 1079 1243.)

1374 1165 1388 1184 (‹
1409 1178 1438 1186 ..
1461 1153 1679 1184 archidiacono
1703 1153 1828 1193 majoris
1846 1152 1946 1183 Caleti
1973 1153 2004 1181 in
2031 1151 2155 1181 ecclesia
2182 1150 2344 1180 Rotlzoma-

1332 1208 1429 1248 gensi.
1446 1207 1633 1247 Specialem
1649 1207 1772 1237 dilecto
1793 1206 1862 1236 filio
1879 1223 1928 1234 -.
1951 1206 2075 1236 Datum
2095 1204 2184 1243 apud
2204 1203 2345 1235 Urbem-

1333 1264 1494 1298 veterem,
1515 1270 1575 1291 xiii
1596 1260 1759 1290 kalendas
1777 1259 1977 1294 decembris,
1994 1267 2081 1288 anno
2098 1258 2208 1288 tertio.
2230 1268 2245 1286 »

1425 1428 1522 1460 2195
1830 1425 1955 1457 Orvieto,
1971 1425 2004 1453 13
2020 1423 2178 1451 novembre
2199 1424 2274 1451 1203.

1372 1513 1467 1539 Fratri
1486 1512 1627 1546 Philippo,
1647 1512 1791 1546 quondam
1813 1510 1910 1537 abbati
1925 1508 2144 1541 Claravallensi,
2164 1506 2347 1535 Maeloviensi

1333 1562 1437 1593 electo,
1448 1561 1643 1588 visitationem
1654 1563 1681 1588 et
1695 1560 1889 1595 provisionem
1899 1560 1933 1586 de
1945 1559 2048 1586 abbate
2063 1559 2165 1585 idoneo
2177 1556 2346 1584 monasterii

1332 1611 1368 1637 de
1399 1610 1534 1643 Ebronio,
1572 1610 1681 1636 ordinis
1710 1618 1732 1636 s.
1763 1608 1920 1635 Benedicti.
1953 1607 2181 1635 Cenomanensis
2213 1606 2346 1637 diocesis,

1333 1660 1505 1687 committit.
1523 1660 1601 1693 tnnc.
1617 1660 1661 1692 29,
1680 1659 1728 1685 sol.
1750 1658 1814 1692 230,
1835 1663 1864 1684 11ο
1880 1658 1971 1691 1244.)

1376 1777 1392 1796 ((
1415 1766 1520 1795 Fratri
1537 1764 1699 1804 Philippo,
1723 1763 1877 1804 quondam
1893 1762 1998 1792 abbati
2020 1760 2259 1796 Claravallensi,
2284 1760 2348 1790 Μα-

1334 1818 1486 1849 cloviensi
1503 1817 1607 1848 electo.
1624 1818 1672 1848 De
1688 1817 1897 1847 desolatione
1913 1815 2111 1846 monasterii
2128 1815 2167 1845 de
2186 1813 2346 1849 Ebronio‚

1335 1873 1464 1903 ordinis
1475 1872 1581 1901 sain-u
1596 1870 1782 1906 Benedicti,
1799 1869 2065 1900 Cenomanensis
2077 1867 2235 1900 diocesis,
2252 1875 2293 1897 ex
2308 1875 2346 1896 eo

1334 1925 1559 1963 probabiliter
1577 1923 1774 1953 dubitamus
1789 1923 1878 1962 quod
1895 1923 1934 1952 de
1951 1922 2061 1961 ipsius
2078 1921 2240 1960 regimine
2259 1920 2346 1949 inter

1335 1978 1495 2008 dilectum
1510 1978 1617 2007 tilium
1638 1975 2057 2014 Ernaldum‚capellanum
2076 1976 2241 2009 nostrum,
2259 1975 2288 2003 et
2301 1973 2346 2006 J„

1335 2031 1397 2070 qui
1414 2040 1472 2069 pro
1491 2030 1670 2060 abbatibus
1694 2029 1845 2068 ejusdem
1865 2028 2061 2059 monasterii
2080 2036 2115 2057 se
2131 2029 2262 2066 gerunt,
2281 2033 2346 2055 non

1334 2084 1434 2119 levis⁷
1456 2083 1642 2118 utilit-itur,
1661 2084 1712 2112 est
1731 2084 1849 2112 exorta
1865 2081 2033 2112 contentio
2052 2083 2083 2111 et
2102 2089 2185 2119 pene
2203 2079 2346 2118 inexpli-

1335 2137 1456 2167 cabilis
1471 2137 1604 2175 questio
1621 2136 1794 2166 suscitata.
1809 2135 1893 2166 Cum
1909 2135 1998 2165 enim
2016 2135 2104 2164 idem
2119 2135 2170 2169 E„
2186 2134 2270 2163 sicut
2286 2141 2346 2172 pro

1334 2193 1428 2229 parte
1449 2190 1557 2229 ipsius
1577 2189 1640 2219 suit
1654 2189 1865 2227 propositum
1884 2197 1997 2218 coram
2015 2187 2124 2223 nobis,
2145 2187 2233 2225 apud
2247 2194 2347 2216 vene-

1335 2243 1478 2274 rabilem
1510 2243 1648 2272 tratrem
1675 2245 1827 2272 nostrum
1846 2266 1852 2271 .
1870 2266 1876 2271 .
1895 2242 2091 2280 episcopum
2118 2240 2347 2271 Cenomanen-

1335 2306 1421 2331 sem,
1438 2296 1570 2326 delatus
1588 2304 1689 2334 super
1704 2295 1804 2324 certis
1819 2294 1971 2325 articulis
1988 2294 2157 2324 extitisset
2169 2293 2347 2331 dictusque

1335 2350 1515 2389 episcopus
1541 2349 1674 2379 fecisset
1700 2358 1776 2378 eum
1797 2350 1934 2387 propter
1955 2348 2014 2378 hoc
2039 2348 2079 2378 ad
2099 2356 2193 2377 suani
2212 2354 2347 2386 presen-

1334 2404 1414 2434 tiam
1432 2403 1575 2438 cvocari,
1592 2403 1724 2433 tandem
1744 2401 1833 2432 idem
1851 2403 1887 2432 Ε
1907 2401 2023 2437 abbas,
2042 2401 2158 2431 volens
2182 2400 2296 2439 potius
2314 2399 2348 2430 in

1335 2456 1541 2486 humilitatis
1569 2456 1767 2486 satisfacere
1792 2455 1914 2494 spiritu
1937 2464 2039 2494 quam
2059 2454 2265 2493 Judiciorum
2293 2462 2348 2484 an-

1336 2510 1500 2540 fractibus
1519 2510 1569 2540 vel
1588 2509 1678 2549 juris
1702 2509 1815 2548 vigore
1837 2509 1965 2543 vexari,
1990 2508 2160 2548 promisit,
2181 2506 2348 2546 corporali

1336 2564 1478 2603 prestito
1493 2563 1699 2602 juramento,
1715 2563 1804 2602 quod
1822 2563 1955 2593 cederet
1973 2562 2130 2602 regimini
2149 2560 2348 2592 monasterii

1335 2617 1518 2655 supradicti
1546 2619 1575 2646 et
1597 2619 1769 2655 perageret
1791 2616 2011 2655 penitentiam
2031 2624 2132 2654 quam
2149 2614 2239 2645 idem
2258 2614 2349 2653 epis-

1335 2679 1441 2709 copus
1468 2669 1533 2699 sibi
1555 2670 1691 2700 duceret
1714 2669 1966 2708 injungendam.
1990 2669 2142 2707 Cumque
2169 2667 2278 2698 eidem
2307 2667 2347 2698 E.

1335 2723 1490 2762 prefatus
1506 2723 1687 2762 episcopus
1700 2723 1881 2761 quamdam
1897 2722 2118 2761 penitentiam
2130 2721 2346 2760 injunxisset,

1337 2776 1429 2806 idem
1447 2777 1498 2812 E.,
1516 2785 1589 2807 eain
1607 2778 1767 2814 reputans
1788 2775 1891 2806 nimis
1907 2784 2054 2814 gravem,
2074 2776 2210 2814 propter
2229 2773 2289 2804 hoc
2306 2773 2348 2804 ad

1336 2830 1452 2859 sedem
1486 2830 1708 2869 apostolicam
1737 2829 1932 2868 appellavit.
1963 2829 2004 2859 Et
2029 2828 2165 2858 demum
2194 2827 2282 2857 idem
2308 2827 2345 2857 E.

1335 2882 1444 2913 abbas
1471 2886 1501 2914 01
1522 2883 1665 2914 dilectus
1696 2883 1788 2913 tilius
1808 2907 1814 2912 .
1832 2906 1837 2911 .
1857 2882 2020 2922 magister
2047 2881 2214 2912 scolarum
2245 2880 2348 2911 Ceno-
