2519 3262
259 260 318 288 372

259 345 369 376 tenus,
398 344 426 373 si
446 345 495 373 est
520 343 578 378 ita,
597 341 776 371 collatione
793 340 895 380 regia,
921 341 1037 371 nostra
1053 349 1265 379 nequaquam

260 397 425 433 obstante,
453 396 485 425 in
511 404 571 425 suo
600 394 719 425 robore
742 395 971 433 permanente,
997 394 1183 424 sententias
1210 402 1266 424 ex-

259 448 587 484 communicationis,
611 447 847 486 suspensionis
868 447 921 477 vel
948 447 1129 483 interdicti,
1155 447 1182 476 si
1202 455 1266 485 que

260 505 336 533 sunt
365 502 425 532 hac
444 501 617 532 occasione
645 509 704 539 per
731 500 856 530 dictum
882 502 1094 531 executorem
1123 499 1174 529 vel
1194 499 1266 538 ejus

260 555 495 593 subdelegatos
526 555 559 584 in
579 562 795 593 quascunque
814 562 989 592 personas,
1009 553 1184 583 occasione
1202 553 1268 583 col-

258 608 396 638 lationis
422 609 547 644 nostre,
578 607 718 646 prolate,
737 606 936 636 auctoritate
967 608 1083 636 nostra
1112 606 1266 636 relaxare

259 669 427 700 procures.
458 661 581 691 Datum
616 660 703 699 apud
732 659 1020 694 Urbemveterem,
1054 668 1072 687 v
1103 659 1267 689 kalendas

259 713 457 750 decembris,
478 722 564 743 anno
580 714 690 743 tertio.
710 722 726 741 »

347 886 443 917 2244
751 884 875 915 OrvIeto,
892 885 926 911 27
940 884 1094 911 novembre
1115 883 1194 911 1203.

292 969 403 995 Dccano
425 968 562 996 ccclesiae
583 977 606 995 s,
628 968 765 996 Johannis
789 967 817 994 in
835 969 926 1003 Burgo
947 968 1126 994 Laudunensi
1146 968 1267 994 mandat

258 1020 286 1044 ut
302 1018 421 1044 Radult'o
438 1018 472 1044 de
488 1026 510 1044 s.
529 1017 669 1044 Mederico
683 1017 712 1044 in
724 1018 798 1049 Bria,
813 1018 930 1052 pauperi
945 1017 1060 1047 clerico,
1078 1017 1111 1043 de
1127 1016 1266 1043 beneficio

256 1065 461 1099 ecclesiastico,
484 1067 520 1093 ad
538 1065 722 1093 collationem
739 1066 851 1093 abbatis
869 1068 898 1092 ct
917 1067 1075 1093 conventus
1093 1064 1267 1092 monasterii

257 1123 281 1141 s.
302 1114 442 1142 Vincentii
456 1117 536 1142 extra
561 1115 738 1147 Laudunum,
761 1115 868 1142 ordinis
887 1124 908 1141 s.
930 1114 1088 1147 Benedicti,
1105 1117 1266 1149 spectante,

256 1164 413 1198 provideat,
436 1165 515 1200 juxta
537 1167 667 1191 tenorem
686 1164 849 1191 litterarum
868 1163 1090 1198 apostolicarum
1110 1163 1172 1199 jam
1187 1164 1267 1198 epis-

257 1221 327 1248 copo
341 1214 519 1240 Laudunensi
539 1213 704 1241 missarum.
724 1213 800 1248 (nse.
819 1214 862 1245 20,
881 1212 928 1240 sol.
945 1213 997 1241 240
1013 1222 1050 1245 vo,
1066 1217 1098 1239 n⁰
1115 1213 1209 1247 1:293.)

297 1330 314 1350 ((
339 1319 456 1349 Decano
482 1318 601 1349 ecclesie
615 1329 637 1348 S.
658 1319 811 1348 Jolzannis
828 1319 857 1347 in
879 1318 981 1359 Bur-90
999 1318 1206 1348 mindunensi.
1230 1319 1268 1347 111

259 1375 374 1404 nostra
392 1373 535 1403 dilectus
554 1390 600 1401 —-.
618 1373 742 1403 Datum
764 1372 852 1410 apud
868 1371 1158 1407 Urbemveterem,
1177 1381 1196 1401 v
1213 1372 1268 1401 ka-

259 1427 375 1457 lendas
390 1426 590 1463 decembris,
609 1434 694 1456 anno
709 1425 822 1456 tertio.
843 1435 858 1454 »

350 1603 445 1634 2245
755 1601 879 1634 Orvirzto,
897 1600 932 1628 30
945 1601 1099 1627 novembre
1117 1601 1196 1627 1203.

293 1686 412 1713 Osliciali
438 1686 570 1713 Trccensi
590 1686 705 1712 mundat
726 1685 848 1712 electum
868 1685 1088 1712 lllaclovicnsem
1111 1685 1268 1719 compellat

259 1738 302 1769 ut,
330 1735 403 1762 inira
429 1736 498 1761 duic-,s
520 1743 634 1761 menses
661 1737 720 1768 post
747 1734 836 1768 ipsius
860 1734 992 1761 osticialis
1010 1733 1213 1765 monitionem,
1233 1735 1268 1760 de

259 1784 345 1811 certis
369 1783 553 1819 pecuniarum
574 1783 696 1810 summis
722 1783 863 1810 mutuatis
887 1783 1034 1810 nonnullis
1056 1783 1267 1810 mercatoribus

259 1833 429 1860 Senensibus
444 1832 611 1859 satisfaciat.
632 1832 711 1866 (lino.
728 1834 771 1859 29.
795 1832 842 1859 sol.
861 1833 923 1863 241,
943 1837 974 1859 n⁰
992 1832 1083 1866 1204)

300 1948 314 1967 (t
334 1962 338 1966 .
355 1960 361 1966 .
380 1936 510 1977 officiali
526 1937 673 1966 Trecensi.
689 1937 897 1975 Significavit
910 1937 1007 1967 nobis
1020 1937 1164 1967 dilectus
1177 1937 1268 1967 tilius

259 1990 454 2026 Gaul'ridus,
466 1990 720 2019 archidiaconus
734 1990 983 2026 Macloviensis,
995 1991 1095 2029 quod,
1109 2000 1182 2020 cum
1194 1991 1268 2029 ipse

259 2053 318 2082 per
334 2046 466 2074 nostras
480 2043 610 2073 litteras
625 2043 664 2072 de
677 2043 901 2073 (τιῑιιιὶιηιίιῡιιιὶο
921 2046 1050 2079 mutuo,
1069 2044 1204 2073 nominc
1217 2044 1269 2073 di-

259 2098 335 2127 lecti
353 2097 412 2127 lilii
430 2122 435 2127 .
453 2120 459 2126 .
479 2096 588 2132 electi,
607 2098 637 2126 ct
663 2096 875 2134 episcopatus
892 2096 1142 2132 Maeloviensis,
1161 2105 1268 2135 usque

259 2151 299 2181 ad
311 2159 478 2180 summam
493 2149 814 2188 quadringentarum
829 2149 992 2179 librarum
1005 2150 1267 2184 Turonensium,

258 2213 317 2243 pro
340 2203 534 2242 sumptibus
561 2211 645 2242 quos
669 2203 757 2233 idem
781 2202 1038 2232 archidiaconus
1062 2202 1094 2231 in
1115 2211 1270 2241 prosecu-

258 2258 348 2288 tione
367 2256 541 2287 electionis
566 2256 605 2285 de
632 2255 706 2294 ipso
729 2256 810 2286 olim
836 2256 869 2286 in
887 2258 1026 2286 vacante
1047 2256 1266 2286 Macloviensi

258 2310 400 2341 ecclesia
412 2310 576 2340 celebrate
588 2310 720 2345 sei-erat,
732 2318 790 2349 per
804 2309 945 2339 dilectos
964 2309 1052 2339 filios
1066 2310 1201 2339 nostros
1214 2310 1267 2345 G.‚

258 2364 347 2394 tituli
374 2364 478 2394 sancti
498 2364 669 2395 Laurentii
695 2364 727 2393 in
746 2363 884 2399 Lucina,
909 2365 939 2392 et
964 2363 1011 2398 S„
1037 2362 1126 2393 tituli
1154 2365 1268 2392 sancte

257 2417 380 2447 Cecitie
413 2417 623 2456 presbiteros
650 2416 850 2452 cardinales,
877 2415 1002 2454 quibus
1029 2415 1061 2445 id
1089 2415 1164 2445 viva
1188 2424 1268 2445 voce

258 2470 504 2507 commisimus,
531 2471 564 2500 in
588 2470 779 2510 hujusmodi
803 2477 936 2499 summa
956 2469 1095 2505 taxatis,
1113 2468 1266 2499 habuerit

256 2523 389 2561 plenam
419 2525 450 2554 et
482 2523 624 2554 liberam
654 2524 868 2562 potestatem,
888 2522 1035 2558 tandem,
1067 2522 1268 2552 renuntians

257 2577 490 2607 constitutioni
517 2578 556 2608 de
577 2577 707 2608 duabus
728 2576 829 2607 dietis
849 2576 937 2606 edite
962 2576 995 2606 in
1015 2575 1156 2606 concilio
1173 2583 1269 2614 gene·

257 2629 319 2660 rali
348 2631 379 2660 et
407 2630 567 2661 beneficio
607 2630 834 2661 restitutionis
874 2629 907 2659 in
942 2629 1111 2667 integrum
1139 2637 1268 2658 necnon

257 2683 469 2714 conventioni
483 2684 647 2723 judicum,
665 2685 696 2714 et
714 2682 871 2713 omnibus
888 2682 1014 2712 litteris
1030 2683 1062 2712 et
1088 2681 1268 2720 indulgen-

257 2736 313 2767 tiis
332 2745 349 2766 a
365 2736 443 2767 sede
460 2737 647 2775 apostolica
659 2736 848 2775 impetratis
862 2738 893 2766 et
909 2736 1011 2766 etiam
1026 2735 1267 2774 impetrandis,

258 2798 294 2819 ac
311 2789 500 2828 exceptioni
517 2790 605 2828 quod
622 2791 774 2820 mutuata
792 2788 858 2819 sibi
874 2789 1017 2827 pecunia
1035 2788 1069 2818 in
1083 2788 1268 2818 utilitatem

258 2850 353 2872 suain
382 2844 413 2873 et
440 2843 606 2873 dictorum
632 2842 728 2873 electi
758 2844 789 2872 et
817 2842 1032 2881 episcopatus
1061 2841 1199 2872 minime
1221 2842 1268 2872 sit

258 2903 429 2931 conversa,
462 2905 480 2925 a
509 2896 638 2927 Matheo
664 2895 825 2934 Raynerii
864 2897 1040 2926 mutuante
1077 2903 1137 2934 pro
1167 2903 1202 2924 se
1231 2904 1269 2925 ac

258 2948 422 2979 Rainaldo
443 2948 601 2979 Bai-botte
626 2950 657 2979 et
673 2948 857 2979 Guillelmo
881 2948 1048 2984 Baium-ii,
1076 2946 1207 2978 civibus
1236 2950 1268 2979 et

1009 255 1252 296 REGISTRES
1279 255 1493 286 D'URBAIN
1519 256 1578 286 IV.

1323 339 1568 370 mercatoribus
1586 341 1807 376 Senensibus,
1835 341 1933 371 nobis
1956 343 1988 372 et
2019 341 2160 372 ecclesie
2181 342 2333 373 Romane

1322 393 1465 427 devotis,
1497 393 1762 432 quadringentas
1791 394 1896 425 libras
1926 395 2177 425 Turonensium
2209 395 2334 434 recepit

1322 447 1452 481 mutuo,
1469 455 1529 485 pro
1546 446 1645 476 dictis
1668 446 1863 486 sumptibus
1881 448 1930 478 sic
1948 448 2085 484 taxatis,
2101 448 2203 478 certis
2215 447 2287 478 loco
2304 449 2336 478 et

1322 499 1467 530 termino
1490 499 1617 530 eisdem
1634 500 1881 530 mercatoribus
1904 501 2159 539 persolvendas,
2181 503 2280 540 prout
2299 501 2335 530 in

1323 552 1458 591 publico
1475 552 1703 583 instrumento
1720 553 1871 584 confecto
1890 554 2012 584 exinde
2035 554 2172 593 plenius
2191 554 2337 584 contine-

1322 606 1468 636 tunNos
1479 605 1605 645 itaque,
1620 606 1660 636 ad
1674 606 1958 645 supplicationem
1975 607 2084 646 ipsius
2098 607 2335 639 archidiaconi.

1323 659 1505 689 eorundem
1528 663 1750 689 mercatorum
1772 660 2005 699 indempnitati
2024 669 2204 699 precavere
2222 660 2336 690 volen-

1323 714 1384 749 tes,
1405 712 1601 743 discretioni
1621 714 1676 743 tue
1707 713 1909 744 mandamus
1938 715 2112 752 quatinus,
2142 722 2200 753 per
2222 716 2254 744 te
2283 713 2337 744 vel

1324 765 1429 796 alium
1452 774 1512 796 seu
1537 765 1634 800 alios,
1659 766 1687 795 si
1708 766 1794 797 forte
1808 766 1848 797 de
1865 767 1954 797 dicta
1973 767 2126 806 pecunia,
2147 767 2180 796 in
2200 766 2338 797 statutis

1323 819 1396 849 loco
1406 819 1713 858 ettermino,prout
1728 819 1944 850 instrumenti
1958 820 2099 858 predicti
2113 822 2208 850 tenor
2221 819 2336 859 exigit,

1323 871 1569 902 mercatoribus
1588 873 1686 911 ipsis,
1703 872 1828 911 quibus
1842 875 1997 911 pretextu
2015 873 2159 912 alicujus
2175 873 2339 903 constitu-

1323 925 1428 955 tionis
1445 926 1602 956 canonice
1631 926 1681 955 vel
1703 926 1814 956 civilis
1837 929 1891 956 aut
1916 927 2146 965 cujuscunque
2165 925 2337 965 privilegii

1324 978 1377 1008 vel
1394 978 1615 1017 indulgentie,
1633 979 1673 1009 de
1690 979 1814 1018 quibus
1828 979 1961 1018 plenam
1980 982 2012 1010 et
2026 988 2223 1018 expressam
2239 988 2336 1019 opor·

1324 1033 1392 1062 teat
1413 1032 1447 1061 in
1464 1032 1679 1071 presentibus
1701 1033 1775 1063 fieri
1794 1033 2014 1069 mentionem,
2033 1033 2198 1072 probandi
2222 1041 2337 1063 neces·

1325 1085 1460 1115 sitatem
1492 1085 1686 1116 incumbere
1717 1086 1877 1116 nolumus
1909 1087 1998 1126 quod
2028 1087 2171 1125 pecunia
2201 1087 2276 1126 ipsa
2303 1086 2338 1116 in

1324 1139 1507 1169 utilitatem
1523 1139 1689 1169 dictorum
1707 1139 1817 1176 electi,
1833 1140 2049 1179 episcopatus
2061 1142 2093 1170 et
2111 1139 2338 1170 archidiaconi

1325 1192 1369 1222 sit
1393 1201 1567 1229 conversa,
1586 1201 1651 1222 non
1676 1192 1777 1223 fuerit
1802 1193 2027 1229 satisfactum,
2047 1195 2185 1224 extunc
2210 1193 2339 1224 dictum

1325 1246 1469 1276 electum
1481 1246 1534 1276 vel
1550 1254 1764 1276 successores
1778 1246 1850 1285 ejus
1863 1255 2000 1277 monere
2014 1255 2176 1285 procures
2189 1248 2236 1283 ut,
2250 1246 2340 1277 infra

1325 1299 1410 1329 duos
1428 1308 1563 1330 menses
1578 1302 1653 1338 post
1665 1299 1885 1330 monitionem
1901 1301 2008 1336 tuam,
2025 1300 2065 1330 de
2082 1300 2170 1330 dicta
2181 1300 2338 1338 pecunia,

1326 1361 1400 1382 cum
1420 1352 1524 1390 justis
1543 1361 1579 1382 ac
1597 1353 1780 1383 moderatis
1797 1353 1957 1392 expensis
1977 1361 2012 1383 ac
2029 1353 2143 1383 debita
2167 1355 2338 1383 restaura-

1325 1406 1416 1436 tione
1442 1406 1677 1444 dampnorum,
1698 1406 1813 1436 usuris
1839 1406 1975 1436 omnino
1996 1405 2222 1441 cessantibus,
2253 1415 2341 1436 mer-

1326 1458 1497 1489 catoribus
1522 1458 1733 1489 satisfaciant
1755 1459 1963 1495 memoratis,
1985 1468 2021 1489 ac
2044 1459 2171 1490 dictum
2194 1459 2340 1490 electum

1325 1513 1379 1542 vel
1397 1512 1469 1551 ejus
1490 1521 1704 1542 successores
1725 1513 1766 1542 ad
1782 1513 1815 1542 id
1831 1513 2029 1543 auctoritate
2047 1514 2174 1549 nostra,
2192 1512 2342 1552 appella-

1325 1566 1416 1596 tione
1432 1568 1571 1599 remota,
1583 1565 1778 1604 compellas.
1794 1567 1868 1596 Non
1881 1565 2035 1596 obstante
2048 1584 2098 1594 —.
2114 1566 2239 1596 Datum
2251 1566 2340 1605 apud

1325 1619 1616 1655 Urbemveterem,
1634 1629 1656 1649 11
1675 1619 1838 1650 kalendas
1855 1619 2056 1655 decembris,
2081 1628 2170 1650 anno
2190 1620 2304 1650 tertio.
2325 1629 2340 1650 ι)

1824 1794 1948 1828 ‹Ji-vieto,
1966 1796 2000 1822 26
2015 1795 2171 1822 novembre
2187 1795 2268 1822 1263.

1416 1797 1515 1828 224ss

1362 1881 1464 1907 Abbati
1490 1890 1513 1907 s.
1545 1880 1624 1907 Pauli
1653 1879 1851 1910 virdunensis,
1890 1880 2188 1907 l'raemonstratensis
2220 1880 2341 1912 ordinis,

1327 1931 1445 1957 mandat
1460 1933 1516 1956 uta
1532 1929 1659 1962 Nicolao,
1675 1929 1751 1955 dicto
1767 1929 1799 1955 dc
1817 1929 1904 1960 nuno,
1915 1929 2100 1955 canonicatus
2120 1931 2147 1956 et
2162 1930 2342 1963 praebendae

1326 1979 1464 2006 ecclcsiae
1486 1978 1674 2005 vii-«lunensis
1696 1977 1890 2011 resignatione
1910 1981 2033 2012 recepta,
2055 1978 2169 2004 eosdem
2192 1977 2342 2005 canonica-

1327 2030 1387 2054 tum
1414 2030 1441 2054 et
1465 2027 1672 2061 praebendam,
1703 2027 1819 2053 obtentu
1848 2026 2016 2060 primicerii,
2044 2026 2146 2053 decani
2171 2029 2196 2053 et
2221 2026 2339 2061 capituli

1327 2077 1454 2111 ejusdem
1484 2076 1637 2108 ecelesiae,
1666 2075 1829 2101 (luillelmo.
1855 2074 1957 2101 rectori
1984 2075 2126 2102 ecclesiae
2155 2084 2176 2101 s.
2199 2076 2340 2108 Andreae,

1327 2124 1513 2151 Virdunensis
1527 2124 1661 2155 diocesis,
1677 2127 1742 2149 nato
1755 2124 1818 2154 Tlr,
1832 2123 1946 2150 comitis
1962 2124 1996 2149 de
2008 2123 2182 2152 Richeieort.
2199 2124 2339 2159 assignet,

1325 2174 1447 2200 ccclesia
1466 2182 1488 2200 s.
1508 2173 1638 2199 Andreae
1655 2172 1736 2207 prius
1751 2172 1880 2199 dimissa.
1900 2173 1978 2203 (uec.
1999 2173 2043 2205 29,
2060 2172 2106 2199 t'ol.
2123 2173 2189 2206 241,
2203 2178 2232 2200 n⁰
2247 2174 2343 2206 1295.)

1367 2288 1384 2309 (‹
1405 2302 1410 2307 .
1426 2302 1432 2308 .
1451 2278 1589 2307 abbatis.
1607 2277 1700 2307 Pauli
1723 2277 1930 2310 Virdunensis,
1951 2277 2242 2307 premmmm-atensis
2259 2278 2342 2307 ordi·

1327 2332 1383 2361 nis.
1401 2332 1497 2367 Cum,
1516 2331 1601 2361 sicut
1620 2331 1811 2370 accepimus
1835 2349 1883 2361 -.
1905 2331 2027 2361 Datum
2049 2331 2136 2370 apud
2154 2330 2339 2362 L'rhemve-

1325 2387 1442 2419 terem,
1462 2395 1495 2414 VI
1512 2385 1674 2415 kalendas
1691 2384 1892 2420 decembris,
1913 2393 2000 2414 anno
2018 2385 2129 2414 tertio.
2150 2394 2164 2413 »

1818 2558 1942 2589 Officio,
1963 2560 1993 2587 13
2009 2559 2166 2586 novembre
2185 2559 2262 2587 1263.

1418 2561 1513 2592 2247

1361 2642 1497 2678 Magistro
1518 2642 1656 2675 Johanni,
1673 2641 1749 2668 dicto
1774 2642 1909 2674 Hellekin,
1934 2641 2109 2669 subdiacono
2139 2645 2165 2669 et
2190 2641 2340 2677 capellano

1324 2691 1492 2726 apostolico.
1517 2691 1657 2717 canonico
1676 2690 1814 2718 ecclesiae
1835 2690 2075 2720 Constantiensis,
2092 2691 2296 2718 canonicatum
2311 2694 2340 2718 et

1324 2740 1516 2775 praebendam
1532 2739 1674 2767 ecclesiae
1689 2739 1874 2766 Abi-incensis
1889 2738 2011 2766 confert.
2025 2739 2107 2773 (Rae.
2117 2740 2162 2771 29,
2176 2739 2224 2767 sol.
2238 2739 2289 2766 241
2303 2744 2341 2771 ν’,

1325 2794 1354 2815 n⁰
1375 2789 1463 2821 1296.)

1365 2905 1380 2925 «
1394 2894 1541 2935 Maqistro
1555 2895 1705 2932 Johanni,
1721 2895 1802 2924 dicto
1816 2895 1989 2929 Hellekin,
2000 2893 2184 2924 subdiacono
2197 2899 2225 2924 et
2241 2894 2345 2934 cape!-

1325 2947 1395 2978 lano
1419 2954 1534 2987 nostro,
1552 2948 1698 2978 canonico
1731 2948 1852 2978 ecclesie
1880 2947 2133 2979 Constantiensis.
2160 2947 2223 2978 Illo
2251 2949 2343 2979 recta
