2659 3242
257 288 316 317 288

298 624 375 650 Sans
402 623 476 649 date

338 2328 348 2341 >)

430 2329 440 2341 1)

1062 284 1232 315 TABLES
1251 285 1309 314 DL'
1331 283 1548 313 REGISTRE
1567 283 1777 313 D'URBAIN
1796 283 1841 313 IV

1178 378 1265 404 I'ages.
1284 376 1417 398 Numeros.

618 448 771 482 quaedam
797 448 835 473 (16
861 447 929 480 ipso
954 446 1101 480 episcopo
1126 446 1216 472 sinis-

618 499 665 523 tra
717 496 780 522 sedi
819 495 1014 530 apostolicae
1052 495 1213 521 insinuata

619 546 723 571 fuisse.

1214 579 1277 598 tome
1300 577 1328 597 lV

659 621 847 654 Principem,
868 619 959 652 cujus
978 626 1091 645 nomen
1105 626 1168 645 non
1189 618 1191 650 Ι
1229 619 1259 644 ll
1286 618 1424 647 l‘2Slsibi.s

614 669 814 703 exprimitur,
846 668 951 694 laudat
987 668 1026 693 de
1057 668 1138 693 hono
1169 667 1215 701 ip-

615 718 678 744 sius
706 717 868 751 proposito
898 716 988 749 eique
1016 715 1149 741 mandat
1179 716 1213 741 ut

614 766 813 800 patriarchae
853 764 1125 797 Jerosolymitano
1169 763 1214 789 in-

615 815 722 842 tendat
735 835 741 840 .

1213 848 1276 866 tome
1299 846 1326 866 lV

653 895 771 921 Notum
795 894 871 920 facit
895 901 936 926 se,
959 900 1029 919 cum
1053 893 1134 918 inter
1156 892 1207 918 Al·
1227 895 1230 924 1
1266 892 1297 918 13
1319 891 1418 924 128115

613 945 747 976 sonsum,
777 950 879 977 rogem
907 942 1066 968 Castellae
1095 948 1129 967 ac
1154 941 1212 966 Le-

610 993 722 1025 gionis,
749 993 779 1018 et
807 991 1007 1023 Rite-cardum,
1036 990 1067 1015 in
1094 990 1209 1015 Itoma—

613 1048 724 1067 norum
752 1047 854 1073 rogem
881 1046 935 1073 per
961 1038 1132 1065 electiones
1156 1046 1212 1064 va-

613 1091 675 1116 rias
696 1090 822 1121 clectos,
845 1096 938 1122 super
959 1088 1134 1114 obtinenda
1156 1087 1213 1112 irn-

615 1139 691 1172 perii
724 1138 881 1170 tumulate
901 1136 1118 1163 contentionis
1149 1144 1214 1161 ma-

614 1187 692 1213 teria
721 1187 874 1212 suscitata
903 1186 953 1217 sit,
983 1185 1143 1210 distulisse
1169 1184 1214 1209 in-

617 1237 664 1261 ter
691 1242 743 1261 eos
768 1234 884 1267 judicis
912 1234 1018 1267 partes
1044 1239 1214 1264 assumere,

615 1284 668 1311 sed
707 1283 835 1310 tandem
876 1283 1096 1316 procuratores
1134 1282 1215 1315 regis

611 1331 769 1359 Castellae
806 1339 875 1357 cum
915 1330 1070 1356 instantia
1107 1331 1216 1363 postu-

613 1382 693 1407 lasse
719 1383 753 1407 ut
778 1381 838 1414 ipsi
862 1380 925 1413 regi
951 1379 982 1405 in
1007 1379 1065 1405 hoc
1089 1378 1217 1411 negotio

613 1429 740 1463 justitia
762 1429 977 1460 exhiberetur,
1000 1428 1219 1461 procuratores

615 1485 689 1505 vero
716 1477 865 1504 Riccardi
889 1477 1054 1509 obtulisse,
1080 1475 1149 1509 ejus
1164 1483 1218 1502 no-

616 1527 710 1555 minc,
725 1533 756 1552 se
778 1527 908 1560 paratos
929 1525 1077 1551 ecclesiae
1099 1525 1217 1551 Roma—

616 1582 677 1602 nae
706 1574 810 1601 subire
837 1574 1004 1607 judicium.
1042 1573 1142 1599 Addit
1173 1580 1214 1605 se,

617 1625 652 1650 ut
677 1624 748 1650 illos
771 1623 808 1649 ad
834 1623 920 1657 pacis
944 1622 1100 1648 unitatem
1125 1622 1216 1647 indu-

609 1674 707 1704 ceret,
734 1672 857 1698 eosdem
885 1678 938 1705 per
965 1671 1098 1696 nuncios
1123 1670 1216 1696 citari

613 1722 731 1749 fecisse,
758 1722 793 1746 ut
809 1720 836 1745 11
862 1719 912 1745 die
935 1719 1052 1745 mensis
1070 1719 1158 1747 maii,
1184 1726 1215 1744 a-

616 1770 771 1804 postolico
791 1769 975 1802 conspectui
1001 1775 1032 1794 se
1068 1774 1213 1802 praesen-

616 1821 733 1851 tarent,
779 1819 831 1844 scd
875 1817 1031 1843 neminem
1076 1817 1213 1843 termino

616 1869 794 1894 memorato
837 1866 1060 1901 comparuisse.
1103 1866 1215 1892 Proro—

617 1918 673 1949 gat
703 1916 872 1942 terminum
901 1922 999 1949 usque
1027 1915 1066 1940 ad
1094 1920 1212 1940 annum

617 1965 868 1998 conll‘mtandum
887 1972 904 1989 a
923 1964 1002 1990 festo
1021 1964 1051 1989 b.
1069 1963 1216 1989 Andreae

619 2013 762 2047 proxime
798 2014 942 2038 venturo.

1215 2047 1278 2066 tome
1300 2045 1329 2066 lV

656 2092 854 2118 Elec-tionem
898 2090 1059 2117 (ζ’-1111161161
1102 2091 1232 2123 116604
1270 2091 1416 2122 1312521

617 2141 666 2167 nis
693 2141 724 2166 in
750 2140 899 2166 abbatem
926 2140 1135 2165 tilectcnsem.
1162 2139 1215 2165 ab·

617 2190 690 2215 hate
712 2196 735 2215 s.
758 2188 926 2221 l'olycarpi
950 2188 1079 2214 minime
1101 2194 1215 2214 convo-

618 2239 701 2269 cato,
729 2237 851 2263 irritam
879 2236 1031 2262 decernit.

1215 2271 1279 2291 tome
1301 2270 1330 2291 lV

661 2317 705 2342 Dc
734 2316 912 2350 provisione
939 2315 1066 2341 abbatis
1087 2317 1233 2347 monas-1
1274 2316 1303 2341 l<t
1327 2315 1424 2347 12822

616 2365 685 2391 terii
721 2364 988 2391 Fucardimontis.
1218 2373 1281 2391 tome
1301 2371 1330 2392 ιν

657 2414 703 2439 Do
741 2413 898 2439 solutione
937 2412 1119 2439 debitorum
1154 2410 1235 2443 (la-l
1283 2422 1292 2435 »
1325 2412 1421 2445 12823

615 2463 803 2489 meracensis
834 2462 992 2489 ecclcsiae.
1219 2470 1281 2490 tome
1301 2469 1330 2490 lv

658 2511 808 2544 Magistro
843 2510 999 2542 Lamino,
1036 2510 1121 2536 dicto
1157 2508 1233 2541 Ι)ι“-Ι
1283 2519 1294 2533 n
1326 2510 1422 2541 12824

620 2559 670 2593 lai,
699 2559 851 2585 canonico
881 2558 1030 2584 ecclcsiae
1058 2565 1081 2584 s.
1109 2558 1218 2584 Amati

621 2608 803 2640 Duacensis,
847 2607 1071 2633 Atrehatensis
1115 2607 1217 2633 dioce-

617 2657 667 2689 sis,
697 2657 839 2690 indulget
868 2658 901 2682 ut,
928 2656 1033 2682 nullus
1050 2655 1110 2689 ipsi
1132 2662 1219 2689 prae-

617 2706 736 2731 feratur
769 2705 800 2731 in
834 2705 1033 2731 assecutione
1066 2705 1217 2738 praehen-

618 2754 677 2780 dae
700 2753 841 2786 ejusdem
864 2761 887 2780 s.
912 2753 1019 2779 Amati
1043 2752 1217 2779 Duacensis

617 2802 776 2828 ecclcsiae.

1216 2836 1279 2856 tome
1301 2835 1329 2856 lV

657 2881 823 2907 Nicolaum
876 2881 913 2907 (lo
972 2880 1213 2915 Montigniacol
1268 2879 1421 2912 1512825

614 2930 764 2964 magistro
809 2930 971 2963 Stephano
1015 2929 1054 2955 de
1099 2929 1213 2955 Bosco-

1499 638 1578 665 5665
1600 639 1674 665 date

1561 1812 1570 1825 J)
1655 1812 1665 1825 >¹¹

1566 2056 1575 2069 ))
1660 2056 1669 2068 )1

2404 381 2490 408 Pages.
2509 382 2640 405 Numeron-

1841 453 2013 479 commum,
2057 447 2223 481 capellano
2268 448 2444 482 apostolico

1841 494 2082 528 praeferendum
2124 502 2191 522 esse
2230 496 2370 523 declarat
2411 497 2443 524 in

1842 543 2042 569 assecutione
2067 544 2266 578 praebendae
2291 545 2323 571 in
2347 546 2444 572 eccle-

1845 592 1890 618 sia
1919 592 1948 617 b.
1976 591 2109 618 Martini
2135 593 2339 621 Turonensis.
2459 603 2563 624 tomelv

1879 641 2162 675 Archiepiscopum
2203 641 2458 676 Compostella—l
2493 643 2647 678 1512826

1845 696 1918 715 num
1954 689 1985 715 in
2020 689 2072 723 jus
2105 690 2247 717 restituit
2282 691 2446 725 episcopos

1840 738 2046 764 consecrandi
2092 739 2123 764 et
2167 738 2384 765 confirmandi
2427 745 2445 765 a

1842 793 1903 820 quo
1935 788 2029 812 antea
2058 793 2230 820 suspensus
2258 788 2337 813 erat.

2442 841 2506 862 tome
2527 840 2556 862 tv

1888 883 2097 916 Ludovicum,
2114 890 2217 917 regem
2233 883 2437 918 Francorum,
2457 884 2462 916 1
2498 884 2533 911 16
2552 884 2650 917 12827

1840 934 1989 959 hortatur
2011 933 2045 957 ut
2067 932 2106 957 ad
2127 932 2365 958 reformandam
2387 939 2443 967 pa-

1841 988 1906 1007 cem
1935 980 2016 1006 inter
2039 978 2234 1007 carnotense
2259 981 2438 1015 capitulum

1842 1033 1869 1057 et
1917 1031 2067 1057 comitem
2117 1030 2296 1056 Blesensem
2349 1036 2444 1064 super

1842 1080 2052 1106 advocatione
2094 1078 2300 1105 servientium
2343 1078 2444 1113 ipsius

1840 1129 1973 1162 capituli
1998 1129 2029 1155 et
2055 1128 2126 1154 aliis
2150 1127 2293 1154 articulis
2317 1127 2446 1161 litigan-

1840 1178 1897 1210 tes,
1923 1177 2090 1205 dili-:enter
2115 1175 2274 1202 intendat.
2457 1186 2518 1204 mne
2532 1183 2565 1203 lv

1883 1225 1919 1251 In
1942 1232 1967 1251 e.
1991 1233 2032 1251 m.
2056 1225 2289 1258 archiepiscopo
2313 1223 2457 1257 Bothe-l
2506 1234 2518 1248 ι
2550 1225 2651 1258 12828

1843 1274 1995 1307 magensi.

1884 1323 1918 1348 ln
1951 1329 1976 1348 e.
2007 1330 2049 1348 m.
2080 1322 2249 1348 parisiensi
2279 1322 2437 1356 episeopo.
2455 1330 2515 1350 tom‘e
2529 1329 2563 1350 1v

1880 1370 2064 1405 Capitulum
2102 1370 2296 1397 tiarnotense
2332 1370 2461 1402 horta-l
2511 1380 2522 1394 ι
2553 1370 2654 1403 12829

1845 1421 1898 1445 tur
1927 1420 1964 1445 ad
1992 1419 2227 1445 reiormandam
2255 1419 2336 1445 inter
2361 1419 2448 1453 ipsos

1846 1470 1877 1494 et
1916 1468 2066 1495 comitem
2102 1468 2283 1494 Blesensem
2321 1474 2449 1494 concor-

1844 1517 1942 1543 diam.
2475 1523 2582 1544 tomelv

1881 1564 2042 1592 Comitem
2078 1565 2263 1592 Blesensem
2291 1565 2465 1598 hortatui-1
2514 1574 2526 1589 ι
2557 1564 2656 1598 12831)

1845 1610 1885 1636 ad
1911 1610 2147 1636 reformandam
2176 1610 2261 1635 inter
2285 1609 2389 1643 ipsum
2415 1611 2447 1636 et

1845 1659 1931 1693 capit
1939 1659 2025 1685 ulum
2068 1656 2266 1685 Carnotense
2309 1664 2439 1685 concor-

1846 1708 1946 1734 diam.

2447 1754 2511 1775 tome
2532 1753 2562 1775 {V

1889 1801 2022 1827 Pisanos
2050 1800 2200 1826 hortatur
2229 1800 2266 1826 ut
2295 1806 2313 1826 a
2332 1798 2465 1831 favore!
2503 1799 2537 1826 16
2557 1799 2651 1832 12831

1841 1849 2010 1881 Manfredi,
2033 1848 2193 1882 quondam
2214 1847 2370 1882 principis
2387 1850 2448 1876 'la-

1843 1898 1972 1930 rentini,
1998 1899 2026 1924 et
2056 1904 2072 1923 a
2097 1897 2324 1926 molestatione
2346 1896 2448 1923 Luca-

1844 1945 2466 1978 norum,ecclesiaefidelium,de=i=tant.

2445 1998 2509 2018 tome
2531 1997 2560 2018 lv

1884 2044 2018 2070 Pisanos
2049 2043 2199 2069 hortatur
2231 2043 2266 2068 ut
2295 2042 2465 2076 captivos}
2502 2042 2654 2074 1812632

1841 2094 1988 2119 Lucanos
2012 2092 2140 2118 omnino
2154 2091 2300 2118 libertati
2309 2090 2447 2118 reddant

1843 2142 1895 2168 vel
1928 2142 2042 2167 saltem
2074 2140 2212 2167 humane
2245 2141 2276 2167 et
2310 2140 2445 2174 benigne

1844 2191 1996 2217 tractent.
2466 2199 2526 2216 tome
2542 2196 2574 2216 n·

1882 2240 2015 2265 Pisanos
2039 2238 2188 2265 hortatur
2213 2239 2247 2264 ut
2275 2237 2315 2264 ad
2341 2237 2459 2269 eccle—l
2509 2246 2520 2260 ι
2551 2236 2648 2270 12633

1843 2288 1907 2314 siae
1936 2287 2129 2313 fidelitatem
2156 2286 2300 2313 redeant..

2445 2339 2509 2359 tome
2530 2337 2560 2358 lv

1878 2386 2103 2419 Margaretam,
2146 2384 2287 2418 reginam
2339 2383 2460 2415 Fran-l
2498 2382 2650 2415 1912834

1845 2442 1963 2468 corum,
1999 2435 2148 2461 hortatur
2182 2434 2213 2459 ut
2251 2439 2343 2459 suum
2377 2431 2443 2458 ani-

1842 2491 1929 2510 mum
1959 2490 2030 2509 cum
2059 2482 2185 2514 Carolo,
2215 2482 2332 2508 comite
2370 2482 2446 2508 Pro-

1841 2533 1977 2562 vinciae,
1997 2538 2148 2565 germano
2171 2537 2237 2562 sua,
2258 2530 2299 2556 ad
2319 2536 2446 2556 concor-

1843 2582 1927 2608 diam
1958 2582 1986 2607 et
2019 2587 2128 2614 pacem
2159 2579 2301 2606 inclinet.
2464 2589 2524 2606 inme
2538 2585 2572 2605 tv

1881 2629 2091 2661 Ludovicum,
2136 2635 2241 2662 regem
2278 2627 2436 2658 Franco-l
2493 2636 2505 2650 ι
2551 2625 2650 2658 12835

1841 2686 1923 2711 rum,
1960 2679 2108 2704 hortatur
2144 2679 2177 2703 ut
2208 2676 2443 2703 auxiliatricem

1842 2734 1971 2754 manum
1992 2733 2081 2753 suam
2102 2725 2253 2752 extendat
2278 2725 2318 2751 ad
2338 2730 2443 2759 praes—

1842 2776 1977 2803 tandum
2014 2778 2129 2803 Terrae
2167 2775 2304 2800 >anctae
2343 2773 2445 2800 subsi-

1842 2825 1940 2851 dium.
2463 2832 2523 2849 tone
2539 2827 2570 2848 lv

1879 2872 2039 2907 Episcopo
2065 2871 2254 2897 Bon-acensi
2275 2870 2458 2905 significat}
2507 2878 2519 2892 ι
2550 2867 2648 2901 12836

1840 2929 1871 2950 56
1881 2922 2045 2949 ecclesiam
2072 2921 2300 2948 Belvacensem
2327 2925 2441 2953 grava·
