2659 3242
159 234 222 264 210
1012 233 1183 264 TABLES
1209 233 1270 264 DU
1297 232 1515 264 REGISTRE
1541 233 1751 264 D'URBAIN
1778 235 1814 265 lx

1089 328 1174 355 rages.
1196 328 1326 350 Numeros.
2309 332 2394 360 rages.
2416 333 2551 356 Numero&

521 385 612 418 ‘'Tri‘i
639 386 732 412 unius
751 385 824 411 anni
845 385 1082 419 indfflgentiam·
1404 396 1477 425 1264
1563 399 1687 428 Orvielo.
1784 401 1895 427 Eidem
1932 402 2082 429 cardinali
2119 402 2262 437 indulget
2289 404 2325 430 ut
2344 399 2449 441 13991
2487 401 2549 431 823

1382 455 1444 482 mai
1499 457 1527 484 3.
1599 473 1638 477 ψ
1741 458 1922 493 dispensare
1956 459 2062 486 valeat
2101 466 2193 495 super
2225 460 2339 496 irregu-

178 491 256 523 1264
327 491 518 532 Orvielo.2{{¹}2¹
561 495 671 521 Eidem
685 496 829 522 concedit
847 495 1034 524 facultatem
1051 504 1121 524 con-
1142 496 1222 536 1399
1242 495 1246 535 1
1264 496 1322 523 819
1742 515 1868 542 larinate
1889 523 1960 543 cum
1982 516 2025 543 eis
2045 518 2100 552 qui
2127 518 2338 546 excommuni-

158 545 221 571 mai
246 545 276 571 53.

524 544 654 571 cedendi
671 544 766 572 trium
785 552 938 571 annorum
956 545 1116 580 indulgen-

522 597 600 623 tiam
623 598 654 624 in
677 598 788 624 diebus
810 598 1045 625 dedicationum
1068 606 1114 626 ec-

522 646 685 673 clesiarum
705 647 916 680 Carnotensis,
940 648 1114 675 Rothoma-

521 695 623 730 gensis
648 697 680 722 et
704 696 930 729 Laudunensis,
958 697 983 723 si
1008 703 1115 724 earum

522 745 773 772 dedicationibus
822 745 908 772 illum
965 746 1114 772 interesse

522 793 696 828 contigerit,
730 794 875 821 omnibus
905 801 977 821 vere
1007 795 1110 829 poeni-

520 843 662 870 tentibus
684 844 716 869 et
738 842 888 870 confessis
908 843 963 878 qui
986 844 1025 870 ad
1049 850 1113 870 eas-

520 893 591 919 dem
626 892 777 924 ecclesias,
816 892 847 919 in
882 892 990 919 [liebus
1026 892 1110 919 dedi-

521 942 680 969 cationum
721 942 869 976 ipsarum,
913 941 1108 969 accesserint.

557 1053 667 1079 Eidem
683 1053 826 1079 concedit
843 1063 854 1077 α
870 1055 913 1086 ut,
932 1053 957 1079 si
975 1053 1030 1088 qui
1050 1058 1116 1087 pre·
1137 1050 1142 1091 1
1157 1051 1218 1079 399
1238 1050 1244 1091 1
1260 1050 1314 1079 821

518 1106 574 1133 lati
596 1106 647 1132 vel
670 1106 729 1132 alie
751 1113 882 1141 persone
905 1105 1113 1133 ecclesiastice

519 1162 572 1182 sue
602 1155 774 1189 legationis,
806 1154 1108 1182 excommunicando

516 1207 625 1233 contra
648 1206 788 1232 tenorem
811 1203 1048 1230 constitutionis
1068 1203 1111 1230 fe-

518 1255 584 1281 licis
607 1254 831 1281 recordationis
856 1250 1111 1290 Innocentiiffpa-

515 1311 562 1338 pe,
580 1303 792 1338 suspensionis
806 1302 996 1329 sententiam
1010 1302 1111 1329 incur-

517 1355 633 1387 rerunt,
656 1354 688 1380 et
709 1353 751 1379 sic
772 1352 922 1387 suspensi,
945 1358 977 1378 se
997 1352 1112 1379 divinis

517 1402 630 1429 officiis
653 1402 847 1437 ingesserunt
871 1412 891 1434 »,
916 1400 1016 1436 possit
1040 1408 1110 1428 cum

517 1452 560 1479 eis
588 1458 681 1486 super
708 1451 938 1485 irregularitate
966 1450 1009 1477 sic
1037 1457 1108 1477 con-

516 1502 628 1534 tracta,
653 1500 842 1534 dispensare.

522 1632 524 1635 .
555 1611 665 1638 Eidem
680 1611 829 1639 cardinali
844 1611 989 1638 concedit
1005 1612 1040 1637 ut
1060 1611 1112 1637 ab·
1133 1609 1138 1649 1
1155 1611 1215 1638 399
1236 1609 1241 1650 1
1258 1610 1317 1639 822

515 1665 680 1692 solutionis
707 1664 896 1691 beneficium
921 1664 1027 1691 valeat
1054 1665 1109 1690 im-

516 1714 625 1749 pertiri
655 1723 666 1738 «
696 1713 754 1740 illis
781 1713 837 1748 qui
866 1720 921 1748 per
950 1713 1110 1747 delegatos

517 1763 688 1798 apostolice
712 1762 793 1789 sedis
816 1763 866 1789 vel
890 1762 1111 1797 subdelegatos

516 1820 623 1839 eorum
661 1811 995 1839 excommunicationis
1033 1813 1107 1839 sunt

516 1861 671 1889 sententia
692 1860 834 1887 innodati
855 1861 886 1887 et
907 1860 1027 1887 absolvi
1047 1867 1110 1888 non

515 1912 656 1946 possunt,
675 1917 746 1936 cum
776 1909 957 1943 hujusmodi
985 1909 1108 1943 judices

516 1960 600 1986 viam
633 1960 706 1985 sunt
737 1958 900 1985 universae
931 1958 1032 1986 carnis
1062 1958 1106 1985 in-

517 2008 612 2043 gressi
639 2008 689 2035 vel
718 2008 794 2034 alias
821 2007 1106 2034 excommunicato-

515 2065 584 2085 rum
619 2063 745 2083 suorum
789 2055 966 2090 jurisdictio
1005 2056 1106 2091 exspi-

516 2106 643 2134 raverit.

553 2211 592 2241 S.,
614 2208 699 2235 tituli
724 2215 747 2235 s.
771 2208 903 2234 Ceciliae
926 2208 1110 2242 presbytero
1130 2208 1135 2248 1
1152 2209 1212 2236 400
1232 2209 1237 2248 1
1254 2210 1306 2237 83]

513 2262 671 2294 cardinali,
686 2262 829 2288 concedit
844 2261 1031 2288 facultatem
1047 2262 1106 2289 dis-

513 2311 665 2347 pensandi
695 2318 766 2338 cum
795 2311 937 2346 quinque
966 2311 1107 2346 personis

512 2361 677 2396 utriusque
702 2367 802 2393 sexus,
831 2359 955 2386 etiamsi
980 2367 1106 2394 magna-

511 2412 559 2438 tes
578 2410 705 2442 fuerint,
729 2416 819 2444 saper
838 2410 954 2444 quarto
976 2416 1106 2436 consan-

510 2459 676 2494 guinitatis
689 2459 796 2493 gradu,
815 2459 854 2485 ad
870 2458 1106 2486 matrimonium

511 2509 772 2537 contrahendum.

549 2629 660 2656 Eidem
693 2628 845 2656 cardinali
877 2628 1022 2656 concedit
1045 2627 1090 2656 fa·
1109 2625 1214 2667 14001
1253 2629 1311 2658 832

508 2682 660 2710 cultatem
679 2682 805 2716 dispens
823 2682 897 2709 andi
917 2689 988 2709 cum
1012 2682 1103 2718 quin-

507 2739 569 2768 que
602 2732 720 2759 clericis
753 2739 846 2767 super
879 2731 1103 2759 beneficiorum

507 2781 699 2816 pluralitate.

1741 564 1874 591 cationis
1916 567 1948 592 et
1994 565 2153 593 interdicti
2196 566 2340 595 innodati

1742 614 1914 646 sententiis,
1937 621 2040 641 sacros
2060 615 2184 642 ordines
2202 615 2340 650 recipere

1741 663 1790 688 vel
1816 662 1847 689 in
1873 663 1916 689 eis
1941 663 2120 690 ministrare
2155 671 2337 701 praesump-

1741 711 1845 739 serint.

1779 805 1890 832 Eidem
1907 806 2057 833 cardinali
2076 806 2220 833 concedit
2245 806 2343 834 facul·
2361 804 2366 845 1
2384 807 2444 835 399
2462 805 2468 846 1
2506 806 2547 836 82

1739 865 1839 890 tatem
1858 865 1893 889 ut
1911 874 1922 887 «x
1940 871 2011 890 cum
2029 864 2199 897 quuslibet
2216 864 2336 899 religio—

1738 912 1785 939 nis
1819 912 1968 946 personiS,
2006 912 2234 948 cujuscumque
2274 913 2336 941 sint

1738 962 1863 993 ordinisy
1888 969 1950 997 que
1975 962 2050 989 dato
2075 962 2181 997 aliquo
2204 968 2261 996 pro
2285 970 2336 990 ac-

1735 1010 1896 1047 quirendis
1924 1011 1975 1037 vel
2004 1012 2131 1045 recepto
2160 1018 2217 1046 pro
2247 1012 2332 1039 exhi-

1738 1060 1847 1088 bendis
1868 1061 1943 1087 locis
1965 1060 1997 1087 in
2019 1061 2227 1095 monasteriis,
2252 1067 2334 1088 com-

1737 1111 1889 1137 miserunt
1931 1110 2149 1144 symoniacam
2191 1110 2331 1145 pravita-

1737 1161 1801 1187 tem
1824 1170 1844 1192 ι»,
1869 1160 1978 1194 possit,
2003 1161 2098 1194 prout
2121 1159 2269 1195 expedire
2289 1160 2334 1187 vi-

1737 1209 1832 1242 derit;
1859 1209 2048 1243 dispensare.

1776 1303 1887 1329 Eidem
1926 1302 2076 1329 cardinali
2115 1302 2260 1329 concedit
2292 1302 2336 1329 fa·
2359 1300 2440 1340 1399
2460 1301 2545 1342 1825

1735 1360 1889 1387 cultatem
1914 1368 1984 1387 cum
2010 1360 2128 1387 clericis
2153 1367 2228 1387 suae
2251 1360 2332 1396 lega-

1736 1410 1830 1438 tionis
1846 1416 1939 1444 super
1956 1409 2083 1437 deiectu
2100 1410 2255 1437 natalium
2272 1409 2332 1437 dis-

1734 1459 1898 1495 pensandi.

1775 1554 1887 1581 Eidem
1929 1553 2080 1580 cardinali
2122 1553 2264 1588 indulget
2302 1554 2337 1580 ut
2358 1551 2438 1592 1399
2457 1551 2544 1593 1826

1736 1620 1807 1640 cum
1842 1611 1982 1647 personis
2017 1611 2237 1639 ecelesiasticis
2272 1611 2332 1640 dis-

1735 1668 1866 1697 pensare
1891 1661 1997 1689 valeat
2025 1663 2069 1694 ut,
2099 1661 2225 1688 deiectu
2252 1662 2332 1689 ordi-

1736 1719 1810 1738 num
1831 1712 1863 1738 et
1883 1710 1998 1738 aetatis
2018 1718 2080 1737 non
2101 1711 2258 1744 obstante,
2281 1711 2332 1738 be-

1735 1761 1847 1788 neficia
1874 1760 2093 1793 ecclesiastica,
2122 1761 2248 1788 etiamsi
2279 1760 2330 1787 be-

1735 1810 1847 1838 neficia
1889 1811 2028 1837 habeant
2074 1817 2182 1838 curam
2218 1809 2336 1838 anima-

1734 1868 1804 1888 rum
1839 1865 2005 1892 annexam,
2039 1860 2164 1895 assequi
2198 1859 2330 1894 possint.

1771 1956 1882 1984 Eidem
1920 1955 2071 1982 cardinali
2111 1953 2255 1988 indulget
2297 1953 2333 1978 ut
2354 1950 2358 1991 1
2375 1951 2434 1978 400
2454 1949 2538 1991 1827

1733 2015 1850 2042 clericis
1883 2014 1946 2041 suis
1978 2013 2203 2040 beneficiorum
2236 2011 2330 2038 eccle-

1733 2065 1930 2091 siasticorum
1955 2064 2129 2098 proventus
2153 2068 2225 2088 cum
2250 2060 2328 2087 inte-

1732 2114 1848 2148 gritate
1865 2112 2036 2139 ministrari
2052 2111 2160 2144 saciat,
2180 2117 2243 2137 non
2261 2109 2329 2136 obs·

1733 2164 1822 2191 tante
1839 2163 1924 2198 quod
1945 2161 2148 2188 residentiam
2167 2166 2231 2187 non
2248 2158 2328 2186 fece-

1732 2214 1796 2240 rint
1817 2212 2026 2247 personalem.

1770 2303 1881 2329 Eidem
1899 2300 2050 2328 cardinali
2069 2300 2211 2334 indulget
2233 2297 2330 2325 facul·
2352 2296 2356 2336 1
2373 2297 2434 2325 400
2453 2295 2459 2337 1
2475 2295 2540 2326 828

1731 2354 1831 2379 tatem
1851 2349 2031 2378 assumendi
2050 2350 2084 2376 et
2102 2347 2262 2375 retinendi
2282 2348 2323 2375 ad

1731 2409 1785 2428 sua
1830 2400 1981 2435 obsequia
2029 2400 2248 2435 quotcumque
2293 2399 2325 2424 et

1729 2456 1947 2487 quoscumque
1964 2447 2100 2476 voluerit
2119 2448 2157 2474 de
2175 2446 2328 2474 fratribus

1732 2501 1989 2528 praedicatorum
2012 2500 2043 2525 et
2065 2498 2223 2525 Minorum
2246 2496 2326 2524 ordi-

1731 2557 1817 2578 num.

1770 2640 1882 2667 Eidem
1919 2638 2071 2666 cardinali
2109 2637 2255 2664 concedit
2286 2636 2331 2664 fa·
2353 2634 2434 2674 1400
2452 2634 2534 2675 1833

1729 2699 1882 2726 cultatem
1910 2709 1921 2722 «ι
1947 2696 2139 2724 concedendi
2164 2695 2326 2722 licentiam

1728 2748 1880 2775 tratribus
1909 2747 2056 2773 ordinum
2086 2744 2326 2772 predicatorum

1727 2800 1760 2825 et
1773 2797 1938 2829 hunorum,
1954 2802 2035 2831 quos
2049 2795 2089 2822 ad
2103 2801 2159 2821 sua
2174 2793 2325 2829 obsequia

1727 2847 1853 2874 duxerit
1879 2845 2069 2877 retinendos,
2099 2842 2265 2879 equitandi
2290 2841 2324 2869 li-

1690 2885 1704 2894 v
1726 2897 1799 2924 bere
1833 2898 1865 2923 et
1901 2894 2096 2930 ingrediendi
2131 2892 2323 2920 monasteria
