2519 3262
1075 315 1314 352 TROISHL‘ME
1342 321 1431 351 ANN
1439 315 1503 351 EF„

848 405 971 434 Orvivto,
989 406 1019 432 21
1039 405 1095 432 111111
1117 405 1192 432 1204.

344 408 441 438 2749

288 490 379 517 Priori
406 490 532 517 llrivensi
562 490 679 517 mandat
697 493 725 516 ut
752 491 926 516 Bernardum
946 489 1066 524 Alhoyni
1087 490 1150 523 (sic)
1170 489 1198 515 in
1217 497 1264 515 ca-

253 539 404 566 nonicatus
425 542 451 566 et
474 539 651 573 praebendae
676 539 886 573 possessionem
914 539 1022 565 mittat.
1043 538 1118 569 (Rrec.
1145 538 1190 571 29,
1214 537 1262 564 sol.

252 589 316 618 335,
339 594 370 614 n⁰
388 589 476 620 18110.)

293 705 306 722 (t
332 717 362 722 ..
386 694 486 733 priori
511 694 663 730 Briucnsi,
691 693 911 723 Lemovicensis
943 692 1082 721 diocesis.
1115 691 1262 721 Grandis

252 748 391 777 affectus
416 750 477 777 etc.
506 747 631 777 Datum
656 747 744 785 apud
763 746 1051 779 Urbemveterem,
1078 753 1124 774 xn
1147 744 1258 774 kalen-

252 801 312 830 das
326 800 426 838 junii,
446 808 533 830 anno
549 800 660 830 tertio.
682 809 696 828 1)

849 974 971 1005 Orvieto,
986 974 1017 1000 21
1035 974 1092 1000 mai
1108 974 1188 1001 1205.

342 977 439 1008 2750

286 1060 384 1086 Eidem
399 1060 517 1086 mandat
534 1062 565 1086 ut
579 1060 721 1086 Bernardo
736 1058 847 1085 Alboiui
865 1059 927 1093 (sic)
939 1059 972 1085 de
986 1060 1145 1093 personatu
1161 1057 1203 1084 vel
1217 1058 1260 1084 di-

251 1109 359 1143 gnitate
388 1108 535 1143 provideat
563 1108 591 1135 in
619 1108 815 1134 Lemovicensi
832 1110 880 1134 aut
907 1107 1078 1134 Dauratcnsi
1099 1109 1148 1134 aut
1168 1116 1191 1133 3.
1211 1107 1260 1133 Ju-

251 1157 327 1183 niani
350 1165 400 1183 seu
425 1166 448 1184 s.
464 1156 559 1183 Aredii
577 1158 619 1183 vel
638 1157 777 1183 Aetitensi
801 1156 941 1187 ccelesiis,
971 1156 1183 1183 Lemovicensis
1199 1156 1259 1183 dio-

250 1206 332 1233 cesis.
348 1206 427 1241 (Rau.
449 1207 492 1238 29,
512 1206 560 1233 sol.
581 1206 643 1239 335,
660 1211 691 1232 n⁰
712 1206 801 1241 1801.)

288 1326 303 1345 (1
322 1315 446 1345 Eidmn,
474 1315 621 1346 Grandis
649 1315 788 1345 affectus
815 1323 915 1353 quem
941 1332 991 1343 —.
1020 1314 1143 1344 Datum
1169 1314 1259 1352 apud

248 1369 535 1402 Urbemveterem,
556 1378 600 1397 xn
619 1368 783 1398 kalendas
796 1368 895 1405 junii,
913 1376 999 1397 anno
1018 1367 1128 1397 tertio.
1151 1377 1166 1396 »

338 1546 430 1576 27Ξί1
841 1544 964 1571 Orvieto.
981 1544 1015 1571 20
1033 1543 1089 1569 mai
1110 1543 1185 1570 mot.

284 1629 423 1663 Episcopo
444 1628 640 1656 Lemovicensi
661 1628 827 1655 facultatem
855 1629 978 1655 concedit
1006 1629 1051 1654 uni
1068 1636 1103 1654 cx
1121 1628 1180 1654 suis
1199 1628 1258 1654 cle·

248 1678 315 1704 rivis
344 1678 544 1704 canonicatum
570 1680 598 1704 et
626 1678 818 1712 praebendam
847 1678 874 1704 in
898 1677 1018 1705 ecclesia
1053 1677 1258 1704 Lemovieensi

247 1727 419 1753 conserendi.
440 1727 518 1761 (RE-2.
536 1728 581 1760 29,
600 1726 649 1753 sol.
665 1727 727 1758 3323,
741 1731 772 1752 11ο
786 1726 877 1761 1802.)

286 1845 300 1863 «
322 1834 474 1874 Episcopo
491 1834 705 1863 Lemovicensi.
729 1834 835 1864 Tuam
854 1833 1005 1863 volentes
1024 1833 1187 1862 honorare
1206 1850 1256 1863 —.

244 1889 367 1918 Datum
383 1888 471 1926 apud
491 1887 778 1923 Urbemveterem,
796 1896 857 1916 xiu
878 1886 1040 1917 kalendas
1051 1886 1151 1924 junii,
1167 1894 1256 1916 anno

244 1941 355 1972 tertio.
379 1952 392 1967 11

333 2113 429 2144 2752
830 2111 957 2143 Orvivto,
978 2111 1007 2137 19
1030 2111 1086 2137 mai
1103 2111 1181 2138 1202.

276 2197 374 2223 Eidem
401 2196 531 2223 concedit
557 2196 724 2223 facultatem
744 2206 757 2221 <r
783 2197 967 2230 dispensandi
989 2204 1054 2222 cum
1070 2197 1179 2223 duobus
1198 2197 1254 2223 civ-

241 2245 308 2272 ricis
332 2245 389 2272 suis
416 2246 489 2279 quod
513 2253 613 2272 eorum
639 2245 757 2280 quilibet
785 2248 881 2279 preter
899 2245 1035 2272 beneficia
1055 2245 1253 2272 ecclesiastica

240 2303 292 2329 que
314 2302 377 2320 cum
399 2302 466 2321 cura
490 2293 533 2321 vel
555 2293 616 2320 sine
634 2302 701 2321 cura
719 2294 830 2320 obtinet
851 2294 1026 2324 animarum,
1048 2294 1139 2321 adhuc
1163 2303 1251 2321 unum

240 2344 411 2370 beneticium
428 2344 666 2375 ecclesiasticum,
678 2346 864 2378 personatum
881 2344 1117 2377 vcidignitatem,
1131 2344 1252 2371 etiamsi

240 2401 339 2419 <airam
360 2393 525 2419 animarum
548 2393 683 2424 habeant,
706 2393 784 2420 licite
810 2393 936 2428 recipere
954 2402 986 2420 uc
1012 2394 1100 2420 libcrc
1122 2402 1186 2420 cum
1207 2395 1254 2420 ob-

241 2441 327 2468 tentis
342 2441 434 2468 valeat
447 2442 580 2468 retinere.
600 2452 613 2467 »
629 2442 704 2474 (Rau.
722 2443 766 2475 29,
786 2442 836 2469 sol.
851 2442 904 2470 335
918 2448 954 2475 νῦ,
971 2447 1003 2468 n⁰
1021 2443 1111 2478 1803.)

280 2560 294 2579 (1
319 2550 473 2590 Episcopo
496 2550 709 2581 Lemovicmzsi.
728 2552 927 2582 Devotionis
945 2553 1000 2582 tue
1018 2551 1183 2590 precibus
1199 2571 1250 2581 -—.

239 2604 364 2634 Datum
382 2604 470 2642 apud
486 2604 774 2638 Urbemveterem,
788 2614 861 2634 xnu
872 2605 1033 2635 kalendas
1046 2605 1151 2645 Junii‚
1165 2614 1252 2636 anno

239 2657 351 2687 tertio.
371 2665 387 2685 »

836 2833 959 2866 Orvieto,
975 2834 1009 2861 20
1026 2835 1084 2862 mai
1098 2835 1177 2862 1204.

330 2833 426 2863 2753

276 2916 374 2942 Eidem
394 2916 524 2943 concedit
543 2915 710 2943 facultatem
727 2918 849 2950 quatuor
875 2918 1005 2951 personis
1030 2917 1139 2946 idoneis
1161 2919 1189 2946 in
1211 2921 1252 2946 to-

240 2964 328 2991 tidem
351 2964 510 2999 collegiatis
529 2964 658 2991 ecclesiis
685 2965 860 2992 secularibus
876 2974 943 2993 suae
961 2966 1082 2994 diocesis
1099 2967 1251 2994 canonica-

240 3016 284 3040 tus
299 3016 325 3041 et
343 3014 519 3049 praebendas
533 3013 710 3041 conserendi.
726 3014 808 3049 (11110.
823 3016 868 3046 29,
884 3014 933 3042 sol.
949 3016 1001 3043 335
1019 3022 1056 3048 νο,
1073 3022 1102 3043 n⁶
1119 3016 1212 3052 1804.)

2271 332 2328 359 [4ss13

1363 414 1377 431 «
1396 404 1518 434 Eidem.
1539 405 1646 435 Tuam
1671 407 1819 436 volentes
1844 407 2008 437 honorare
2031 426 2080 437 —.
2098 410 2219 439 Datum
2243 413 2328 449 apuul

1323 457 1611 493 Urbemveterem,
1631 467 1689 488 xui
1710 459 1873 490 kalendas
1888 460 1988 499 Junii‚
2010 471 2096 492 anno
2113 463 2221 493 tertio,
2242 473 2257 491 »

1409 639 1480 669 275
1491 639 1507 669 ἰ

1905 641 2028 671 (trvieto,
2047 642 2076 668 21
2102 643 2158 669 mai
2181 644 2255 670 taut.

1355 727 1399 759 A„
1425 726 1560 761 episcopo
1579 727 1787 753 immovit-ensi.
1806 728 1930 762 indulget
1951 732 1978 755 ut
1998 730 2139 763 prioratus
2157 733 2190 757 116
2213 733 2329 759 Manlius·

1319 777 1344 801 ct
1363 775 1396 801 de
1418 775 1582 808 Manu-alic,
1600 776 1812 803 Lcmovicensis
1830 777 1962 805 diocesis.
1986 786 2096 805 nes-,non
2114 783 2137 805 ct
2162 781 2278 807 domum
2295 783 2329 807 dc

1319 823 1532 850 Stricto-Cornu
1561 833 1625 850 cum
1654 824 1818 859 episcopatu
1848 826 2044 853 Lcmovicensi
2074 828 2197 854 retinere
2226 830 2327 857 valeat

1319 873 1400 899 ‹REG⁴
1416 874 1460 900 120.
1479 872 1527 900 sol.
1545 873 1598 900 335
1613 879 1650 906 ν’,
1668 879 1696 899 11ο
1715 874 1804 908 1805.)

1359 983 1447 1018 (1.1,
1475 983 1616 1022 episcopo
1647 983 1860 1013 Lemovieensi.
1894 985 2026 1015 Meritis
2059 988 2114 1016 tue.
2152 987 2330 1025 probitatis

1318 1035 1511 1066 inducimur
1535 1040 1570 1066 ut
1587 1037 1645 1066 tibi
1677 1038 1858 1075 specialem
1877 1039 2021 1077 gratiam
2048 1040 2223 1071 faciamus.
2245 1042 2329 1073 Sane

1318 1089 1437 1127 petitio
1463 1091 1520 1120 tua
1544 1090 1643 1120 nobis
1672 1091 1823 1121 exhibita
1851 1092 2042 1123 continebat
2069 1095 2168 1131 quod,
2195 1104 2268 1125 cum
2289 1096 2329 1126 de

1318 1143 1458 1173 Manliae
1477 1145 1508 1173 et
1526 1144 1565 1173 de
1583 1144 1767 1174 Maravalle
1786 1145 1970 1183 prioratus,
1988 1146 2243 1177 Lemovicensis
2260 1149 2329 1179 dit.-

1317 1196 1418 1231 cesis,
1434 1198 1528 1226 tanta
1544 1200 1778 1235 premerentur
1795 1199 1928 1228 sarcina
1945 1199 2135 1229 debitorum
2155 1202 2242 1239 quod
2264 1211 2328 1232 non

1317 1253 1456 1288 possent
1469 1250 1508 1280 de
1529 1250 1619 1280 facili
1644 1250 1684 1280 al)
1702 1249 1898 1289 hujusmodi
1915 1251 2039 1282 debitis
2061 1252 2229 1289 liberari‚.
2248 1277 2255 1283 .
2273 1255 2329 1285 ab·

1317 1302 1378 1332 bas
1394 1303 1593 1333 monasterii
1612 1303 1783 1340 Dolensis,
1796 1304 1836 1333 ad
1853 1314 1952 1343 quem
1973 1305 2082 1344 ipsius
2100 1307 2270 1345 prioratus
2289 1309 2329 1339 de

1317 1356 1469 1392 Manliae,
1497 1358 1556 1386 et.
1578 1357 1798 1396 ,prepositus
1825 1357 1965 1388 eccle-sie
1994 1359 2033 1389 de
2061 1360 2258 1394 cambonio,
2289 1362 2328 1391 ad

1318 1418 1417 1448 quem
1435 1410 1514 1439 dicti
1535 1410 1705 1448 prioratus
1727 1411 1765 1440 (16
1781 1411 1977 1447 Maravalle,
1996 1413 2124 1442 ordinis
2144 1415 2251 1444 sancti
2271 1415 2329 1444 Be-

1317 1463 1453 1497 nedicti,
1473 1464 1624 1502 ejusdem
1643 1466 1673 1494 et
1695 1464 1922 1495 Bituricensis
1942 1466 2127 1503 diocesani,
2147 1467 2281 1498 collatio
2297 1471 2327 1499 et

1317 1516 1487 1546 institutio
1515 1525 1550 1546 ac
1575 1517 1750 1547 destitutio
1770 1518 1921 1556 priorum
1946 1519 1979 1548 in
2006 1519 2091 1557 ipsis
2118 1520 2215 1558 plene
2237 1530 2273 1550 as·
2289 1521 2325 1551 li-

1316 1569 1394 1599 bere
1423 1570 1605 1608 pertiuent,
1637 1571 1861 1607 attendentes,
1889 1572 1978 1610 quod
1995 1573 2166 1611 prioratus
2184 1574 2250 1612 ipsi
2270 1583 2328 1613 per

1317 1622 1521 1652 industriam
1539 1624 1632 1653 tuam
1645 1625 1799 1662 poterant
1817 1633 1834 1653 a
1852 1625 2014 1663 predictis
2032 1626 2157 1656 debitis
2174 1627 2326 1664 liberari,

1316 1677 1348 1706 et
1377 1684 1493 1705 eorum
1514 1676 1591 1714 J'ura
1622 1677 1756 1715 plenius
1782 1677 1964 1711 defensari,
1997 1687 2100 1716 penes
2118 1683 2147 1709 te
2169 1681 2326 1718 precibus

1316 1729 1513 1759 institerunt
1531 1731 1565 1759 111
1583 1730 1754 1768 prioratus
1772 1731 1940 1769 reciperes
1959 1732 2183 1770 supradictos,
2202 1735 2231 1763 et
2251 1734 2324 1769 11111,

1316 1783 1475 1812 annuenti
1498 1792 1612 1812 eorum
1631 1783 1800 1821 precibus.
1819 1785 1990 1822 prioratus
2014 1786 2228 1816 contulerunt
2254 1796 2325 1817 eos-

1316 1834 1402 1868 dem,
1424 1844 1441 1864 a
1458 1837 1489 1865 te
1520 1836 1629 1874 quoad
1655 1836 1788 1865 viveres
1815 1837 2019 1871 retinendos,
2040 1838 2084 1867 ita
2101 1840 2213 1869 tamen
2238 1841 2326 1878 quod

1316 1888 1348 1917 in
1377 1888 1527 1926 quolibet
1555 1890 1766 1927 prioratuum
1797 1890 1947 1928 ipsorum
1976 1900 2034 1929 per
2057 1894 2184 1922 certum
2211 1902 2326 1923 mona-

1315 1941 1453 1972 chorum
1477 1951 1655 1972 numerum
1681 1943 1784 1973 facias
1814 1944 1990 1973 deserviri.
2010 1945 2080 1975 Nos
2104 1945 2228 1985 itaque,
2258 1948 2326 1977 tuis

1315 1995 1624 2033 supplicationibus
1662 1996 1828 2032 inclinati,
1856 1997 2054 2028 collationes
2091 1999 2131 2028 de
2163 2000 2325 2038 predictis

1316 2047 1524 2086 prioratibus
1553 2049 1667 2079 taliter
1696 2049 1758 2079 tibi
1783 2050 1901 2084 factas,
1925 2053 2015 2080 ratas
2040 2051 2202 2082 habentes
2221 2055 2251 2082 et
2272 2054 2324 2083 fir-

1313 2109 1398 2136 mas,
1429 2110 1485 2131 eas
1509 2103 1710 2132 auctoritate
1732 2104 1917 2142 apostoliea
1942 2106 2181 2136 confirmanius
2199 2108 2229 2136 et
2253 2116 2326 2145 pre-

1313 2154 1420 2185 sentis
1440 2155 1555 2194 scripti
1570 2156 1759 2194 patrocinio
1778 2158 2116 2188 communinmstibi
2134 2159 2321 2191 nichilomi-

1313 2216 1376 2237 nus
1406 2208 1628 2238 concedentes
1654 2210 1688 2238 ut
1718 2209 1884 2248 predictos
1912 2210 2082 2249 prioratus
2106 2221 2201 2250 (111037
2226 2216 2323 2251 prout

1312 2261 1450 2297 asseris,
1475 2270 1491 2291 a
1521 2262 1683 2300 predictis
1710 2262 1834 2293 debitis
1861 2263 2027 2300 liberasti,
2056 2273 2182 2295 necnon
2209 2268 2239 2295 et
2265 2267 2323 2296 (10-

1312 2322 1403 2343 11111111
1433 2314 1472 2344 (16
1504 2314 1766 2351 5111010-(1011111,
1788 2324 1889 2354 quam
1913 2326 1954 2346 ex
1985 2317 2164 2347 collatione
2198 2319 2322 2356 prioris

1311 2367 1642 2403 Giandimoutensis,
1661 2369 1812 2407 ejusdem
1837 2369 1992 2403 diocesis,
2010 2370 2153 2407 obtines,
2167 2380 2229 2401 una
2247 2381 2321 2402 rum

1311 2421 1504 2459 episcopatu
1524 2421 1757 2451 Lemovicensi
1781 2424 1902 2460 possis,
1917 2423 2013 2459 juxta
2030 2423 2245 2454 collationem
2263 2425 2320 2455 hu-

1307 2474 1468 2512 jusmodi,
1489 2475 1599 2512 quoad
1626 2475 1765 2509 vixeris,
1791 2475 1881 2505 licite
1906 2476 2062 2510 retinere,
2081 2477 2321 2508 constitutione

1310 2527 1478 2565 generalis
1497 2527 1631 2557 concilii
1649 2528 1699 2558 vel
1719 2528 1786 2558 alia
1802 2529 1968 2559 contraria
1986 2538 2051 2559 non
2074 2530 2238 2566 obstante,
2258 2531 2320 2561 tibi

1310 2581 1508 2610 auctoritate
1541 2581 1750 2619 presentium
1781 2581 2006 2621 indulgemus.
2025 2583 2076 2612 Ita
2094 2585 2205 2613 tamen
2232 2585 2320 2622 qnod

1311 2633 1452 2672 predicti
1478 2634 1648 2672 prioratus
1677 2635 1709 2664 et
1731 2635 1862 2671 domus,
1889 2644 1963 2665 eum
1978 2637 2010 2665 te
2028 2635 2112 2674 ipsis
2132 2637 2249 2667 cedere
2268 2638 2320 2668 vel

1311 2686 1470 2716 decedere
1487 2686 1573 2716 forte
1590 2687 1778 2725 contigerit,
1799 2688 1838 2717 ad
1857 2696 1913 2718 eos
1933 2688 1973 2718 ad
1990 2697 2088 2727 quos,
2107 2690 2140 2719 ut
2156 2690 2320 2727 premitti-

1312 2740 1376 2775 tur,
1397 2740 1578 2778 pertinent,
1595 2739 1728 2770 sublato
1746 2741 1925 2779 cujuslibet
1950 2741 2184 2780 impedimenti
2209 2742 2319 2774 obsta-

1310 2793 1396 2828 culo,
1424 2792 1530 2823 libere
1557 2795 1779 2824 revertantur.
1804 2794 1897 2824 Nulli
1917 2803 1995 2834 ergo
2012 2797 2126 2825 nostre
2148 2796 2321 2827 confirma-

1311 2846 1414 2876 tionis
1443 2847 1474 2876 et
1501 2847 1732 2877 concessionis
1758 2850 1819 2877 etc.
1838 2848 1960 2878 Datum
1991 2849 2079 2887 apud
2103 2848 2320 2880 Urbemvete-

1311 2908 1393 2934 rem,
1413 2908 1460 2929 xli
1478 2899 1641 2930 kalendas
1655 2899 1754 2939 junii,
1775 2909 1861 2931 anno
1879 2901 1990 2932 tertio.
2012 2911 2026 2931 >1
