2519 3262
236 274 291 303 134
986 261 1232 294 REGISTRES
1264 261 1480 293 D'URBAIN
1511 261 1568 291 IV.

236 357 439 384 beneficiorum
457 355 531 381 intcr
545 352 775 387 Peldeguorram,
791 350 917 384 priorem
933 347 1090 375 saecularis
1102 346 1241 374 ecclesiae

232 407 267 433 dc
286 405 411 437 Sallono,
421 402 596 430 Arelatensis
608 400 741 431 diocesis,
759 401 786 426 et
800 397 1006 424 Thomasinum
1025 397 1059 423 de
1074 396 1180 427 Baisio‘⁴
1197 404 1242 423 ca-

234 455 368 482 nonicum
384 453 587 481 Mutinensem,
607 450 751 485 procedat.
767 448 850 481 (lino.
868 448 912 477 29,
931 446 980 474 fol.
997 445 1042 478 84,
1060 451 1090 472 n⁰
1103 446 1178 477 218.)

272 554 290 575 «
311 543 358 579 O.‚
377 541 615 573 sanctiAdrz'ani
633 540 762 570 diacono
780 537 943 569 cardinali.
965 538 1016 567 Ex
1031 538 1125 576 parte
1142 535 1244 566 dilec-

235 598 346 628 torum
362 597 512 626 filiorum
527 594 763 632 Peffleguerre,
782 591 907 630 prioris
922 589 1086 620 secularis
1103 588 1243 619 ecclesie

234 650 274 680 de
292 650 439 685 Sallono,
456 647 666 678 Arelatensis
682 645 839 681 diocesis,
857 647 889 674 et
903 642 1101 674 Thomasini
1113 642 1152 672 de
1170 641 1243 672 Bai-

233 703 297 739 sio,
325 701 477 733 canonici
502 699 717 733 Mutinensis,
738 698 801 728 suit
829 697 1043 736 propositum
1059 704 1171 726 coram
1189 703 1246 724 no-

234 755 287 786 bis
306 756 393 794 quod
407 755 517 784 dictus
533 754 584 788 P„
599 752 786 791 prioratum
802 759 903 781 suum
922 749 1033 789 ipsius
1049 748 1190 779 ecclesie
1208 756 1245 777 ac

234 809 322 839 idem
343 808 380 838 T.
399 807 633 837 canonicatum
653 806 685 835 et
712 803 917 843 prebendam
939 811 1024 842 quos
1043 802 1078 832 in
1102 801 1245 832 ecclesia

232 861 416 892 Mutinensi
428 860 565 898 pacifice
579 858 718 893 obtinet,
733 857 926 888 desiderant
938 855 1044 886 libere
1058 855 1242 893 resignare.

233 916 303 946 Nos
314 915 437 952 itaque,
452 913 492 943 de
504 914 562 942 tua
573 911 877 949 circumspectione
890 909 1020 945 confisi,
1034 907 1244 947 presentium

232 968 294 998 tibi
316 966 514 997 auctoritate
533 964 781 995 committimus
811 963 984 1002 quatinus,
1009 961 1038 991 si
1056 962 1107 991 est
1126 961 1184 997 ita,
1204 959 1245 990 al)

233 1021 362 1051 eisdem
382 1020 420 1050 P.
434 1019 529 1053 etT.,
542 1026 618 1048 cum
636 1017 701 1056 ipsi
723 1025 825 1055 super
840 1016 901 1046 hoc
915 1017 947 1046 te
960 1015 1119 1045 duxerint
1134 1013 1245 1052 requi-

233 1075 386 1109 rendum,
406 1072 599 1112 hujusmodi
618 1071 881 1110 resignationem
905 1069 1049 1107 recipias
1075 1068 1146 1098 vice
1170 1076 1245 1097 nos-

234 1129 297 1164 tra,
314 1129 345 1157 et.
359 1126 587 1166 postmodum,
603 1125 644 1158 si⁷
661 1123 883 1162 inquisitione
896 1121 1050 1161 diligenti
1064 1121 1243 1159 premissa,

234 1190 292 1212 eos
311 1180 461 1220 ydoneos
485 1178 626 1209 scientia
649 1179 681 1208 et
700 1177 853 1207 moribus
876 1178 907 1206 et
935 1177 1023 1206 etate
1045 1183 1081 1204 ac
1105 1174 1144 1204 de
1164 1174 1246 1213 legi-

235 1233 318 1263 timo
337 1232 554 1263 matrimonio
572 1232 765 1270 procreatos
784 1229 846 1260 tibi
868 1237 942 1260 esse
970 1227 1172 1263 constiterit,
1191 1236 1245 1257 su-

236 1286 426 1325 pradictum
459 1285 646 1324 prioratum
671 1284 781 1314 eidem
801 1282 1019 1317 Thomasino,
1044 1290 1081 1311 ac
1109 1281 1245 1311 eosdem

235 1340 467 1370 canonicatum
487 1340 517 1369 et
537 1337 741 1377 prehendam
762 1336 892 1375 prefato
916 1335 1152 1374 Peldeguerre,
1170 1343 1244 1363 auc-

235 1392 368 1424 toritate
385 1394 501 1422 nostra
524 1391 678 1422 conferas
701 1392 732 1420 et
755 1390 908 1428 assignes
926 1397 963 1418 ac
982 1397 1039 1418 eos
1059 1387 1110 1417 vel
1129 1395 1247 1426 procu—

235 1447 381 1476 ratorem
392 1446 556 1484 ipsorum,
566 1452 682 1474 eorum
696 1443 843 1477 nomine,
857 1442 891 1471 in
904 1440 1158 1480 possessionem
1172 1439 1245 1469 illo-

236 1508 312 1531 rum
326 1507 385 1537 per
399 1500 430 1528 te
452 1497 504 1527 vel
521 1506 580 1535 per
601 1497 706 1526 alium
724 1496 875 1530 inducas,
896 1496 927 1524 et
947 1493 1109 1524 defendas
1132 1492 1246 1522 induc-

236 1555 299 1587 tos,
317 1551 442 1581 faciens
458 1551 681 1580 memoratum
693 1550 728 1579 P.
744 1549 778 1578 in
796 1548 885 1578 dicta
898 1546 1081 1577 Mutinensi
1102 1545 1245 1576 ecclesia

238 1606 271 1635 in
294 1604 493 1634 canonicum
513 1603 617 1641 recipi
636 1604 667 1632 et
685 1602 718 1631 in
737 1601 888 1637 fratrem,
913 1608 979 1630 non
1002 1599 1156 1630 obstante
1180 1600 1245 1629 sta-

236 1660 308 1688 tuto
330 1675 378 1687 —-.
396 1657 520 1687 Datum
540 1656 627 1694 apud
645 1655 935 1690 Urbemveterem,
958 1663 994 1683 ιιι
1013 1653 1176 1683 kalendas
1193 1653 1246 1683 de-

237 1711 395 1745 cembris,
413 1718 499 1740 anno
518 1710 630 1739 tertio.
651 1719 665 1737 »

758 1881 882 1907 Orvieto.
896 1880 912 1906 2
927 1879 1078 1906 decembre
1096 1878 1175 1906 1203.

329 1885 425 1915 1170

274 1963 374 1989 Abbati
392 1961 559 1989 monasterii
577 1970 599 1987 s.
617 1960 759 1988 Marcialis
777 1960 989 1987 lemovicensis
1006 1959 1124 1986 mandat
1151 1961 1181 1985 ut
1199 1959 1247 1985 Pc-

238 2014 315 2039 trum
329 2011 481 2044 Bandonis,
495 2012 635 2037 rectorem
652 2009 789 2036 ecclesiae
800 2018 823 2035 s.
836 2007 1023 2037 Victurniani‚
1036 2007 1248 2034 Lcmovicensis

239 2059 371 2090 diocesis,
391 2059 416 2085 in
437 2058 609 2085 canonicum
631 2058 659 2084 iu
680 2057 799 2084 ccclesia
824 2056 1020 2083 Lemoviccnsi
1036 2055 1124 2090 recipi
1152 2055 1247 2082 suniat.

239 2109 319 2143 (Περ.
337 2110 382 2141 25¹,
399 2108 448 2134 sol.
466 2107 500 2134 82
515 2113 552 2139 νο,
568 2108 684 2134 ι102191.

281 2210 295 2229 ((
320 2225 325 2230 .
347 2225 351 2229 .
380 2199 482 2228 abbaci
508 2199 683 2228 monasterii
709 2199 807 2227 sancti
835 2197 993 2227 illm-ciclis
1020 2197 1247 2227 Lemonia-ensis.

242 2254 341 2283 Lecta
365 2261 477 2282 coram
504 2252 601 2282 nobis
625 2269 674 2282 —.
699 2252 820 2282 Datum
847 2251 933 2290 apud
960 2250 1248 2284 Urbemveterem,

241 2315 276 2335 ιιι
298 2314 402 2336 nonas
417 2305 617 2340 decembris,
633 2314 720 2335 anno
737 2305 848 2335 tertio.
869 2316 882 2333 n

706 2475 830 2501 Orvicto.
850 2476 883 2501 22
905 2475 1062 2502 novembre
1085 2476 1160 2503 1203.

337 2479 425 2509 1171

281 2556 370 2583 Priori
402 2557 427 2582 Ι).
460 2556 563 2583 Mariae
589 2557 623 2582 (le
658 2555 1068 2590 Pontibus-supcr-Secauam,
1102 2557 1251 2583 'l'rcccnsis

243 2606 377 2637 diocesis,
393 2605 510 2632 mandat
533 2607 674 2639 quatenus
701 2605 840 2638 magistro
871 2604 1012 2638 Stephano
1033 2605 1067 2631 de
1089 2605 1252 2632 Firmitate-

244 2655 349 2681 Amulli
367 2654 471 2680 clerico
487 2654 521 2679 de
539 2654 662 2687 quodam
683 2653 819 2679 bcuclicio
835 2653 981 2687 provideat
998 2654 1033 2680 ad
1048 2654 1253 2688 praesentatio-

244 2702 440 2737 ncmcupituli
467 2712 489 2729 s.
508 2702 622 2728 Vedasli
642 2702 821 2728 Bclvaccnsis
850 2705 1009 2736 spectante.
1033 2703 1114 2738 tlh-3⁶.
1137 2704 1180 2734 29,
1204 2703 1251 2731 l'ol.

244 2752 288 2783 85,
306 2757 334 2777 ην
347 2752 423 2783 220.)

285 2854 301 2874 «
321 2843 423 2873 Priori
443 2842 470 2872 b.
491 2842 586 2872 Mar-ie
613 2842 647 2872 dc
671 2843 1100 2883 l’.»›nibus-super-Semnum‚
1132 2843 1254 2874 Trecen-

245 2897 286 2926 εἰς
300 2896 435 2926 diocesis.
453 2896 666 2926 Constitutus
686 2896 719 2926 in
747 2897 917 2935 presentia
936 2914 985 2927 -.
1014 2898 1137 2927 Datum
1166 2898 1254 2936 apud

247 2949 579 2985 U1·l›emveterem,x1
606 2949 768 2979 kalendas
783 2950 981 2986 decembris,
1004 2959 1090 2981 anuo
1106 2951 1216 2981 tertio.
1240 2964 1253 2979 »

1395 346 1493 377 1172

1812 345 1935 375 Orvieto.
1957 347 1974 373 5
1990 346 2146 373 novembre
2164 346 2242 373 1263.

1340 420 1477 455 Magistro
1491 421 1618 448 Andreae
1633 421 1666 447 de
1680 419 1850 447 canonicatu
1866 422 1893 447 et
1909 421 2072 455 praebenda
2083 421 2110 447 in
2130 421 2251 448 ccclesia
2267 422 2317 448 Co-

1303 468 1466 500 rinthiensi,
1486 470 1643 503 approbata
1659 469 1801 495 sententia
1818 469 1966 503 Stephanie
1989 469 2114 504 episcopi
2141 469 2312 500 l'enestrini,

1304 517 1443 552 providet.
1465 517 1543 552 (Rae.
1560 518 1603 549 29,
1621 518 1670 544 sol.
1687 518 1733 551 85,
1753 523 1782 544 n⁰
1797 518 1872 550 221.)

1346 631 1361 646 «
1386 619 1535 659 Maqistro
1556 618 1689 656 Andree,
1710 619 1812 659 priori
1840 619 1987 649 secularis
2009 619 2129 649 ecclesie
2147 625 2319 649 sanctorum

1305 672 1534 712 Apostolorum,
1549 671 1716 712 Spoletczne
1735 672 1861 701 diocesis
1878 672 1950 708 Que
1969 672 2009 702 de
2027 672 2119 703 sedis
2136 672 2320 711 apostolice

1306 726 1505 756 auctoritate
1530 726 1714 765 procedunt
1730 743 1778 755 —.
1798 726 1884 756 Sane
1901 728 1936 755 tu
1963 726 1997 755 in
2015 727 2130 756 nostra
2148 726 2320 764 presentia

1306 779 1455 809 retulisti
1471 779 1572 818 quod,
1605 787 1680 809 cum
1713 778 1824 809 felicis
1852 779 2099 809 recordationis
2125 778 2321 809 Alexander

1305 840 1404 870 papa,
1430 831 1650 870 predecessor
1668 832 1793 866 noster,
1821 830 2007 861 venerabili
2041 830 2136 861 fratri
2164 833 2317 861 nostro..

1306 883 1560 922 archiepiscopo
1583 883 1824 919 Corintffiensi,
1839 883 1878 914 de
1892 883 2001 922 ipsius
2018 883 2191 913 voluntate
2212 882 2323 913 dedis-

1307 939 1357 968 set
1377 936 1440 967 sub
1456 939 1546 968 certa
1565 936 1672 967 forma
1686 946 1745 976 per
1762 937 1896 967 litteras
1913 936 2117 975 apostolicas
2136 936 2169 966 in
2187 936 2323 967 manda-

1305 991 1350 1020 tis
1391 992 1426 1020 ut
1469 992 1515 1026 te,
1550 992 1628 1020 tunc
1662 990 1891 1029 capellanum,
1928 997 2015 1019 nunc
2058 989 2322 1020 commensalem

1305 1042 1511 1074 venerahilis
1531 1043 1646 1073 fratris
1665 1044 1772 1073 nostri
1793 1068 1812 1073 ..
1834 1043 1986 1082 episcopi
2012 1042 2218 1076 Penestrini,
2239 1043 2322 1073 reci-

1305 1095 1398 1131 peret
1422 1092 1456 1122 in
1483 1092 1713 1122 Corinthiensi
1740 1092 1894 1126 ecclesia,
1918 1091 1971 1122 vel
1994 1100 2054 1130 per
2086 1091 2191 1121 alium
2217 1091 2323 1130 recipi

1307 1145 1431 1175 faceret
1450 1145 1484 1175 in
1512 1145 1711 1175 canonicum
1731 1147 1762 1175 et
1780 1145 1813 1174 in
1840 1144 1991 1180 fratrem,
2012 1145 2112 1183 teque
2130 1144 2170 1173 de
2189 1143 2323 1174 canoni-

1306 1200 1382 1228 catu
1401 1198 1511 1236 ipsius
1528 1197 1668 1228 ecclesie
1698 1198 1897 1228 investiens.
1918 1197 2084 1227 conferret
2103 1196 2166 1227 tibi
2183 1195 2324 1234 preben—

1307 1251 1395 1287 dam,
1415 1251 1513 1290 siqua
1532 1253 1610 1280 tunc
1627 1250 1768 1281 vacabat
1786 1250 1913 1280 ibidem
1931 1250 1983 1280 vel
2006 1250 2261 1288 quamprimum
2280 1249 2322 1279 ad

1306 1304 1341 1334 id
1357 1304 1569 1342 oportunitas
1593 1312 1628 1334 se
1649 1304 1794 1337 offerret,
1816 1303 1904 1333 dicto
1922 1303 2161 1342 predecessore
2189 1302 2322 1333 volente

1306 1357 1341 1386 in
1359 1356 1572 1387 assecutione
1595 1355 1788 1394 hujusmodi
1814 1354 1982 1394 prebende
2006 1355 2150 1393 receptis
2182 1354 2324 1384 auctori-

1305 1411 1374 1440 tate
1393 1409 1581 1448 legatorum
1598 1408 1651 1439 vel
1674 1411 1768 1439 motu
1785 1409 1922 1447 proprio
1941 1408 2063 1447 prefati
2077 1407 2323 1446 archiepiscopi

1307 1464 1339 1493 et
1359 1462 1461 1492 etiam
1485 1462 1538 1492 sui
1562 1461 1701 1500 capituli
1725 1463 1755 1492 te
1785 1461 1941 1500 preferri=
1970 1461 2073 1491 iidem
2100 1460 2324 1499 archiepisco-

1307 1524 1371 1554 pus
1389 1517 1421 1546 et
1442 1515 1641 1554 capitulum,
1661 1517 1705 1551 te,
1722 1515 1821 1553 juxta
1841 1514 2033 1544 litterarum
2051 1515 2204 1553 ipsarum
2232 1515 2321 1543 teno-

1307 1577 1390 1605 rem,
1408 1569 1605 1607 receperunt
1625 1568 1659 1598 in
1677 1567 1816 1598 fratrem
1835 1569 1865 1597 et
1883 1567 2094 1603 canonicum,
2116 1575 2151 1597 ac
2166 1566 2230 1597 tibi
2245 1565 2324 1596 stal-

1308 1622 1379 1652 lum
1414 1622 1448 1651 in
1483 1621 1582 1651 choro
1619 1623 1650 1651 et
1679 1621 1791 1651 locum
1831 1621 1865 1650 in
1901 1620 2048 1659 capitulo
2085 1620 2321 1659 assignarunt3

1308 1684 1438 1709 verum,
1471 1675 1581 1704 dictus
1614 1674 1908 1713 archiepiscopus,
1941 1673 1982 1703 ad
2012 1682 2111 1712 quem
2139 1671 2322 1712 prebenda-

1308 1737 1384 1758 rum
1401 1728 1536 1758 collatio
1555 1728 1588 1757 in
1608 1727 1751 1758 ecclesia
1767 1728 1841 1766 ipsa
1858 1727 2016 1765 pertinet,
2034 1729 2064 1757 et
2084 1726 2112 1756 si
2129 1725 2324 1756 facultatem

1309 1782 1423 1812 forsan
1444 1781 1571 1817 habuit,
1593 1780 1657 1811 tibi
1678 1780 1717 1811 de
1741 1779 1911 1819 prebenda
1934 1780 1968 1810 in
1987 1779 2075 1810 dicta
2091 1779 2235 1810 ecclesia
2249 1787 2324 1818 pro-

1309 1835 1423 1865 videre
1438 1834 1600 1865 hactenus
1617 1842 1683 1864 non
1699 1834 1844 1863 curavit:
1862 1842 1879 1863 a
1897 1832 1995 1863 nobis
2013 1832 2188 1863 humiliter
2207 1831 2325 1871 petisti

1310 1890 1345 1918 ut
1365 1887 1581 1927 prebendam,
1615 1895 1678 1926 que
1705 1896 1764 1926 per
1783 1888 1926 1917 mortem
1945 1886 2115 1925 quondam
2134 1886 2176 1921 .1.,
2206 1885 2325 1916 decani

1310 1942 1461 1981 ejusdem
1478 1940 1630 1976 ecclesie,
1650 1943 1727 1970 tunc
1746 1939 1885 1970 vacabat
1902 1939 2041 1975 ibidem,
2060 1941 2091 1969 et
2110 1948 2170 1969 suo
2188 1939 2325 1969 decana-

1309 1995 1359 2024 tui
1377 1993 1627 2029 adnexam,tibi
1646 1993 1790 2023 conferri
1809 1993 1848 2023 de
1867 1993 2007 2031 speciali
2024 1992 2131 2032 gratia
2150 1991 2325 2022 mandare-

1311 2056 1399 2078 mus.
1417 2047 1568 2086 Cumque
1593 2056 1666 2082 nos,
1682 2047 1932 2077 considerantes
1955 2047 2082 2076 attente
2101 2045 2189 2084 quod
2213 2053 2324 2084 recep-

1310 2102 1365 2131 tus
1381 2101 1414 2130 in
1432 2100 1630 2131 canonicum
1662 2099 1831 2138 prebenda
1857 2108 1970 2129 carere
1991 2107 2058 2128 non
2081 2098 2190 2133 debet,
2213 2098 2324 2128 eidem

1311 2155 1469 2193 episcopo
1486 2153 1685 2184 Penestrino
1701 2153 1959 2183 mandassemus
1981 2152 2116 2182 oraculo
2136 2152 2211 2182 vive
2229 2152 2323 2181 vocis

1311 2209 1347 2238 ut
1356 2206 1562 2246 prebendam
1576 2206 1697 2245 ipsam,
1709 2215 1784 2236 cum
1800 2205 1958 2236 omnibus
1967 2204 2102 2244 juribus
2113 2207 2145 2235 et
2157 2204 2325 2243 pertinen-

1311 2260 1370 2290 tiis
1389 2260 1474 2295 suis,
1492 2259 1553 2290 tibi
1571 2259 1748 2295 conferret,
1766 2259 1854 2289 idem
1870 2259 2050 2297 episcopus
2065 2266 2137 2288 eam
2158 2266 2217 2296 per
2235 2266 2323 2287 mor-

1311 2316 1377 2343 tem
1392 2313 1473 2343 dicti
1491 2312 1607 2342 decani
1626 2314 1812 2348 vacantem,
1835 2321 1910 2342 cum
1936 2311 2148 2350 plenitudine
2165 2311 2254 2349 J'uris
2280 2311 2325 2350 ip-

1312 2367 1384 2397 sius
1406 2375 1442 2396 ac
1466 2365 1623 2396 omnibus
1644 2366 1715 2395 suis
1735 2365 1962 2404 pertinentiis,
1989 2365 2187 2395 auctoritate
2210 2363 2326 2403 hujus-

1312 2419 1403 2450 modi
1427 2419 1575 2449 mandati
1597 2419 1715 2449 nostri.
1735 2418 1795 2449 tibi
1819 2418 1961 2448 contulit
1980 2421 2010 2448 et
2030 2417 2217 2456 assignavit
2234 2425 2270 2448 ac
2292 2419 2325 2448 te

1313 2473 1352 2503 (le
1366 2473 1440 2511 ipsa
1455 2480 1623 2511 persuum
1637 2472 1775 2502 anulum
1792 2472 1977 2506 investivit,
1995 2471 2165 2510 sinejnris
2178 2470 2325 2510 prejudi-

1313 2526 1363 2556 cio
1382 2526 1497 2561 alieni,
1517 2534 1656 2556 cassans
1673 2529 1703 2556 et
1731 2525 1868 2555 irritans
1887 2534 1923 2555 ac
1940 2525 2124 2555 decernens
2143 2525 2277 2554 irritum
2293 2526 2325 2554 et

1314 2579 1425 2615 inane,
1446 2579 1474 2609 si
1494 2587 1591 2609 secus
1606 2578 1645 2608 de
1663 2578 1750 2608 dicta
1771 2578 1951 2616 prebenda,
1971 2578 2157 2616 apostolica
2178 2577 2230 2608 vel
2247 2585 2325 2616 qna-

1314 2633 1366 2662 vis
1380 2633 1447 2663 alia
1464 2632 1673 2664 auctoritate„
1694 2632 1727 2661 in
1745 2634 1839 2661 tuum
1870 2631 2092 2670 prejudicium
2120 2640 2136 2660 a
2156 2638 2326 2670 quoquam

1314 2688 1550 2724 attemptatum
1581 2685 1706 2720 extitit,
1736 2685 1788 2715 vel
1818 2685 1851 2714 in
1871 2688 2044 2723 posterum
2068 2683 2245 2723 contigerit
2280 2685 2326 2714 at-

1313 2739 1484 2778 temptari,
1529 2741 1625 2777 prout
1663 2739 1696 2768 in
1736 2737 1870 2777 publico
1911 2738 2135 2768 instrumento
2176 2737 2326 2768 consecto

1314 2792 1436 2823 exinde
1454 2801 1489 2822 ac
1512 2791 1625 2830 sigillo
1643 2791 1793 2830 episcopi
1825 2791 2001 2821 memorati
2027 2791 2170 2830 signato.
2191 2790 2326 2829 plenius

1315 2845 1516 2876 continetur.
1530 2844 1602 2875 Nos
1615 2845 1740 2883 itaque,
1757 2844 1824 2874 tuis
1839 2843 2147 2883 supplicationilms
2158 2843 2324 2875 inclinati.

1315 2899 1404 2937 quod
1422 2898 1462 2929 ab
1479 2898 1596 2928 eodem
1620 2898 1778 2936 episcopo
1797 2906 1899 2936 super
1922 2898 2101 2936 premissis
2122 2897 2245 2927 sactum
2263 2899 2326 2931 est,

1316 2954 1426 2982 ratum
1444 2953 1475 2982 et
1496 2951 1629 2981 lirinum
1657 2950 1827 2986 habentes,
1848 2950 1881 2981 id
1910 2951 2107 2981 auctoritate
2141 2949 2327 2989 apostolica
