2659 3242
140 520 217 549 1264
301 520 427 549 Orvieto.

110 569 178 599 mai
195 569 226 597 3.
339 585 380 591 ,-

837 201 1007 231 TABLES
1033 201 1094 231 DU
1120 199 1339 230 REGISTRE
1364 197 1574 229 D’URBAIN
1601 197 1646 226 1v
2436 198 2496 230 209

1041 295 1126 322 Pages.
1148 292 1277 315 Numeros.

475 356 589 390 legato,
611 355 763 383 cardinali
780 355 891 389 plenae
909 352 1073 387 legationis
1355 343 1430 372 1264

476 404 618 431 officium
643 405 674 431 in
698 411 792 439 regno
816 403 967 430 Franciae
989 408 1071 429 com·
1333 394 1396 422 mai
1451 394 1480 422 3.

481 453 594 481 mittit.

523 522 637 548 Unive1
646 522 688 549 sis
708 520 946 556 archiepiscopis
959 519 991 546 et
1003 518 1081 553 epis·
1099 511 1105 552 1
1120 516 1180 544 389
1197 509 1203 550 Ι
1220 514 1277 543 803

479 570 580 604 copi5‚
605 571 787 604 abbatibus,
798 570 963 605 prioribuS,
974 570 1064 596 deca-

473 619 531 652 nis,
567 620 802 653 archidiaconis,
823 618 1010 654 praepositis
1040 616 1074 643 et

476 669 546 696 aliis
562 670 764 697 ecclesiarum
778 668 935 704 praelatis,
953 673 1074 694 necnon

473 719 631 753 capitulis,
643 719 789 753 collegiis,
810 717 1016 745 conventibus
1025 722 1073 743 ce-

471 767 611 803 terisque
623 768 764 802 personis
776 766 974 795 ecclesiarum
985 772 1073 800 prae·

471 816 556 849 latis,
593 824 715 844 necnon
744 816 901 851 capitulis,
927 813 1071 848 collegiis,

477 866 688 893 conventibus
720 866 895 900 ceterisque
935 862 1075 899 personis

475 915 706 948 ecclesiasticis,
727 915 916 942 secularibus
936 914 968 940 et
987 919 1075 946 regu-

473 963 608 997 laribus,
627 965 784 999 exemptis
799 965 831 990 et
845 970 908 990 non
922 961 1075 996 exemptis

475 1019 532 1046 per
555 1020 686 1047 regnum
703 1013 851 1040 Franciae
869 1019 903 1040 ac
919 1013 1019 1038 terras
1036 1011 1076 1038 ad

489 1061 628 1089 nobilem
670 1062 831 1089 mulierem
886 1060 1076 1088 comitissam
1370 1081 1380 1095 η

488 1111 666 1144 Flandriae‚
678 1111 799 1138 ratione
812 1109 941 1138 dominii
950 1108 1002 1135 vel
1013 1109 1076 1135 feu-

482 1161 594 1187 dorum
613 1167 741 1187 suorum
761 1161 792 1187 in
809 1157 1026 1188 Cameracensi
1043 1157 1076 1184 et

473 1210 665 1238 'fornacensi
687 1209 861 1237 diocesibus
880 1207 1075 1243 pertinentes

470 1266 527 1293 per
554 1259 742 1287 comitatum
771 1259 867 1286 etiam
893 1256 1076 1284 Provinciae

479 1309 511 1335 et
533 1309 610 1335 alias
630 1308 745 1335 nobilis
763 1308 824 1334 viri
840 1306 954 1340 Caroli,
974 1305 1077 1334 Ande-

476 1358 586 1392 gaviae
630 1365 665 1384 ac
691 1357 874 1384 Provinciae
894 1354 1028 1389 comitis,
1045 1355 1077 1382 et
1371 1370 1383 1384 1,

468 1407 678 1434 vassallorum
721 1413 848 1434 suorum
890 1407 999 1438 terras,
1042 1410 1078 1431 ac

466 1462 522 1491 per
562 1457 817 1490 Lugdunensem,
857 1455 1076 1487 Viennensem,

473 1505 743 1539 Ebredunensem,
805 1503 1076 1533 Tarantasiensem

472 1555 504 1581 et
530 1555 733 1584 Bisuntinam
759 1553 935 1589 provincias
961 1552 1076 1580 consti-

477 1605 570 1637 tutis,
591 1605 724 1633 mandat
741 1605 899 1639 quatenus
918 1602 1075 1629 Simonem
1368 1610 1379 1624 n

471 1653 564 1680 tituli
581 1661 605 1680 s.
623 1652 759 1681 Ceciliae
774 1653 993 1688 presbyterum
1010 1657 1075 1679 car-

473 1703 622 1736 dinalem,
664 1702 856 1738 apostolicae
893 1700 973 1728 sedis
1009 1700 1091 1734 lega-

480 1753 564 1785 tum,
592 1752 727 1786 benigne
753 1758 788 1780 ac
813 1750 984 1778 honorifice
1010 1749 1090 1776 exci-

481 1801 573 1835 piant
590 1802 683 1836 eique
718 1800 881 1828 humiliter
907 1800 939 1826 et
961 1799 1077 1827 devote

477 1851 660 1878 intendant.
1365 1850 1377 1864 ⁹

517 1930 717 1964 Supradictis
738 1929 806 1956 aliis
827 1928 959 1955 mandat
978 1926 1075 1954 exsol-
1096 1925 1176 1965 1390
1195 1923 1275 1965 1804

471 1980 550 2005 vant
600 1979 754 2005 decimam
800 1978 941 2004 omnium
974 1976 1068 2003 eccle-

475 2027 675 2054 siasticorum
705 2028 918 2062 proventuum
946 2025 1067 2059 carolo,
1366 2041 1377 2055 ι

472 2077 677 2110 Andegaviae
694 2084 730 2103 ac
748 2076 934 2103 Provinciae
951 2074 1068 2107 comiti,

473 2125 623 2152 ecclesiae
639 2126 804 2153 Romanae
819 2126 969 2152 adversus
983 2124 1070 2151 Man-

474 2173 608 2206 fredum,
633 2174 796 2209 quondam
817 2173 990 2208 principem
1012 2175 1070 2200 Ta·

475 2223 644 2255 rentinum,
683 2222 847 2250 defensori.

519 2273 651 2299 Simoni.
674 2273 762 2298 tituli
786 2279 809 2299 s.
838 2271 972 2298 Ceciliae
996 2276 1078 2305 pres·
1098 2268 1178 2308 1393
1199 2267 1279 2308 1805

478 2325 592 2358 bytero
615 2325 773 2357 cardinali,
787 2324 980 2359 apostolicae
996 2323 1078 2350 sedis

478 2377 581 2412 legato
616 2379 748 2405 mandat
764 2378 949 2404 exhortetur
966 2376 1082 2403 archie-

472 2427 618 2461 piscopos
635 2429 667 2454 et
684 2427 847 2461 episcopos
874 2426 1013 2461 aliosque
1031 2425 1072 2452 ad

474 2476 641 2504 solvendas
666 2483 721 2511 per
750 2476 919 2502 triennium
948 2474 1069 2508 Carolo,

474 2525 679 2559 Andegaviae
701 2532 737 2552 ac
759 2524 942 2551 Provinciae
953 2522 1069 2555 comiti,

475 2575 621 2602 decimas,

519 2633 639 2659 Eadem
678 2632 869 2658 mandantur
905 2631 1072 2665 Ludovico‚
1095 2629 1177 2671 1393
1199 2629 1279 2670 1806

476 2681 540 2715 regi
554 2682 755 2708 Francorum.

223 3014 343 3043 Urbain
366 3017 404 3041 lv
425 3014 525 3042 tablcs

1516 347 1642 375 otvieto.

2262 292 2348 318 Pages.
2370 291 2499 314 Numeros.

1735 348 1890 381 Carolumy
1923 349 2123 382 Andegaviae
2153 350 2186 375 et
2221 349 2292 375 Pro·
2314 346 2395 386 1394
2417 345 2497 386 1807

1552 411 1591 415 -—
1694 398 1815 424 vinciae
1830 398 1986 430 comitem,
2004 399 2093 431 rogat
2110 398 2144 423 ut
2159 404 2231 423 cum
2246 397 2285 429 S.,

1697 447 1781 473 tituli
1807 453 1830 472 s.
1856 446 1988 472 ceciliae
2013 446 2197 480 presbytero
2223 452 2287 472 car-

1695 496 1799 523 dinali.
1821 495 1993 530 apostolico
2012 495 2123 529 legato,
2145 495 2183 521 de
2200 501 2287 521 sena-

1696 546 1775 571 toria
1803 545 1958 579 dignitate
1984 544 2015 570 in
2042 543 2126 571 Urbe
2153 543 2192 570 ab
2219 542 2288 577 ipso

1696 595 1867 627 retinenda,
1895 593 2099 628 colloquatur.

1554 702 1593 707 —
1737 687 1906 717 Ludovico.
1938 685 2001 719 regi
2030 686 2230 717 Francorum,
2259 685 2298 711 de
2318 682 2322 722 1
2339 684 2399 711 395
2419 688 2425 723 1
2442 683 2500 712 808

1693 737 1801 763 eodem
1825 735 1932 762 scribit
1954 734 2089 769 negotiu.

1555 844 1596 849 —-
1739 829 1851 855 Eidem
1870 827 1934 861 regi
1955 827 2085 853 mandat
2108 828 2142 852 ut
2167 826 2294 859 Simoni,
2319 825 2399 863 1395
2421 823 2502 863 1809

1698 877 1849 904 cardinali
1884 876 2068 911 presbytero
2098 884 2119 902 s.
2149 874 2291 907 ceciliae,

1701 926 1893 961 apostolicae
1932 924 2013 951 sedis
2052 924 2164 958 legam,
2207 923 2293 951 auxi-

1698 976 1775 1002 lium
1798 976 1940 1010 praestet
1964 975 1996 1000 et
2019 973 2170 1000 savorem.

1558 1085 1599 1090 --
1743 1069 1897 1095 Eumdem
1930 1074 2033 1102 regem
2070 1068 2160 1101 rogat
2196 1066 2300 1101 sopiat
2321 1063 2402 1103 1396
2422 1062 2428 1103 1
2445 1064 2504 1092 810

1702 1118 1889 1146 discordiam
1911 1118 1992 1144 inter
2011 1116 2166 1148 carolum,
2190 1116 2294 1142 Ande-

1699 1168 1809 1202 gaviae
1829 1169 1860 1194 et
1881 1166 2063 1193 Provinciae
2083 1165 2240 1196 comitem,
2262 1165 2295 1191 et

1703 1216 1914 1250 Margaritam,
1955 1215 2093 1249 reginam
2132 1213 2290 1245 Franciae,

1701 1267 1853 1292 exortam.

1556 1375 1596 1380 —-
1742 1358 1954 1392 Margaritam,
1974 1358 2112 1391 reginam
2137 1355 2298 1388 Franciae,
2320 1353 2326 1393 1
2343 1354 2403 1381 397
2424 1351 2500 1392 1811

1701 1409 1847 1435 hortatur
1869 1407 1909 1434 ad
1931 1413 2040 1441 pacem
2062 1405 2297 1432 reformandam

1703 1457 1784 1483 inter
1803 1456 1905 1490 ipsam
1925 1457 1956 1482 et
1974 1454 2129 1486 Carolum,
2151 1454 2294 1487 Andega-

1705 1505 1775 1532 viae
1787 1507 1819 1531 et
1831 1504 2014 1531 Provinciae
2025 1503 2182 1530 comitem.

1557 1614 1597 1618 —
1744 1598 1790 1624 De
1806 1598 1915 1624 eodem
1937 1598 2130 1631 argumente,
2150 1596 2188 1623 de
2208 1601 2303 1630 regno
2324 1592 2403 1633 1397
2425 1591 2505 1633 1812

1703 1647 1825 1675 Siciliae
1857 1648 2031 1682 senatuque
2063 1645 2158 1673 Urbis
2189 1644 2298 1671 scribit

1697 1695 1817 1728 Carolo,
1855 1694 2057 1730 Andegaviae
2092 1696 2124 1721 et
2160 1693 2289 1721 Provin-

1701 1745 1767 1772 ciae
1795 1744 1911 1771 comiti.

1550 1854 1591 1859 --
1737 1837 1886 1864 Facultas
1935 1836 2153 1863 commutandi
2193 1836 2306 1862 votum
2327 1833 2407 1873 1398
2427 1831 2506 1872 1813

1702 1886 1801 1913 crucis
1817 1886 1856 1912 ab
1873 1885 2043 1920 Alphonso,
2064 1885 2244 1912 Pictavensi
2261 1892 2297 1912 ac

1690 1935 1845 1964 Tolosano
1863 1934 1986 1968 comite,
2007 1934 2163 1963 emissum.

1552 2045 1592 2049 —
1669 2040 1671 2042 ·
1739 2029 1850 2056 Eidem
1867 2028 2017 2055 cardinali
2037 2027 2181 2054 concedit
2200 2026 2297 2054 facul-
2318 2024 2324 2062 1
2341 2026 2401 2053 398
2422 2023 2428 2064 1
2448 2024 2507 2052 814

1708 2079 1809 2105 tatem
1827 2079 1939 2104 votum
1959 2077 2058 2104 crucis
2075 2076 2107 2103 in
2129 2076 2299 2110 susceptio-

1706 2133 1778 2153 nem
1794 2128 1826 2153 et
1843 2126 2060 2153 executionem
2077 2125 2198 2152 Siciliae
2214 2124 2300 2159 regni

1704 2175 1831 2209 negotiiy
1856 2175 1887 2201 in
1910 2175 2054 2209 partibus
2077 2180 2151 2200 suae
2172 2173 2300 2208 legatio-

1703 2224 1752 2251 nis
1782 2223 2007 2251 commutandi.

1520 2305 1561 2311 —-
1750 2290 1880 2321 Simoni,
1892 2288 1998 2316 titulis
2009 2288 2168 2315 sceciliae
2179 2289 2308 2322 presby·
2329 2285 2408 2325 1399
2428 2284 2434 2325 1
2451 2282 2509 2314 818

1701 2340 1769 2366 tero
1781 2338 1943 2369 cardinali,
1966 2337 2159 2371 apostolicae
2169 2337 2253 2364 sedis
2264 2338 2306 2363 le-

1699 2388 1772 2421 gato
1811 2386 1953 2413 concedit
1979 2385 2165 2412 facultatem
2199 2391 2307 2411 conce-

1699 2436 1794 2463 dendi
1821 2437 1853 2462 in
1884 2434 2135 2462 dedicationibus
2164 2433 2307 2460 ecclesia-

1696 2491 1773 2517 rum,
1805 2484 1837 2510 in
1860 2483 2120 2510 translationibus
2160 2482 2307 2517 reliquia-

1702 2540 1778 2565 rum,
1789 2533 1819 2559 in
1831 2532 2033 2558 sollemnibus
2048 2533 2079 2558 et
2090 2531 2304 2565 congregatio-

1699 2586 1800 2618 nibus,
1816 2592 1897 2621 quas
1915 2585 2001 2611 illum
2018 2584 2120 2611 facere
2144 2590 2200 2618 pro
2221 2583 2307 2618 regni

1701 2633 1822 2662 Siciliae
1838 2635 1961 2668 negotii
1988 2633 2190 2667 promotione
2208 2633 2308 2659 conti-

2299 3011 2332 3034 27
