<?xml version="1.0" encoding="UTF-8"?>
<!DOCTYPE html PUBLIC "-//W3C//DTD XHTML 1.0 Transitional//EN"
    "http://www.w3.org/TR/xhtml1/DTD/xhtml1-transitional.dtd">
<html xmlns="http://www.w3.org/1999/xhtml" xml:lang="en" lang="en">
 <head>
  <title>
</title>
<meta http-equiv="Content-Type" content="text/html;charset=utf-8" />
  <meta name='ocr-system' content='tesseract 3.04.00' />
  <meta name='ocr-capabilities' content='ocr_page ocr_carea ocr_par ocr_line ocrx_word'/>
</head>
<body>
  <div class='ocr_page' id='page_1' title='image "./lesregistresdurb34cath/lesregistresdurb34cath_0641.png"; bbox 0 0 2659 3242; ppageno 0'>
   <div class='ocr_carea' id='block_1_1' title="bbox 96 784 178 813">
    <p class='ocr_par' dir='ltr' id='par_1_1' title="bbox 96 784 178 813">
     <span class='ocr_line' id='line_1_1' title="bbox 96 784 178 813; baseline 0 -1"><span class='ocrx_word' id='word_1_1' title='bbox 96 803 97 806; x_wconf 64' lang='lat'>,</span> <span class='ocrx_word' id='word_1_2' title='bbox 108 784 178 813; x_wconf 87' lang='grc'>1263</span> 
     </span>
    </p>
   </div>
   <div class='ocr_carea' id='block_1_2' title="bbox 91 834 216 863">
    <p class='ocr_par' dir='ltr' id='par_1_2' title="bbox 91 834 216 863">
     <span class='ocr_line' id='line_1_2' title="bbox 91 834 216 863; baseline -0.016 0"><span class='ocrx_word' id='word_1_3' title='bbox 91 836 151 863; x_wconf 89' lang='lat' dir='ltr'>oct.</span> <span class='ocrx_word' id='word_1_4' title='bbox 174 834 216 862; x_wconf 76' lang='lat'>14.</span> 
     </span>
    </p>
   </div>
   <div class='ocr_carea' id='block_1_3' title="bbox 124 1774 138 1789">
    <p class='ocr_par' dir='ltr' id='par_1_3' title="bbox 124 1774 138 1789">
     <span class='ocr_line' id='line_1_3' title="bbox 124 1774 138 1789; baseline 0 0"><span class='ocrx_word' id='word_1_5' title='bbox 124 1774 138 1789; x_wconf 89' lang='grc'>))</span> 
     </span>
    </p>
   </div>
   <div class='ocr_carea' id='block_1_4' title="bbox 122 2020 136 2035">
    <p class='ocr_par' dir='ltr' id='par_1_4' title="bbox 122 2020 136 2035">
     <span class='ocr_line' id='line_1_4' title="bbox 122 2020 136 2035; baseline 0.071 -1"><span class='ocrx_word' id='word_1_6' title='bbox 122 2020 136 2035; x_wconf 85' lang='grc'>))</span> 
     </span>
    </p>
   </div>
   <div class='ocr_carea' id='block_1_5' title="bbox 121 2213 135 2230">
    <p class='ocr_par' dir='ltr' id='par_1_5' title="bbox 121 2213 135 2230">
     <span class='ocr_line' id='line_1_5' title="bbox 121 2213 135 2230; baseline 0.071 -1"><span class='ocrx_word' id='word_1_7' title='bbox 121 2213 135 2230; x_wconf 65' lang='grc' dir='ltr'>ἱ)</span> 
     </span>
    </p>
   </div>
   <div class='ocr_carea' id='block_1_6' title="bbox 120 2362 134 2376">
    <p class='ocr_par' dir='ltr' id='par_1_6' title="bbox 120 2362 134 2376">
     <span class='ocr_line' id='line_1_6' title="bbox 120 2362 134 2376; baseline 0 0"><span class='ocrx_word' id='word_1_8' title='bbox 120 2362 134 2376; x_wconf 69' lang='grc'>1)</span> 
     </span>
    </p>
   </div>
   <div class='ocr_carea' id='block_1_7' title="bbox 119 2460 133 2475">
    <p class='ocr_par' dir='ltr' id='par_1_7' title="bbox 119 2460 133 2475">
     <span class='ocr_line' id='line_1_7' title="bbox 119 2460 133 2475; baseline 0.071 -1"><span class='ocrx_word' id='word_1_9' title='bbox 119 2460 133 2475; x_wconf 69' lang='grc' dir='ltr'>ὶ)</span> 
     </span>
    </p>
   </div>
   <div class='ocr_carea' id='block_1_8' title="bbox 119 2606 133 2622">
    <p class='ocr_par' dir='ltr' id='par_1_8' title="bbox 119 2606 133 2622">
     <span class='ocr_line' id='line_1_8' title="bbox 119 2606 133 2622; baseline 0 0"><span class='ocrx_word' id='word_1_10' title='bbox 119 2606 133 2622; x_wconf 86' lang='grc'>))</span> 
     </span>
    </p>
   </div>
   <div class='ocr_carea' id='block_1_9' title="bbox 117 2902 130 2918">
    <p class='ocr_par' dir='ltr' id='par_1_9' title="bbox 117 2902 130 2918">
     <span class='ocr_line' id='line_1_9' title="bbox 117 2902 130 2918; baseline 0.077 -1"><span class='ocrx_word' id='word_1_11' title='bbox 117 2902 130 2918; x_wconf 88' lang='grc'>))</span> 
     </span>
    </p>
   </div>
   <div class='ocr_carea' id='block_1_10' title="bbox 182 1423 222 1450">
    <p class='ocr_par' dir='ltr' id='par_1_10' title="bbox 182 1423 222 1450">
     <span class='ocr_line' id='line_1_10' title="bbox 182 1423 222 1450; baseline 0.05 -2"><span class='ocrx_word' id='word_1_12' title='bbox 182 1423 222 1450; x_wconf 88' lang='grc'>15.</span> 
     </span>
    </p>
   </div>
   <div class='ocr_carea' id='block_1_11' title="bbox 195 1775 209 1791">
    <p class='ocr_par' dir='ltr' id='par_1_11' title="bbox 195 1775 209 1791">
     <span class='ocr_line' id='line_1_11' title="bbox 195 1775 209 1791; baseline 0.071 -1"><span class='ocrx_word' id='word_1_13' title='bbox 195 1775 209 1791; x_wconf 85' lang='grc'>))</span> 
     </span>
    </p>
   </div>
   <div class='ocr_carea' id='block_1_12' title="bbox 192 2020 206 2036">
    <p class='ocr_par' dir='ltr' id='par_1_12' title="bbox 192 2020 206 2036">
     <span class='ocr_line' id='line_1_12' title="bbox 192 2020 206 2036; baseline 0.071 -1"><span class='ocrx_word' id='word_1_14' title='bbox 192 2020 206 2036; x_wconf 93' lang='grc'>))</span> 
     </span>
    </p>
   </div>
   <div class='ocr_carea' id='block_1_13' title="bbox 191 2215 206 2230">
    <p class='ocr_par' dir='ltr' id='par_1_13' title="bbox 191 2215 206 2230">
     <span class='ocr_line' id='line_1_13' title="bbox 191 2215 206 2230; baseline 0 0"><span class='ocrx_word' id='word_1_15' title='bbox 191 2215 206 2230; x_wconf 66' lang='lat' dir='ltr'>J)</span> 
     </span>
    </p>
   </div>
   <div class='ocr_carea' id='block_1_14' title="bbox 191 2363 206 2378">
    <p class='ocr_par' dir='ltr' id='par_1_14' title="bbox 191 2363 206 2378">
     <span class='ocr_line' id='line_1_14' title="bbox 191 2363 206 2378; baseline 0 0"><span class='ocrx_word' id='word_1_16' title='bbox 191 2363 206 2378; x_wconf 75' lang='lat'>&gt;²</span> 
     </span>
    </p>
   </div>
   <div class='ocr_carea' id='block_1_15' title="bbox 191 2461 205 2475">
    <p class='ocr_par' dir='ltr' id='par_1_15' title="bbox 191 2461 205 2475">
     <span class='ocr_line' id='line_1_15' title="bbox 191 2461 205 2475; baseline 0 0"><span class='ocrx_word' id='word_1_17' title='bbox 191 2461 205 2475; x_wconf 66' lang='grc' dir='ltr'>ὶ)</span> 
     </span>
    </p>
   </div>
   <div class='ocr_carea' id='block_1_16' title="bbox 191 2607 204 2622">
    <p class='ocr_par' dir='ltr' id='par_1_16' title="bbox 191 2607 204 2622">
     <span class='ocr_line' id='line_1_16' title="bbox 191 2607 204 2622; baseline 0 0"><span class='ocrx_word' id='word_1_18' title='bbox 191 2607 204 2622; x_wconf 92' lang='grc'>))</span> 
     </span>
    </p>
   </div>
   <div class='ocr_carea' id='block_1_17' title="bbox 188 2903 201 2918">
    <p class='ocr_par' dir='ltr' id='par_1_17' title="bbox 188 2903 201 2918">
     <span class='ocr_line' id='line_1_17' title="bbox 188 2903 201 2918; baseline 0.077 -1"><span class='ocrx_word' id='word_1_19' title='bbox 188 2903 201 2918; x_wconf 83' lang='grc'>))</span> 
     </span>
    </p>
   </div>
   <div class='ocr_carea' id='block_1_18' title="bbox 252 787 371 814">
    <p class='ocr_par' dir='ltr' id='par_1_18' title="bbox 252 787 371 814">
     <span class='ocr_line' id='line_1_18' title="bbox 252 787 371 814; baseline 0.017 -3"><span class='ocrx_word' id='word_1_20' title='bbox 252 787 371 814; x_wconf 77' lang='lat' dir='ltr'>Orvielo.</span> 
     </span>
    </p>
   </div>
   <div class='ocr_carea' id='block_1_19' title="bbox 922 250 1661 282">
    <p class='ocr_par' dir='ltr' id='par_1_19' title="bbox 922 250 1661 282">
     <span class='ocr_line' id='line_1_19' title="bbox 922 250 1661 282; baseline 0 -2"><span class='ocrx_word' id='word_1_21' title='bbox 922 251 1077 282; x_wconf 85' lang='lat' dir='ltr'>TABLES</span> <span class='ocrx_word' id='word_1_22' title='bbox 1103 251 1154 281; x_wconf 89' lang='lat' dir='ltr'>DU</span> <span class='ocrx_word' id='word_1_23' title='bbox 1178 250 1380 282; x_wconf 77' lang='lat' dir='ltr'>REGISTRE</span> <span class='ocrx_word' id='word_1_24' title='bbox 1402 250 1596 281; x_wconf 82' lang='lat' dir='ltr'>D&#39;URBAIN</span> <span class='ocrx_word' id='word_1_25' title='bbox 1621 251 1661 281; x_wconf 87' lang='lat' dir='ltr'>IV</span> 
     </span>
    </p>
   </div>
   <div class='ocr_carea' id='block_1_20' title="bbox 1053 344 1263 368">
    <p class='ocr_par' dir='ltr' id='par_1_20' title="bbox 1053 344 1263 368">
     <span class='ocr_line' id='line_1_20' title="bbox 1053 344 1263 368; baseline 0.005 -6"><span class='ocrx_word' id='word_1_26' title='bbox 1053 344 1079 362; x_wconf 75' lang='lat' dir='ltr'>Pa</span> <span class='ocrx_word' id='word_1_27' title='bbox 1083 349 1126 368; x_wconf 73' lang='lat' dir='ltr'>ges.</span> <span class='ocrx_word' id='word_1_28' title='bbox 1156 344 1263 363; x_wconf 72' lang='lat' dir='ltr'>Numeros.</span> 
     </span>
    </p>
   </div>
   <div class='ocr_carea' id='block_1_21' title="bbox 403 394 1261 2332">
    <p class='ocr_par' dir='ltr' id='par_1_21' title="bbox 412 394 1053 774">
     <span class='ocr_line' id='line_1_21' title="bbox 414 394 1052 428; baseline -0.005 -5"><span class='ocrx_word' id='word_1_29' title='bbox 414 397 495 423; x_wconf 87' lang='lat' dir='ltr'>cisco</span> <span class='ocrx_word' id='word_1_30' title='bbox 516 395 623 428; x_wconf 73' lang='lat' dir='ltr'>Guiffi,</span> <span class='ocrx_word' id='word_1_31' title='bbox 654 396 744 422; x_wconf 85' lang='lat' dir='ltr'>Fatio</span> <span class='ocrx_word' id='word_1_32' title='bbox 771 396 915 425; x_wconf 84' lang='lat' dir='ltr'>Junctae,</span> <span class='ocrx_word' id='word_1_33' title='bbox 945 394 1052 428; x_wconf 86' lang='lat' dir='ltr'>Hugo-</span> 
     </span>
     <span class='ocr_line' id='line_1_22' title="bbox 414 443 1049 479; baseline -0.003 -8"><span class='ocrx_word' id='word_1_34' title='bbox 414 445 477 472; x_wconf 89' lang='lat' dir='ltr'>lino</span> <span class='ocrx_word' id='word_1_35' title='bbox 488 445 687 479; x_wconf 75' lang='lat' dir='ltr'>Belimontis,</span> <span class='ocrx_word' id='word_1_36' title='bbox 700 445 889 479; x_wconf 68' lang='lat' dir='ltr'>Bonsignori</span> <span class='ocrx_word' id='word_1_37' title='bbox 902 443 1049 478; x_wconf 71' lang='lat' dir='ltr'>Raynerii</span> 
     </span>
     <span class='ocr_line' id='line_1_23' title="bbox 415 492 1053 522; baseline -0.003 -2"><span class='ocrx_word' id='word_1_38' title='bbox 415 497 445 521; x_wconf 90' lang='lat' dir='ltr'>et</span> <span class='ocrx_word' id='word_1_39' title='bbox 488 494 659 522; x_wconf 84' lang='lat' dir='ltr'>Tholomeo</span> <span class='ocrx_word' id='word_1_40' title='bbox 704 494 862 520; x_wconf 88' lang='lat' dir='ltr'>Manentis</span> <span class='ocrx_word' id='word_1_41' title='bbox 905 495 936 519; x_wconf 89' lang='lat' dir='ltr'>et</span> <span class='ocrx_word' id='word_1_42' title='bbox 981 492 1053 518; x_wconf 84' lang='lat' dir='ltr'>aliis</span> 
     </span>
     <span class='ocr_line' id='line_1_24' title="bbox 416 540 1049 572; baseline -0.005 -3"><span class='ocrx_word' id='word_1_43' title='bbox 416 551 525 570; x_wconf 87' lang='lat' dir='ltr'>eorum</span> <span class='ocrx_word' id='word_1_44' title='bbox 548 543 653 572; x_wconf 84' lang='lat' dir='ltr'>sociis,</span> <span class='ocrx_word' id='word_1_45' title='bbox 671 542 793 570; x_wconf 85' lang='lat' dir='ltr'>civibus</span> <span class='ocrx_word' id='word_1_46' title='bbox 814 545 843 568; x_wconf 91' lang='lat' dir='ltr'>et</span> <span class='ocrx_word' id='word_1_47' title='bbox 868 540 1049 568; x_wconf 85' lang='lat' dir='ltr'>mercatori-</span> 
     </span>
     <span class='ocr_line' id='line_1_25' title="bbox 414 591 1048 623; baseline -0.002 -4"><span class='ocrx_word' id='word_1_48' title='bbox 414 592 471 619; x_wconf 89' lang='lat' dir='ltr'>bus</span> <span class='ocrx_word' id='word_1_49' title='bbox 495 592 697 623; x_wconf 79' lang='lat' dir='ltr'>Senensibus,</span> <span class='ocrx_word' id='word_1_50' title='bbox 722 591 871 618; x_wconf 86' lang='lat' dir='ltr'>ecclesiae</span> <span class='ocrx_word' id='word_1_51' title='bbox 890 591 1048 618; x_wconf 80' lang='lat' dir='ltr'>Romanae</span> 
     </span>
     <span class='ocr_line' id='line_1_26' title="bbox 413 639 1049 674; baseline 0.002 -9"><span class='ocrx_word' id='word_1_52' title='bbox 413 641 546 672; x_wconf 77' lang='lat' dir='ltr'>devotis,</span> <span class='ocrx_word' id='word_1_53' title='bbox 573 641 613 667; x_wconf 88' lang='lat' dir='ltr'>ab</span> <span class='ocrx_word' id='word_1_54' title='bbox 646 640 882 674; x_wconf 83' lang='lat' dir='ltr'>archiepisc-opo</span> <span class='ocrx_word' id='word_1_55' title='bbox 909 639 1049 666; x_wconf 77' lang='lat' dir='ltr'>cantua-</span> 
     </span>
     <span class='ocr_line' id='line_1_27' title="bbox 412 687 1049 723; baseline -0.003 -8"><span class='ocrx_word' id='word_1_56' title='bbox 412 690 510 717; x_wconf 85' lang='lat' dir='ltr'>riensi</span> <span class='ocrx_word' id='word_1_57' title='bbox 529 693 560 716; x_wconf 88' lang='lat' dir='ltr'>et</span> <span class='ocrx_word' id='word_1_58' title='bbox 578 689 739 716; x_wconf 78' lang='lat' dir='ltr'>nonnullis</span> <span class='ocrx_word' id='word_1_59' title='bbox 754 689 821 723; x_wconf 85' lang='lat' dir='ltr'>ejus</span> <span class='ocrx_word' id='word_1_60' title='bbox 840 687 1049 722; x_wconf 85' lang='lat' dir='ltr'>suffraganeis</span> 
     </span>
     <span class='ocr_line' id='line_1_28' title="bbox 413 739 700 774; baseline 0.003 -10"><span class='ocrx_word' id='word_1_61' title='bbox 413 739 550 774; x_wconf 71' lang='lat' dir='ltr'>persolvi</span> <span class='ocrx_word' id='word_1_62' title='bbox 575 739 700 766; x_wconf 85' lang='lat' dir='ltr'>faciant.</span> 
     </span>
    </p>

    <p class='ocr_par' dir='ltr' id='par_1_22' title="bbox 406 783 1261 1402">
     <span class='ocr_line' id='line_1_29' title="bbox 450 783 1261 822; baseline -0.006 -8"><span class='ocrx_word' id='word_1_63' title='bbox 450 788 733 822; x_wconf 83' lang='lat' dir='ltr'>Archiepiscopum</span> <span class='ocrx_word' id='word_1_64' title='bbox 747 786 950 813; x_wconf 87' lang='lat' dir='ltr'>Colocensem</span> <span class='ocrx_word' id='word_1_65' title='bbox 967 785 1047 817; x_wconf 80' lang='lat' dir='ltr'>ejus·</span> <span class='ocrx_word' id='word_1_66' title='bbox 1066 784 1070 817; x_wconf 94' lang='grc' dir='ltr'>Ι</span> <span class='ocrx_word' id='word_1_67' title='bbox 1102 783 1153 810; x_wconf 89' lang='grc'>201</span> <span class='ocrx_word' id='word_1_68' title='bbox 1172 785 1177 817; x_wconf 94' lang='grc'>1</span> <span class='ocrx_word' id='word_1_69' title='bbox 1209 784 1261 811; x_wconf 90' lang='grc'>421</span> 
     </span>
     <span class='ocr_line' id='line_1_30' title="bbox 410 834 1050 871; baseline -0.005 -8"><span class='ocrx_word' id='word_1_70' title='bbox 410 845 472 871; x_wconf 81' lang='lat' dir='ltr'>que</span> <span class='ocrx_word' id='word_1_71' title='bbox 491 837 708 871; x_wconf 79' lang='lat' dir='ltr'>suffraganeos</span> <span class='ocrx_word' id='word_1_72' title='bbox 725 839 754 863; x_wconf 88' lang='lat' dir='ltr'>et</span> <span class='ocrx_word' id='word_1_73' title='bbox 767 836 893 869; x_wconf 84' lang='lat' dir='ltr'>electos,</span> <span class='ocrx_word' id='word_1_74' title='bbox 909 834 1050 865; x_wconf 75' lang='lat' dir='ltr'>abbates.</span> 
     </span>
     <span class='ocr_line' id='line_1_31' title="bbox 410 882 1049 921; baseline -0.005 -10"><span class='ocrx_word' id='word_1_75' title='bbox 410 887 544 919; x_wconf 68' lang='lat' dir='ltr'>priores,</span> <span class='ocrx_word' id='word_1_76' title='bbox 562 887 770 921; x_wconf 71' lang='lat' dir='ltr'>praepositos,</span> <span class='ocrx_word' id='word_1_77' title='bbox 785 885 930 912; x_wconf 81' lang='lat' dir='ltr'>decanos.</span> <span class='ocrx_word' id='word_1_78' title='bbox 947 882 1049 910; x_wconf 89' lang='lat' dir='ltr'>archi-</span> 
     </span>
     <span class='ocr_line' id='line_1_32' title="bbox 408 931 1049 969; baseline -0.006 -8"><span class='ocrx_word' id='word_1_79' title='bbox 408 935 567 966; x_wconf 77' lang='lat' dir='ltr'>diaconos,</span> <span class='ocrx_word' id='word_1_80' title='bbox 598 933 903 969; x_wconf 70' lang='lat' dir='ltr'>archipresbyteros,</span> <span class='ocrx_word' id='word_1_81' title='bbox 938 931 1049 967; x_wconf 88' lang='lat' dir='ltr'>pleba—</span> 
     </span>
     <span class='ocr_line' id='line_1_33' title="bbox 408 980 1048 1015; baseline -0.006 -5"><span class='ocrx_word' id='word_1_82' title='bbox 408 992 463 1011; x_wconf 89' lang='lat' dir='ltr'>nos</span> <span class='ocrx_word' id='word_1_83' title='bbox 490 987 519 1010; x_wconf 90' lang='lat' dir='ltr'>et</span> <span class='ocrx_word' id='word_1_84' title='bbox 549 984 627 1010; x_wconf 86' lang='lat' dir='ltr'>alios</span> <span class='ocrx_word' id='word_1_85' title='bbox 659 983 865 1010; x_wconf 87' lang='lat' dir='ltr'>ecclesiarum</span> <span class='ocrx_word' id='word_1_86' title='bbox 892 980 1048 1015; x_wconf 86' lang='lat' dir='ltr'>praelatos</span> 
     </span>
     <span class='ocr_line' id='line_1_34' title="bbox 407 1030 1048 1063; baseline -0.006 -4"><span class='ocrx_word' id='word_1_87' title='bbox 407 1040 526 1059; x_wconf 79' lang='lat' dir='ltr'>necnon</span> <span class='ocrx_word' id='word_1_88' title='bbox 558 1032 791 1059; x_wconf 83' lang='lat' dir='ltr'>ecclesiasticos</span> <span class='ocrx_word' id='word_1_89' title='bbox 821 1034 850 1058; x_wconf 89' lang='lat' dir='ltr'>et</span> <span class='ocrx_word' id='word_1_90' title='bbox 881 1030 1048 1063; x_wconf 83' lang='lat' dir='ltr'>religiosas</span> 
     </span>
     <span class='ocr_line' id='line_1_35' title="bbox 406 1079 1047 1116; baseline -0.006 -8"><span class='ocrx_word' id='word_1_91' title='bbox 406 1089 556 1116; x_wconf 80' lang='lat' dir='ltr'>personas</span> <span class='ocrx_word' id='word_1_92' title='bbox 573 1088 748 1114; x_wconf 78' lang='lat' dir='ltr'>eorumque</span> <span class='ocrx_word' id='word_1_93' title='bbox 766 1079 917 1114; x_wconf 81' lang='lat' dir='ltr'>capitula,</span> <span class='ocrx_word' id='word_1_94' title='bbox 939 1086 1047 1106; x_wconf 84' lang='lat' dir='ltr'>exem-</span> 
     </span>
     <span class='ocr_line' id='line_1_36' title="bbox 409 1127 1046 1165; baseline -0.002 -11"><span class='ocrx_word' id='word_1_95' title='bbox 409 1133 461 1165; x_wconf 82' lang='lat' dir='ltr'>pta</span> <span class='ocrx_word' id='word_1_96' title='bbox 483 1133 514 1158; x_wconf 86' lang='lat' dir='ltr'>et</span> <span class='ocrx_word' id='word_1_97' title='bbox 537 1137 596 1156; x_wconf 90' lang='lat' dir='ltr'>non</span> <span class='ocrx_word' id='word_1_98' title='bbox 614 1132 771 1163; x_wconf 79' lang='lat' dir='ltr'>exempta.</span> <span class='ocrx_word' id='word_1_99' title='bbox 785 1128 966 1163; x_wconf 87' lang='lat' dir='ltr'>provinciae</span> <span class='ocrx_word' id='word_1_100' title='bbox 984 1127 1046 1153; x_wconf 90' lang='lat' dir='ltr'>Co-</span> 
     </span>
     <span class='ocr_line' id='line_1_37' title="bbox 407 1176 1047 1213; baseline -0.005 -8"><span class='ocrx_word' id='word_1_101' title='bbox 407 1179 553 1213; x_wconf 56' lang='lat' dir='ltr'>locensis,</span> <span class='ocrx_word' id='word_1_102' title='bbox 576 1187 594 1205; x_wconf 91' lang='lat' dir='ltr'>a</span> <span class='ocrx_word' id='word_1_103' title='bbox 619 1178 827 1205; x_wconf 73' lang='lat' dir='ltr'>subventione</span> <span class='ocrx_word' id='word_1_104' title='bbox 856 1176 1047 1211; x_wconf 75' lang='lat' dir='ltr'>praestanda</span> 
     </span>
     <span class='ocr_line' id='line_1_38' title="bbox 407 1225 1047 1262; baseline -0.008 -8"><span class='ocrx_word' id='word_1_105' title='bbox 407 1227 541 1262; x_wconf 87' lang='lat' dir='ltr'>imperio</span> <span class='ocrx_word' id='word_1_106' title='bbox 585 1225 943 1261; x_wconf 74' lang='lat' dir='ltr'>Constantinopolitano,</span> <span class='ocrx_word' id='word_1_107' title='bbox 990 1233 1047 1260; x_wconf 85' lang='lat' dir='ltr'>pro</span> 
     </span>
     <span class='ocr_line' id='line_1_39' title="bbox 407 1274 1043 1311; baseline -0.006 -7"><span class='ocrx_word' id='word_1_108' title='bbox 407 1285 471 1311; x_wconf 87' lang='lat' dir='ltr'>qua</span> <span class='ocrx_word' id='word_1_109' title='bbox 500 1276 670 1310; x_wconf 81' lang='lat' dir='ltr'>Angelum,</span> <span class='ocrx_word' id='word_1_110' title='bbox 705 1275 857 1303; x_wconf 86' lang='lat' dir='ltr'>clericum</span> <span class='ocrx_word' id='word_1_111' title='bbox 895 1274 1043 1308; x_wconf 83' lang='lat' dir='ltr'>apostoli-</span> 
     </span>
     <span class='ocr_line' id='line_1_40' title="bbox 407 1324 1043 1360; baseline -0.005 -8"><span class='ocrx_word' id='word_1_112' title='bbox 407 1334 490 1360; x_wconf 83' lang='lat' dir='ltr'>cum,</span> <span class='ocrx_word' id='word_1_113' title='bbox 524 1325 561 1352; x_wconf 88' lang='lat' dir='ltr'>ad</span> <span class='ocrx_word' id='word_1_114' title='bbox 595 1328 702 1360; x_wconf 87' lang='lat' dir='ltr'>partes</span> <span class='ocrx_word' id='word_1_115' title='bbox 732 1324 822 1359; x_wconf 84' lang='lat' dir='ltr'>regni</span> <span class='ocrx_word' id='word_1_116' title='bbox 858 1324 1043 1357; x_wconf 74' lang='lat' dir='ltr'>Hungariae</span> 
     </span>
     <span class='ocr_line' id='line_1_41' title="bbox 406 1373 805 1402; baseline -0.003 0"><span class='ocrx_word' id='word_1_117' title='bbox 406 1374 638 1402; x_wconf 80' lang='lat' dir='ltr'>transmiserat.</span> <span class='ocrx_word' id='word_1_118' title='bbox 658 1373 805 1401; x_wconf 83' lang='lat' dir='ltr'>absolvit.</span> 
     </span>
    </p>

    <p class='ocr_par' dir='ltr' id='par_1_23' title="bbox 408 1421 1068 1753">
     <span class='ocr_line' id='line_1_42' title="bbox 446 1421 1068 1457; baseline -0.003 -7"><span class='ocrx_word' id='word_1_119' title='bbox 446 1423 702 1457; x_wconf 82' lang='lat' dir='ltr'>Archiepiscopis</span> <span class='ocrx_word' id='word_1_120' title='bbox 724 1424 756 1449; x_wconf 88' lang='lat' dir='ltr'>et</span> <span class='ocrx_word' id='word_1_121' title='bbox 773 1422 927 1457; x_wconf 85' lang='lat' dir='ltr'>episcopis</span> <span class='ocrx_word' id='word_1_122' title='bbox 944 1429 978 1449; x_wconf 87' lang='lat' dir='ltr'>ac</span> <span class='ocrx_word' id='word_1_123' title='bbox 999 1429 1046 1448; x_wconf 84' lang='lat' dir='ltr'>ce·</span> <span class='ocrx_word' id='word_1_124' title='bbox 1063 1421 1068 1455; x_wconf 98' lang='grc' dir='ltr'>Ι</span> 
     </span>
     <span class='ocr_line' id='line_1_43' title="bbox 409 1471 1044 1506; baseline -0.005 -7"><span class='ocrx_word' id='word_1_125' title='bbox 409 1473 487 1499; x_wconf 89' lang='lat' dir='ltr'>teris</span> <span class='ocrx_word' id='word_1_126' title='bbox 510 1472 719 1499; x_wconf 83' lang='lat' dir='ltr'>ecclesiarum</span> <span class='ocrx_word' id='word_1_127' title='bbox 744 1471 898 1506; x_wconf 88' lang='lat' dir='ltr'>praelatis</span> <span class='ocrx_word' id='word_1_128' title='bbox 922 1478 978 1506; x_wconf 91' lang='lat' dir='ltr'>per</span> <span class='ocrx_word' id='word_1_129' title='bbox 998 1478 1044 1497; x_wconf 89' lang='lat' dir='ltr'>re-</span> 
     </span>
     <span class='ocr_line' id='line_1_44' title="bbox 409 1520 1047 1556; baseline 0 -9"><span class='ocrx_word' id='word_1_130' title='bbox 409 1529 505 1556; x_wconf 82' lang='lat' dir='ltr'>gnum</span> <span class='ocrx_word' id='word_1_131' title='bbox 527 1522 688 1548; x_wconf 79' lang='lat' dir='ltr'>Navarrae</span> <span class='ocrx_word' id='word_1_132' title='bbox 714 1520 897 1547; x_wconf 84' lang='lat' dir='ltr'>constitutis</span> <span class='ocrx_word' id='word_1_133' title='bbox 919 1520 1047 1547; x_wconf 88' lang='lat' dir='ltr'>nuntiat</span> 
     </span>
     <span class='ocr_line' id='line_1_45' title="bbox 409 1569 1043 1606; baseline -0.003 -9"><span class='ocrx_word' id='word_1_134' title='bbox 409 1579 442 1598; x_wconf 80' lang='lat' dir='ltr'>se</span> <span class='ocrx_word' id='word_1_135' title='bbox 459 1571 605 1606; x_wconf 83' lang='lat' dir='ltr'>episcopo</span> <span class='ocrx_word' id='word_1_136' title='bbox 621 1569 858 1605; x_wconf 81' lang='lat' dir='ltr'>Pampilonensi</span> <span class='ocrx_word' id='word_1_137' title='bbox 880 1569 1043 1603; x_wconf 83' lang='lat' dir='ltr'>negotium</span> 
     </span>
     <span class='ocr_line' id='line_1_46' title="bbox 408 1618 1044 1653; baseline -0.005 -6"><span class='ocrx_word' id='word_1_138' title='bbox 408 1621 520 1647; x_wconf 80' lang='lat' dir='ltr'>Crucis</span> <span class='ocrx_word' id='word_1_139' title='bbox 543 1620 574 1646; x_wconf 87' lang='lat' dir='ltr'>in</span> <span class='ocrx_word' id='word_1_140' title='bbox 596 1620 704 1646; x_wconf 80' lang='lat' dir='ltr'>eodem</span> <span class='ocrx_word' id='word_1_141' title='bbox 726 1627 822 1653; x_wconf 82' lang='lat' dir='ltr'>regno</span> <span class='ocrx_word' id='word_1_142' title='bbox 850 1618 1044 1645; x_wconf 78' lang='lat' dir='ltr'>commisisse</span> 
     </span>
     <span class='ocr_line' id='line_1_47' title="bbox 409 1667 1045 1704; baseline -0.005 -8"><span class='ocrx_word' id='word_1_143' title='bbox 409 1677 524 1704; x_wconf 86' lang='lat' dir='ltr'>eosque</span> <span class='ocrx_word' id='word_1_144' title='bbox 542 1672 633 1703; x_wconf 82' lang='lat' dir='ltr'>rogat</span> <span class='ocrx_word' id='word_1_145' title='bbox 649 1671 682 1696; x_wconf 84' lang='lat' dir='ltr'>ut</span> <span class='ocrx_word' id='word_1_146' title='bbox 706 1669 734 1695; x_wconf 89' lang='lat' dir='ltr'>ei</span> <span class='ocrx_word' id='word_1_147' title='bbox 752 1667 921 1695; x_wconf 87' lang='lat' dir='ltr'>consilium</span> <span class='ocrx_word' id='word_1_148' title='bbox 945 1671 974 1694; x_wconf 84' lang='lat' dir='ltr'>et</span> <span class='ocrx_word' id='word_1_149' title='bbox 996 1667 1045 1693; x_wconf 86' lang='lat' dir='ltr'>fa-</span> 
     </span>
     <span class='ocr_line' id='line_1_48' title="bbox 409 1717 728 1753; baseline -0.006 -7"><span class='ocrx_word' id='word_1_150' title='bbox 409 1726 515 1746; x_wconf 84' lang='lat' dir='ltr'>vorem</span> <span class='ocrx_word' id='word_1_151' title='bbox 532 1717 728 1753; x_wconf 82' lang='lat' dir='ltr'>impendant.</span> 
     </span>
    </p>

    <p class='ocr_par' dir='ltr' id='par_1_24' title="bbox 404 1765 1065 1997">
     <span class='ocr_line' id='line_1_49' title="bbox 442 1765 1065 1801; baseline -0.003 -8"><span class='ocrx_word' id='word_1_152' title='bbox 442 1767 528 1794; x_wconf 86' lang='lat' dir='ltr'>Idem</span> <span class='ocrx_word' id='word_1_153' title='bbox 550 1766 721 1794; x_wconf 84' lang='lat' dir='ltr'>mandatur</span> <span class='ocrx_word' id='word_1_154' title='bbox 744 1765 991 1801; x_wconf 76' lang='lat' dir='ltr'>archiepiscopis</span> <span class='ocrx_word' id='word_1_155' title='bbox 1014 1766 1065 1796; x_wconf 83' lang='lat' dir='ltr'>etl</span> 
     </span>
     <span class='ocr_line' id='line_1_50' title="bbox 406 1814 1042 1851; baseline -0.005 -8"><span class='ocrx_word' id='word_1_156' title='bbox 406 1816 562 1851; x_wconf 87' lang='lat' dir='ltr'>episcopis</span> <span class='ocrx_word' id='word_1_157' title='bbox 607 1818 638 1842; x_wconf 90' lang='lat' dir='ltr'>et</span> <span class='ocrx_word' id='word_1_158' title='bbox 675 1814 789 1843; x_wconf 85' lang='lat' dir='ltr'>ceteris</span> <span class='ocrx_word' id='word_1_159' title='bbox 834 1815 1042 1841; x_wconf 87' lang='lat' dir='ltr'>ecclesiarum</span> 
     </span>
     <span class='ocr_line' id='line_1_51' title="bbox 405 1864 1047 1901; baseline -0.003 -9"><span class='ocrx_word' id='word_1_160' title='bbox 405 1865 560 1900; x_wconf 87' lang='lat' dir='ltr'>praelatis</span> <span class='ocrx_word' id='word_1_161' title='bbox 593 1873 652 1901; x_wconf 84' lang='lat' dir='ltr'>per</span> <span class='ocrx_word' id='word_1_162' title='bbox 682 1864 832 1892; x_wconf 86' lang='lat' dir='ltr'>Walliam</span> <span class='ocrx_word' id='word_1_163' title='bbox 865 1864 1047 1890; x_wconf 87' lang='lat' dir='ltr'>constitutis</span> 
     </span>
     <span class='ocr_line' id='line_1_52' title="bbox 406 1913 1045 1948; baseline -0.005 -7"><span class='ocrx_word' id='word_1_164' title='bbox 406 1913 442 1940; x_wconf 88' lang='lat' dir='ltr'>de</span> <span class='ocrx_word' id='word_1_165' title='bbox 483 1914 666 1941; x_wconf 84' lang='lat' dir='ltr'>Menevensi</span> <span class='ocrx_word' id='word_1_166' title='bbox 703 1913 847 1948; x_wconf 84' lang='lat' dir='ltr'>episcopo</span> <span class='ocrx_word' id='word_1_167' title='bbox 882 1913 1045 1946; x_wconf 85' lang='lat' dir='ltr'>negotium</span> 
     </span>
     <span class='ocr_line' id='line_1_53' title="bbox 404 1963 661 1997; baseline 0 -8"><span class='ocrx_word' id='word_1_168' title='bbox 404 1963 517 1990; x_wconf 78' lang='lat' dir='ltr'>Crucis</span> <span class='ocrx_word' id='word_1_169' title='bbox 536 1965 661 1997; x_wconf 79' lang='lat' dir='ltr'>agente.</span> 
     </span>
    </p>

    <p class='ocr_par' dir='ltr' id='par_1_25' title="bbox 406 2011 1067 2192">
     <span class='ocr_line' id='line_1_54' title="bbox 442 2011 1067 2047; baseline -0.005 -8"><span class='ocrx_word' id='word_1_170' title='bbox 442 2012 595 2047; x_wconf 76' lang='lat' dir='ltr'>Episcopo</span> <span class='ocrx_word' id='word_1_171' title='bbox 626 2011 807 2039; x_wconf 87' lang='lat' dir='ltr'>Menevensi</span> <span class='ocrx_word' id='word_1_172' title='bbox 833 2011 963 2038; x_wconf 84' lang='lat' dir='ltr'>mandat</span> <span class='ocrx_word' id='word_1_173' title='bbox 991 2012 1067 2042; x_wconf 55' lang='grc' dir='ltr'>ηιξ-1</span> 
     </span>
     <span class='ocr_line' id='line_1_55' title="bbox 406 2059 1055 2096; baseline -0.003 -8"><span class='ocrx_word' id='word_1_174' title='bbox 406 2062 623 2096; x_wconf 79' lang='lat' dir='ltr'>crucesignati</span> <span class='ocrx_word' id='word_1_175' title='bbox 647 2062 679 2088; x_wconf 93' lang='lat' dir='ltr'>in</span> <span class='ocrx_word' id='word_1_176' title='bbox 704 2059 821 2087; x_wconf 86' lang='lat' dir='ltr'>Wallia</span> <span class='ocrx_word' id='word_1_177' title='bbox 843 2068 900 2096; x_wconf 88' lang='lat' dir='ltr'>per</span> <span class='ocrx_word' id='word_1_178' title='bbox 928 2059 1055 2087; x_wconf 84' lang='lat' dir='ltr'>litteras</span> 
     </span>
     <span class='ocr_line' id='line_1_56' title="bbox 406 2109 1045 2145; baseline -0.006 -7"><span class='ocrx_word' id='word_1_179' title='bbox 406 2111 595 2145; x_wconf 84' lang='lat' dir='ltr'>apostolicas</span> <span class='ocrx_word' id='word_1_180' title='bbox 624 2111 656 2136; x_wconf 91' lang='lat' dir='ltr'>in</span> <span class='ocrx_word' id='word_1_181' title='bbox 684 2117 812 2137; x_wconf 88' lang='lat' dir='ltr'>causam</span> <span class='ocrx_word' id='word_1_182' title='bbox 840 2109 928 2137; x_wconf 89' lang='lat' dir='ltr'>trahi</span> <span class='ocrx_word' id='word_1_183' title='bbox 954 2111 1045 2135; x_wconf 81' lang='lat' dir='ltr'>extra</span> 
     </span>
     <span class='ocr_line' id='line_1_57' title="bbox 407 2158 781 2192; baseline 0 -8"><span class='ocrx_word' id='word_1_184' title='bbox 407 2166 478 2185; x_wconf 78' lang='lat' dir='ltr'>suas</span> <span class='ocrx_word' id='word_1_185' title='bbox 493 2158 633 2185; x_wconf 75' lang='lat' dir='ltr'>dioceses</span> <span class='ocrx_word' id='word_1_186' title='bbox 652 2159 781 2192; x_wconf 84' lang='lat' dir='ltr'>possint.</span> 
     </span>
    </p>

    <p class='ocr_par' dir='ltr' id='par_1_26' title="bbox 403 2205 1064 2332">
     <span class='ocr_line' id='line_1_58' title="bbox 441 2205 1064 2242; baseline -0.002 -9"><span class='ocrx_word' id='word_1_187' title='bbox 441 2207 594 2242; x_wconf 81' lang='lat' dir='ltr'>Episcopo</span> <span class='ocrx_word' id='word_1_188' title='bbox 613 2206 742 2234; x_wconf 82' lang='lat' dir='ltr'>Oscensi</span> <span class='ocrx_word' id='word_1_189' title='bbox 765 2206 846 2233; x_wconf 87' lang='lat' dir='ltr'>idem</span> <span class='ocrx_word' id='word_1_190' title='bbox 872 2205 1042 2233; x_wconf 79' lang='lat' dir='ltr'>mandatur</span> <span class='ocrx_word' id='word_1_191' title='bbox 1060 2207 1064 2238; x_wconf 95' lang='grc'>1</span> 
     </span>
     <span class='ocr_line' id='line_1_59' title="bbox 403 2255 1044 2290; baseline -0.003 -7"><span class='ocrx_word' id='word_1_192' title='bbox 403 2256 441 2283; x_wconf 88' lang='lat' dir='ltr'>de</span> <span class='ocrx_word' id='word_1_193' title='bbox 470 2256 698 2289; x_wconf 82' lang='lat' dir='ltr'>crucesignatis</span> <span class='ocrx_word' id='word_1_194' title='bbox 724 2255 757 2282; x_wconf 92' lang='lat' dir='ltr'>in</span> <span class='ocrx_word' id='word_1_195' title='bbox 792 2263 889 2290; x_wconf 84' lang='lat' dir='ltr'>regno</span> <span class='ocrx_word' id='word_1_196' title='bbox 920 2255 1044 2290; x_wconf 86' lang='lat' dir='ltr'>Arago—</span> 
     </span>
     <span class='ocr_line' id='line_1_60' title="bbox 405 2313 494 2332; baseline 0 0"><span class='ocrx_word' id='word_1_197' title='bbox 405 2313 494 2332; x_wconf 89' lang='lat' dir='ltr'>num.</span> 
     </span>
    </p>
   </div>
   <div class='ocr_carea' id='block_1_22' title="bbox 1100 1421 1259 1502">
    <p class='ocr_par' dir='ltr' id='par_1_27' title="bbox 1100 1421 1259 1502">
     <span class='ocr_line' id='line_1_61' title="bbox 1100 1421 1173 1465; baseline 0.014 -18"><span class='ocrx_word' id='word_1_198' title='bbox 1100 1421 1151 1465; x_wconf 84' lang='grc'>232</span> <span class='ocrx_word' id='word_1_199' title='bbox 1170 1421 1173 1454; x_wconf 97' lang='grc' dir='ltr'>Ι</span> 
     </span>
     <span class='ocr_line' id='line_1_62' title="bbox 1214 1470 1259 1502; baseline 0 -7"><span class='ocrx_word' id='word_1_200' title='bbox 1214 1470 1259 1502; x_wconf 90' lang='grc' dir='ltr'>[ιιι</span> 
     </span>
    </p>
   </div>
   <div class='ocr_carea' id='block_1_23' title="bbox 1206 1763 1260 1845">
    <p class='ocr_par' dir='ltr' id='par_1_28' title="bbox 1206 1763 1260 1845">
     <span class='ocr_line' id='line_1_63' title="bbox 1206 1763 1257 1790; baseline 0 0"><span class='ocrx_word' id='word_1_201' title='bbox 1206 1763 1257 1790; x_wconf 83' lang='lat'>471</span> 
     </span>
     <span class='ocr_line' id='line_1_64' title="bbox 1212 1813 1260 1845; baseline 0 -6"><span class='ocrx_word' id='word_1_202' title='bbox 1212 1813 1260 1845; x_wconf 77' lang='lat' dir='ltr'>[bis</span> 
     </span>
    </p>
   </div>
   <div class='ocr_carea' id='block_1_24' title="bbox 1099 1764 1172 1797">
    <p class='ocr_par' dir='ltr' id='par_1_29' title="bbox 1099 1764 1172 1797">
     <span class='ocr_line' id='line_1_65' title="bbox 1099 1764 1172 1797; baseline 0 -6"><span class='ocrx_word' id='word_1_203' title='bbox 1099 1764 1151 1791; x_wconf 91' lang='grc'>232</span> <span class='ocrx_word' id='word_1_204' title='bbox 1168 1765 1172 1797; x_wconf 97' lang='grc'>1</span> 
     </span>
    </p>
   </div>
   <div class='ocr_carea' id='block_1_25' title="bbox 1099 2009 1171 2042">
    <p class='ocr_par' dir='ltr' id='par_1_30' title="bbox 1099 2009 1171 2042">
     <span class='ocr_line' id='line_1_66' title="bbox 1099 2009 1171 2042; baseline 0.014 -7"><span class='ocrx_word' id='word_1_205' title='bbox 1099 2009 1148 2036; x_wconf 80' lang='lat'>231</span> <span class='ocrx_word' id='word_1_206' title='bbox 1167 2010 1171 2042; x_wconf 86' lang='grc' dir='ltr'>ι</span> 
     </span>
    </p>
   </div>
   <div class='ocr_carea' id='block_1_26' title="bbox 1212 2059 1259 2090">
    <p class='ocr_par' dir='ltr' id='par_1_31' title="bbox 1212 2059 1259 2090">
     <span class='ocr_line' id='line_1_67' title="bbox 1212 2059 1259 2090; baseline 0 -6"><span class='ocrx_word' id='word_1_207' title='bbox 1212 2059 1259 2090; x_wconf 69' lang='lat' dir='ltr'>[bis</span> 
     </span>
    </p>
   </div>
   <div class='ocr_carea' id='block_1_27' title="bbox 1205 2205 1238 2231">
    <p class='ocr_par' dir='ltr' id='par_1_32' title="bbox 1205 2205 1238 2231">
     <span class='ocr_line' id='line_1_68' title="bbox 1205 2205 1238 2231; baseline 0 0"><span class='ocrx_word' id='word_1_208' title='bbox 1205 2205 1238 2231; x_wconf 80' lang='lat'>47</span> 
     </span>
    </p>
   </div>
   <div class='ocr_carea' id='block_1_28' title="bbox 1097 2204 1170 2238">
    <p class='ocr_par' dir='ltr' id='par_1_33' title="bbox 1097 2204 1170 2238">
     <span class='ocr_line' id='line_1_69' title="bbox 1097 2204 1170 2238; baseline 0 -6"><span class='ocrx_word' id='word_1_209' title='bbox 1097 2205 1147 2232; x_wconf 88' lang='grc'>231</span> <span class='ocrx_word' id='word_1_210' title='bbox 1165 2204 1170 2238; x_wconf 92' lang='grc' dir='ltr'>Ι</span> 
     </span>
    </p>
   </div>
   <div class='ocr_carea' id='block_1_29' title="bbox 404 2352 1284 2438">
    <p class='ocr_par' dir='ltr' id='par_1_34' title="bbox 404 2352 1284 2438">
     <span class='ocr_line' id='line_1_70' title="bbox 439 2352 1169 2390; baseline -0.004 -8"><span class='ocrx_word' id='word_1_211' title='bbox 439 2355 593 2390; x_wconf 84' lang='lat' dir='ltr'>Episcopo</span> <span class='ocrx_word' id='word_1_212' title='bbox 610 2354 756 2382; x_wconf 84' lang='lat' dir='ltr'>Scarensi</span> <span class='ocrx_word' id='word_1_213' title='bbox 769 2353 853 2380; x_wconf 85' lang='lat' dir='ltr'>idem</span> <span class='ocrx_word' id='word_1_214' title='bbox 870 2353 1038 2380; x_wconf 85' lang='lat' dir='ltr'>mandatur</span> <span class='ocrx_word' id='word_1_215' title='bbox 1056 2353 1060 2385; x_wconf 94' lang='grc' dir='ltr'>Ι</span> <span class='ocrx_word' id='word_1_216' title='bbox 1094 2352 1146 2379; x_wconf 85' lang='grc'>232</span> <span class='ocrx_word' id='word_1_217' title='bbox 1164 2354 1169 2384; x_wconf 89' lang='grc'>1</span> 
     </span>
     <span class='ocr_line' id='line_1_71' title="bbox 404 2401 1284 2438; baseline -0.002 -8"><span class='ocrx_word' id='word_1_218' title='bbox 404 2403 441 2430; x_wconf 89' lang='lat' dir='ltr'>de</span> <span class='ocrx_word' id='word_1_219' title='bbox 458 2403 686 2438; x_wconf 80' lang='lat' dir='ltr'>crucesignatis</span> <span class='ocrx_word' id='word_1_220' title='bbox 703 2403 734 2429; x_wconf 88' lang='lat' dir='ltr'>in</span> <span class='ocrx_word' id='word_1_221' title='bbox 752 2403 871 2430; x_wconf 86' lang='lat' dir='ltr'>Suetia.</span> <span class='ocrx_word' id='word_1_222' title='bbox 1204 2401 1257 2437; x_wconf 86' lang='lat' dir='ltr'>[vn</span> <span class='ocrx_word' id='word_1_223' title='bbox 1283 2431 1284 2434; x_wconf 15' lang='grc' dir='ltr'>Ι</span> 
     </span>
    </p>
   </div>
   <div class='ocr_carea' id='block_1_30' title="bbox 437 2449 1284 2487">
    <p class='ocr_par' dir='ltr' id='par_1_35' title="bbox 437 2449 1284 2487">
     <span class='ocr_line' id='line_1_72' title="bbox 437 2449 1284 2487; baseline -0.001 -8"><span class='ocrx_word' id='word_1_224' title='bbox 437 2452 684 2487; x_wconf 84' lang='lat' dir='ltr'>Archiepiscopo</span> <span class='ocrx_word' id='word_1_225' title='bbox 715 2452 926 2486; x_wconf 86' lang='lat' dir='ltr'>Strigoniensi</span> <span class='ocrx_word' id='word_1_226' title='bbox 954 2451 1061 2485; x_wconf 73' lang='lat' dir='ltr'>idem!</span> <span class='ocrx_word' id='word_1_227' title='bbox 1095 2451 1168 2485; x_wconf 89' lang='grc'>2321</span> <span class='ocrx_word' id='word_1_228' title='bbox 1202 2451 1256 2478; x_wconf 78' lang='grc'>470</span> <span class='ocrx_word' id='word_1_229' title='bbox 1282 2449 1284 2462; x_wconf 62' lang='lat'>⁴¹</span> 
     </span>
    </p>
   </div>
   <div class='ocr_carea' id='block_1_31' title="bbox 402 2501 1256 2584">
    <p class='ocr_par' dir='ltr' id='par_1_36' title="bbox 402 2501 1256 2584">
     <span class='ocr_line' id='line_1_73' title="bbox 402 2501 1256 2535; baseline -0.001 -7"><span class='ocrx_word' id='word_1_230' title='bbox 402 2501 572 2528; x_wconf 86' lang='lat' dir='ltr'>mandatur</span> <span class='ocrx_word' id='word_1_231' title='bbox 584 2501 620 2527; x_wconf 86' lang='lat' dir='ltr'>de</span> <span class='ocrx_word' id='word_1_232' title='bbox 643 2501 873 2535; x_wconf 82' lang='lat' dir='ltr'>crucesignatis</span> <span class='ocrx_word' id='word_1_233' title='bbox 893 2501 924 2527; x_wconf 92' lang='lat' dir='ltr'>iu</span> <span class='ocrx_word' id='word_1_234' title='bbox 947 2508 1043 2535; x_wconf 84' lang='lat' dir='ltr'>regno</span> <span class='ocrx_word' id='word_1_235' title='bbox 1225 2501 1256 2535; x_wconf 77' lang='lat' dir='ltr'>[x</span> 
     </span>
     <span class='ocr_line' id='line_1_74' title="bbox 402 2550 1170 2584; baseline 0 -8"><span class='ocrx_word' id='word_1_236' title='bbox 402 2550 598 2584; x_wconf 83' lang='lat' dir='ltr'>Hungariae.</span> <span class='ocrx_word' id='word_1_237' title='bbox 805 2571 808 2573; x_wconf 58' lang='grc'><strong>,</strong></span> <span class='ocrx_word' id='word_1_238' title='bbox 1061 2556 1123 2576; x_wconf 77' lang='lat' dir='ltr'>tome</span> <span class='ocrx_word' id='word_1_239' title='bbox 1138 2556 1170 2576; x_wconf 92' lang='lat'>111</span> 
     </span>
    </p>
   </div>
   <div class='ocr_carea' id='block_1_32' title="bbox 439 2598 1252 2634">
    <p class='ocr_par' dir='ltr' id='par_1_37' title="bbox 439 2598 1252 2634">
     <span class='ocr_line' id='line_1_75' title="bbox 439 2598 1252 2634; baseline -0.002 -8"><span class='ocrx_word' id='word_1_240' title='bbox 439 2600 622 2634; x_wconf 67' lang='lat' dir='ltr'>Praeposito</span> <span class='ocrx_word' id='word_1_241' title='bbox 633 2598 670 2625; x_wconf 86' lang='lat' dir='ltr'>de</span> <span class='ocrx_word' id='word_1_242' title='bbox 684 2598 830 2630; x_wconf 80' lang='lat' dir='ltr'>Betunia,</span> <span class='ocrx_word' id='word_1_243' title='bbox 847 2599 869 2624; x_wconf 80' lang='lat' dir='ltr'><strong>A</strong></span> <span class='ocrx_word' id='word_1_244' title='bbox 878 2598 1039 2625; x_wconf 85' lang='lat' dir='ltr'>trebaten-</span> <span class='ocrx_word' id='word_1_245' title='bbox 1055 2598 1060 2632; x_wconf 91' lang='grc'>1</span> <span class='ocrx_word' id='word_1_246' title='bbox 1095 2598 1143 2624; x_wconf 83' lang='grc'>’121</span> <span class='ocrx_word' id='word_1_247' title='bbox 1163 2599 1167 2630; x_wconf 96' lang='grc'>1</span> <span class='ocrx_word' id='word_1_248' title='bbox 1183 2598 1252 2625; x_wconf 87' lang='grc'>1137</span> 
     </span>
    </p>
   </div>
   <div class='ocr_carea' id='block_1_33' title="bbox 371 2646 1038 2681">
    <p class='ocr_par' dir='ltr' id='par_1_38' title="bbox 371 2646 1038 2681">
     <span class='ocr_line' id='line_1_76' title="bbox 371 2646 1038 2681; baseline 0 -8"><span class='ocrx_word' id='word_1_249' title='bbox 371 2662 373 2664; x_wconf 89' lang='grc'>-</span> <span class='ocrx_word' id='word_1_250' title='bbox 403 2648 445 2675; x_wconf 82' lang='lat' dir='ltr'>sis</span> <span class='ocrx_word' id='word_1_251' title='bbox 462 2647 607 2681; x_wconf 71' lang='lat' dir='ltr'>diocesis,</span> <span class='ocrx_word' id='word_1_252' title='bbox 621 2650 650 2674; x_wconf 88' lang='lat' dir='ltr'>et</span> <span class='ocrx_word' id='word_1_253' title='bbox 669 2646 805 2673; x_wconf 70' lang='lat' dir='ltr'>Johnnni</span> <span class='ocrx_word' id='word_1_254' title='bbox 821 2647 1038 2678; x_wconf 83' lang='lat' dir='ltr'>Pantaleonis,</span> 
     </span>
    </p>
   </div>
   <div class='ocr_carea' id='block_1_34' title="bbox 401 2695 1253 2976">
    <p class='ocr_par' dir='ltr' id='par_1_39' title="bbox 401 2695 1253 2976">
     <span class='ocr_line' id='line_1_77' title="bbox 402 2695 1042 2731; baseline 0 -9"><span class='ocrx_word' id='word_1_255' title='bbox 402 2696 566 2731; x_wconf 86' lang='lat' dir='ltr'>capellano</span> <span class='ocrx_word' id='word_1_256' title='bbox 581 2695 763 2731; x_wconf 80' lang='lat' dir='ltr'>apostolico,</span> <span class='ocrx_word' id='word_1_257' title='bbox 786 2695 912 2724; x_wconf 83' lang='lat' dir='ltr'>mandat</span> <span class='ocrx_word' id='word_1_258' title='bbox 934 2698 968 2722; x_wconf 89' lang='lat' dir='ltr'>ut</span> <span class='ocrx_word' id='word_1_259' title='bbox 982 2696 1042 2723; x_wconf 86' lang='lat' dir='ltr'>He-</span> 
     </span>
     <span class='ocr_line' id='line_1_78' title="bbox 405 2744 1046 2773; baseline -0.005 0"><span class='ocrx_word' id='word_1_260' title='bbox 405 2746 466 2773; x_wconf 90' lang='lat' dir='ltr'>liae</span> <span class='ocrx_word' id='word_1_261' title='bbox 491 2745 592 2773; x_wconf 87' lang='lat' dir='ltr'>Peleti</span> <span class='ocrx_word' id='word_1_262' title='bbox 620 2744 767 2772; x_wconf 83' lang='lat' dir='ltr'>satisfieri</span> <span class='ocrx_word' id='word_1_263' title='bbox 793 2744 911 2771; x_wconf 85' lang='lat' dir='ltr'>faciant</span> <span class='ocrx_word' id='word_1_264' title='bbox 935 2744 972 2770; x_wconf 86' lang='lat' dir='ltr'>de</span> <span class='ocrx_word' id='word_1_265' title='bbox 996 2752 1046 2771; x_wconf 82' lang='lat' dir='ltr'>ex-</span> 
     </span>
     <span class='ocr_line' id='line_1_79' title="bbox 404 2793 1041 2830; baseline 0 -9"><span class='ocrx_word' id='word_1_266' title='bbox 404 2794 510 2829; x_wconf 80' lang='lat' dir='ltr'>pensis</span> <span class='ocrx_word' id='word_1_267' title='bbox 532 2803 611 2830; x_wconf 88' lang='lat' dir='ltr'>quas</span> <span class='ocrx_word' id='word_1_268' title='bbox 628 2802 685 2830; x_wconf 90' lang='lat' dir='ltr'>pro</span> <span class='ocrx_word' id='word_1_269' title='bbox 709 2794 882 2821; x_wconf 89' lang='lat' dir='ltr'>Morinensi</span> <span class='ocrx_word' id='word_1_270' title='bbox 906 2793 1041 2821; x_wconf 83' lang='lat' dir='ltr'>ecclesia</span> 
     </span>
     <span class='ocr_line' id='line_1_80' title="bbox 405 2843 490 2871; baseline -0.024 -1"><span class='ocrx_word' id='word_1_271' title='bbox 405 2843 490 2871; x_wconf 83' lang='lat' dir='ltr'>fecit.</span> 
     </span>
     <span class='ocr_line' id='line_1_81' title="bbox 437 2890 1253 2927; baseline -0.002 -8"><span class='ocrx_word' id='word_1_272' title='bbox 437 2891 683 2927; x_wconf 87' lang='lat' dir='ltr'>Archiepiscopo</span> <span class='ocrx_word' id='word_1_273' title='bbox 709 2891 951 2923; x_wconf 87' lang='lat' dir='ltr'>Terraconensi,</span> <span class='ocrx_word' id='word_1_274' title='bbox 976 2891 1061 2923; x_wconf 75' lang='lat' dir='ltr'>una!</span> <span class='ocrx_word' id='word_1_275' title='bbox 1093 2890 1168 2923; x_wconf 91' lang='grc'>2031</span> <span class='ocrx_word' id='word_1_276' title='bbox 1199 2890 1253 2918; x_wconf 81' lang='grc'>425</span> 
     </span>
     <span class='ocr_line' id='line_1_82' title="bbox 401 2939 1041 2976; baseline -0.003 -8"><span class='ocrx_word' id='word_1_277' title='bbox 401 2949 472 2968; x_wconf 85' lang='lat' dir='ltr'>cum</span> <span class='ocrx_word' id='word_1_278' title='bbox 490 2941 635 2976; x_wconf 79' lang='lat' dir='ltr'>episcopo</span> <span class='ocrx_word' id='word_1_279' title='bbox 651 2940 780 2967; x_wconf 80' lang='lat' dir='ltr'>Oscensi</span> <span class='ocrx_word' id='word_1_280' title='bbox 795 2942 827 2966; x_wconf 83' lang='lat' dir='ltr'>et</span> <span class='ocrx_word' id='word_1_281' title='bbox 848 2939 963 2968; x_wconf 88' lang='lat' dir='ltr'>abbate</span> <span class='ocrx_word' id='word_1_282' title='bbox 980 2948 1041 2967; x_wconf 86' lang='lat' dir='ltr'>mo-</span> 
     </span>
    </p>
   </div>
   <div class='ocr_carea' id='block_1_35' title="bbox 1206 1419 1287 1447">
    <p class='ocr_par' dir='ltr' id='par_1_40' title="bbox 1206 1419 1287 1447">
     <span class='ocr_line' id='line_1_83' title="bbox 1206 1419 1287 1447; baseline 0.012 -1"><span class='ocrx_word' id='word_1_283' title='bbox 1206 1419 1257 1446; x_wconf 81' lang='grc'>471</span> <span class='ocrx_word' id='word_1_284' title='bbox 1286 1443 1287 1447; x_wconf 72' lang='grc'>,</span> 
     </span>
    </p>
   </div>
   <div class='ocr_carea' id='block_1_36' title="bbox 1204 2009 1284 2037">
    <p class='ocr_par' dir='ltr' id='par_1_41' title="bbox 1204 2009 1284 2037">
     <span class='ocr_line' id='line_1_84' title="bbox 1204 2009 1284 2037; baseline -0.025 0"><span class='ocrx_word' id='word_1_285' title='bbox 1204 2009 1258 2037; x_wconf 87' lang='grc'>470</span> <span class='ocrx_word' id='word_1_286' title='bbox 1283 2030 1284 2035; x_wconf 69' lang='grc'>,</span> 
     </span>
    </p>
   </div>
   <div class='ocr_carea' id='block_1_37' title="bbox 1216 2254 1284 2290">
    <p class='ocr_par' dir='ltr' id='par_1_42' title="bbox 1216 2254 1284 2290">
     <span class='ocr_line' id='line_1_85' title="bbox 1216 2254 1284 2290; baseline 0 0"><span class='ocrx_word' id='word_1_287' title='bbox 1216 2254 1258 2290; x_wconf 76' lang='lat' dir='ltr'>[IV</span> <span class='ocrx_word' id='word_1_288' title='bbox 1283 2265 1284 2271; x_wconf 60' lang='lat'>¹</span> 
     </span>
    </p>
   </div>
   <div class='ocr_carea' id='block_1_38' title="bbox 1202 2353 1284 2381">
    <p class='ocr_par' dir='ltr' id='par_1_43' title="bbox 1202 2353 1284 2381">
     <span class='ocr_line' id='line_1_86' title="bbox 1202 2353 1284 2381; baseline -0.024 0"><span class='ocrx_word' id='word_1_289' title='bbox 1202 2353 1257 2381; x_wconf 80' lang='lat'>470</span> <span class='ocrx_word' id='word_1_290' title='bbox 1283 2363 1284 2366; x_wconf 52' lang='lat'>¹</span> 
     </span>
    </p>
   </div>
   <div class='ocr_carea' id='block_1_39' title="bbox 1281 398 1293 2920">
    <p class='ocr_par' dir='ltr' id='par_1_44' title="bbox 1281 398 1293 2920">
     <span class='ocr_line' id='line_1_87' title="bbox 1281 398 1293 2920; baseline 0 0"><span class='ocrx_word' id='word_1_291' title='bbox 1281 398 1293 2920; x_wconf 95' lang='lat' dir='ltr'> </span> 
     </span>
    </p>
   </div>
   <div class='ocr_carea' id='block_1_40' title="bbox 1342 491 1406 518">
    <p class='ocr_par' dir='ltr' id='par_1_45' title="bbox 1342 491 1406 518">
     <span class='ocr_line' id='line_1_88' title="bbox 1342 491 1406 518; baseline 0.016 -1"><span class='ocrx_word' id='word_1_292' title='bbox 1342 491 1406 518; x_wconf 87' lang='grc'>1263</span> 
     </span>
    </p>
   </div>
   <div class='ocr_carea' id='block_1_41' title="bbox 1319 539 1446 567">
    <p class='ocr_par' dir='ltr' id='par_1_46' title="bbox 1319 539 1446 567">
     <span class='ocr_line' id='line_1_89' title="bbox 1319 539 1446 567; baseline 0 0"><span class='ocrx_word' id='word_1_293' title='bbox 1319 541 1381 567; x_wconf 87' lang='lat' dir='ltr'>oct.</span> <span class='ocrx_word' id='word_1_294' title='bbox 1401 539 1446 567; x_wconf 82' lang='lat'>15.</span> 
     </span>
    </p>
   </div>
   <div class='ocr_carea' id='block_1_42' title="bbox 1355 637 1452 665">
    <p class='ocr_par' dir='ltr' id='par_1_47' title="bbox 1355 637 1452 665">
     <span class='ocr_line' id='line_1_90' title="bbox 1355 637 1452 665; baseline 0.041 -4"><span class='ocrx_word' id='word_1_295' title='bbox 1355 646 1368 661; x_wconf 64' lang='grc' dir='ltr'>ν)</span> <span class='ocrx_word' id='word_1_296' title='bbox 1408 637 1452 665; x_wconf 83' lang='grc'>’18-</span> 
     </span>
    </p>
   </div>
   <div class='ocr_carea' id='block_1_43' title="bbox 1356 892 1368 905">
    <p class='ocr_par' dir='ltr' id='par_1_48' title="bbox 1356 892 1368 905">
     <span class='ocr_line' id='line_1_91' title="bbox 1356 892 1368 905; baseline 0.083 -1"><span class='ocrx_word' id='word_1_297' title='bbox 1356 892 1368 905; x_wconf 80' lang='grc'>1)</span> 
     </span>
    </p>
   </div>
   <div class='ocr_carea' id='block_1_44' title="bbox 1352 1526 1366 1541">
    <p class='ocr_par' dir='ltr' id='par_1_49' title="bbox 1352 1526 1366 1541">
     <span class='ocr_line' id='line_1_92' title="bbox 1352 1526 1366 1541; baseline 0 0"><span class='ocrx_word' id='word_1_298' title='bbox 1352 1526 1366 1541; x_wconf 71' lang='grc'>1)</span> 
     </span>
    </p>
   </div>
   <div class='ocr_carea' id='block_1_45' title="bbox 1352 1673 1366 1688">
    <p class='ocr_par' dir='ltr' id='par_1_50' title="bbox 1352 1673 1366 1688">
     <span class='ocr_line' id='line_1_93' title="bbox 1352 1673 1366 1688; baseline 0.071 -1"><span class='ocrx_word' id='word_1_299' title='bbox 1352 1673 1366 1688; x_wconf 86' lang='grc'>))</span> 
     </span>
    </p>
   </div>
   <div class='ocr_carea' id='block_1_46' title="bbox 1352 1868 1366 1883">
    <p class='ocr_par' dir='ltr' id='par_1_51' title="bbox 1352 1868 1366 1883">
     <span class='ocr_line' id='line_1_94' title="bbox 1352 1868 1366 1883; baseline 0.071 -1"><span class='ocrx_word' id='word_1_300' title='bbox 1352 1868 1366 1883; x_wconf 76' lang='lat'>1)</span> 
     </span>
    </p>
   </div>
   <div class='ocr_carea' id='block_1_47' title="bbox 1352 2360 1366 2376">
    <p class='ocr_par' dir='ltr' id='par_1_52' title="bbox 1352 2360 1366 2376">
     <span class='ocr_line' id='line_1_95' title="bbox 1352 2360 1366 2376; baseline 0.071 -1"><span class='ocrx_word' id='word_1_301' title='bbox 1352 2360 1366 2376; x_wconf 83' lang='lat'>))</span> 
     </span>
    </p>
   </div>
   <div class='ocr_carea' id='block_1_48' title="bbox 1351 2607 1364 2622">
    <p class='ocr_par' dir='ltr' id='par_1_53' title="bbox 1351 2607 1364 2622">
     <span class='ocr_line' id='line_1_96' title="bbox 1351 2607 1364 2622; baseline 0.077 -1"><span class='ocrx_word' id='word_1_302' title='bbox 1351 2607 1364 2622; x_wconf 73' lang='lat' dir='ltr'>i)</span> 
     </span>
    </p>
   </div>
   <div class='ocr_carea' id='block_1_49' title="bbox 1351 2852 1364 2866">
    <p class='ocr_par' dir='ltr' id='par_1_54' title="bbox 1351 2852 1364 2866">
     <span class='ocr_line' id='line_1_97' title="bbox 1351 2852 1364 2866; baseline 0 0"><span class='ocrx_word' id='word_1_303' title='bbox 1351 2852 1364 2866; x_wconf 84' lang='grc'>))</span> 
     </span>
    </p>
   </div>
   <div class='ocr_carea' id='block_1_50' title="bbox 1426 891 1439 905">
    <p class='ocr_par' dir='ltr' id='par_1_55' title="bbox 1426 891 1439 905">
     <span class='ocr_line' id='line_1_98' title="bbox 1426 891 1439 905; baseline 0.077 -1"><span class='ocrx_word' id='word_1_304' title='bbox 1426 891 1439 905; x_wconf 80' lang='grc'>))</span> 
     </span>
    </p>
   </div>
   <div class='ocr_carea' id='block_1_51' title="bbox 1423 1526 1436 1542">
    <p class='ocr_par' dir='ltr' id='par_1_56' title="bbox 1423 1526 1436 1542">
     <span class='ocr_line' id='line_1_99' title="bbox 1423 1526 1436 1542; baseline 0.077 -1"><span class='ocrx_word' id='word_1_305' title='bbox 1423 1526 1436 1542; x_wconf 80' lang='grc'>))</span> 
     </span>
    </p>
   </div>
   <div class='ocr_carea' id='block_1_52' title="bbox 1423 1673 1438 1688">
    <p class='ocr_par' dir='ltr' id='par_1_57' title="bbox 1423 1673 1438 1688">
     <span class='ocr_line' id='line_1_100' title="bbox 1423 1673 1438 1688; baseline 0 0"><span class='ocrx_word' id='word_1_306' title='bbox 1423 1673 1438 1688; x_wconf 67' lang='lat' dir='ltr'>’D</span> 
     </span>
    </p>
   </div>
   <div class='ocr_carea' id='block_1_53' title="bbox 1423 1869 1437 1884">
    <p class='ocr_par' dir='ltr' id='par_1_58' title="bbox 1423 1869 1437 1884">
     <span class='ocr_line' id='line_1_101' title="bbox 1423 1869 1437 1884; baseline 0.071 -1"><span class='ocrx_word' id='word_1_307' title='bbox 1423 1869 1437 1884; x_wconf 85' lang='grc'>))</span> 
     </span>
    </p>
   </div>
   <div class='ocr_carea' id='block_1_54' title="bbox 1423 2361 1435 2375">
    <p class='ocr_par' dir='ltr' id='par_1_59' title="bbox 1423 2361 1435 2375">
     <span class='ocr_line' id='line_1_102' title="bbox 1423 2361 1435 2375; baseline 0.083 -1"><span class='ocrx_word' id='word_1_308' title='bbox 1423 2361 1435 2375; x_wconf 73' lang='grc' dir='ltr'>ι)</span> 
     </span>
    </p>
   </div>
   <div class='ocr_carea' id='block_1_55' title="bbox 1405 2598 1446 2625">
    <p class='ocr_par' dir='ltr' id='par_1_60' title="bbox 1405 2598 1446 2625">
     <span class='ocr_line' id='line_1_103' title="bbox 1405 2598 1446 2625; baseline 0.024 -2"><span class='ocrx_word' id='word_1_309' title='bbox 1405 2598 1446 2625; x_wconf 79' lang='grc'>19.</span> 
     </span>
    </p>
   </div>
   <div class='ocr_carea' id='block_1_56' title="bbox 1420 2851 1434 2866">
    <p class='ocr_par' dir='ltr' id='par_1_61' title="bbox 1420 2851 1434 2866">
     <span class='ocr_line' id='line_1_104' title="bbox 1420 2851 1434 2866; baseline 0 0"><span class='ocrx_word' id='word_1_310' title='bbox 1420 2851 1434 2866; x_wconf 72' lang='lat' dir='ltr'>i)</span> 
     </span>
    </p>
   </div>
   <div class='ocr_carea' id='block_1_57' title="bbox 1481 492 1595 518">
    <p class='ocr_par' dir='ltr' id='par_1_62' title="bbox 1481 492 1595 518">
     <span class='ocr_line' id='line_1_105' title="bbox 1481 492 1595 518; baseline 0.009 -1"><span class='ocrx_word' id='word_1_311' title='bbox 1481 492 1595 518; x_wconf 74' lang='lat' dir='ltr'>Orvz&#39;eto.</span> 
     </span>
    </p>
   </div>
   <div class='ocr_carea' id='block_1_58' title="bbox 2430 255 2485 287">
    <p class='ocr_par' dir='ltr' id='par_1_63' title="bbox 2430 255 2485 287">
     <span class='ocr_line' id='line_1_106' title="bbox 2430 255 2485 287; baseline 0 -5"><span class='ocrx_word' id='word_1_312' title='bbox 2430 255 2485 287; x_wconf 69' lang='lat'>111</span> 
     </span>
    </p>
   </div>
   <div class='ocr_carea' id='block_1_59' title="bbox 2280 347 2488 366">
    <p class='ocr_par' dir='ltr' id='par_1_64' title="bbox 2280 347 2488 366">
     <span class='ocr_line' id='line_1_107' title="bbox 2280 347 2488 366; baseline 0 -2"><span class='ocrx_word' id='word_1_313' title='bbox 2280 347 2350 365; x_wconf 63' lang='lat' dir='ltr'>Puxes.</span> <span class='ocrx_word' id='word_1_314' title='bbox 2382 347 2488 366; x_wconf 67' lang='lat' dir='ltr'>Numeros.</span> 
     </span>
    </p>
   </div>
   <div class='ocr_carea' id='block_1_60' title="bbox 1639 395 2488 576">
    <p class='ocr_par' dir='ltr' id='par_1_65' title="bbox 1639 395 2488 576">
     <span class='ocr_line' id='line_1_108' title="bbox 1639 395 2279 428; baseline 0.003 -9"><span class='ocrx_word' id='word_1_315' title='bbox 1639 395 1770 421; x_wconf 66' lang='lat' dir='ltr'>nastvrii</span> <span class='ocrx_word' id='word_1_316' title='bbox 1789 395 1825 420; x_wconf 69' lang='lat'>110</span> <span class='ocrx_word' id='word_1_317' title='bbox 1847 395 1869 421; x_wconf 86' lang='lat' dir='ltr'>P</span> <span class='ocrx_word' id='word_1_318' title='bbox 1884 395 2011 428; x_wconf 63' lang='lat' dir='ltr'>upulcto,</span> <span class='ocrx_word' id='word_1_319' title='bbox 2037 395 2185 422; x_wconf 67' lang='lat' dir='ltr'>ecclesiae</span> <span class='ocrx_word' id='word_1_320' title='bbox 2203 396 2279 421; x_wconf 75' lang='lat' dir='ltr'>Ter-</span> 
     </span>
     <span class='ocr_line' id='line_1_109' title="bbox 1639 444 2276 472; baseline 0.003 -3"><span class='ocrx_word' id='word_1_321' title='bbox 1639 445 1818 471; x_wconf 57' lang='lat' dir='ltr'>raconensis</span> <span class='ocrx_word' id='word_1_322' title='bbox 1852 444 2063 472; x_wconf 80' lang='lat' dir='ltr'>visitationem</span> <span class='ocrx_word' id='word_1_323' title='bbox 2093 444 2276 471; x_wconf 81' lang='lat' dir='ltr'>committit.</span> 
     </span>
     <span class='ocr_line' id='line_1_110' title="bbox 1674 492 2488 528; baseline 0.001 -10"><span class='ocrx_word' id='word_1_324' title='bbox 1674 492 1912 527; x_wconf 74' lang='lat' dir='ltr'>Bonajuuctum.</span> <span class='ocrx_word' id='word_1_325' title='bbox 1948 493 2106 528; x_wconf 69' lang='lat' dir='ltr'>quondam</span> <span class='ocrx_word' id='word_1_326' title='bbox 2138 493 2273 520; x_wconf 84' lang='lat' dir='ltr'>Recana-</span> <span class='ocrx_word' id='word_1_327' title='bbox 2292 495 2295 524; x_wconf 94' lang='grc' dir='ltr'>Ι</span> <span class='ocrx_word' id='word_1_328' title='bbox 2333 493 2380 519; x_wconf 71' lang='grc'>190</span> <span class='ocrx_word' id='word_1_329' title='bbox 2398 494 2402 525; x_wconf 87' lang='grc' dir='ltr'>Ι</span> <span class='ocrx_word' id='word_1_330' title='bbox 2435 494 2488 520; x_wconf 70' lang='grc'>410</span> 
     </span>
     <span class='ocr_line' id='line_1_111' title="bbox 1643 542 2278 576; baseline 0 -8"><span class='ocrx_word' id='word_1_331' title='bbox 1643 544 1760 568; x_wconf 77' lang='lat' dir='ltr'>tenscm</span> <span class='ocrx_word' id='word_1_332' title='bbox 1775 543 1967 576; x_wconf 73' lang='lat' dir='ltr'>episcopum,</span> <span class='ocrx_word' id='word_1_333' title='bbox 1984 542 2133 568; x_wconf 78' lang='lat' dir='ltr'>ecclesiae</span> <span class='ocrx_word' id='word_1_334' title='bbox 2147 542 2278 569; x_wconf 80' lang='lat' dir='ltr'>Aesinae</span> 
     </span>
    </p>
   </div>
   <div class='ocr_carea' id='block_1_61' title="bbox 1640 590 2404 625">
    <p class='ocr_par' dir='ltr' id='par_1_66' title="bbox 1640 590 2404 625">
     <span class='ocr_line' id='line_1_112' title="bbox 1640 590 2404 625; baseline 0 -10"><span class='ocrx_word' id='word_1_335' title='bbox 1640 590 1672 615; x_wconf 94' lang='lat' dir='ltr'>in</span> <span class='ocrx_word' id='word_1_336' title='bbox 1694 590 1875 625; x_wconf 55' lang='lat' dir='ltr'>episcopum</span> <span class='ocrx_word' id='word_1_337' title='bbox 1898 591 2051 625; x_wconf 82' lang='lat' dir='ltr'>praeficit.</span> <span class='ocrx_word' id='word_1_338' title='bbox 2296 597 2356 616; x_wconf 74' lang='lat' dir='ltr'>tome</span> <span class='ocrx_word' id='word_1_339' title='bbox 2374 597 2404 615; x_wconf 83' lang='lat'>111</span> 
     </span>
    </p>
   </div>
   <div class='ocr_carea' id='block_1_62' title="bbox 1635 638 2490 1937">
    <p class='ocr_par' dir='ltr' id='par_1_67' title="bbox 1640 638 2488 869">
     <span class='ocr_line' id='line_1_113' title="bbox 1677 638 2488 675; baseline 0.001 -11"><span class='ocrx_word' id='word_1_340' title='bbox 1677 638 1793 665; x_wconf 55' lang='lat' dir='ltr'>Abblti</span> <span class='ocrx_word' id='word_1_341' title='bbox 1811 639 1846 665; x_wconf 79' lang='lat' dir='ltr'>de</span> <span class='ocrx_word' id='word_1_342' title='bbox 1868 640 2000 675; x_wconf 74' lang='lat' dir='ltr'>Leyrac⁷</span> <span class='ocrx_word' id='word_1_343' title='bbox 2018 640 2189 667; x_wconf 80' lang='lat' dir='ltr'>Tolosanae</span> <span class='ocrx_word' id='word_1_344' title='bbox 2207 639 2276 666; x_wconf 84' lang='lat' dir='ltr'>dio-</span> <span class='ocrx_word' id='word_1_345' title='bbox 2293 638 2297 670; x_wconf 92' lang='grc' dir='ltr'>Ι</span> <span class='ocrx_word' id='word_1_346' title='bbox 2331 639 2383 665; x_wconf 89' lang='grc'>210</span> <span class='ocrx_word' id='word_1_347' title='bbox 2400 640 2403 669; x_wconf 94' lang='grc'>1</span> <span class='ocrx_word' id='word_1_348' title='bbox 2425 638 2488 665; x_wconf 75' lang='grc'>1477</span> 
     </span>
     <span class='ocr_line' id='line_1_114' title="bbox 1641 688 2285 723; baseline 0 -10"><span class='ocrx_word' id='word_1_349' title='bbox 1641 689 1732 714; x_wconf 69' lang='lat' dir='ltr'>cesis.</span> <span class='ocrx_word' id='word_1_350' title='bbox 1755 688 1917 722; x_wconf 79' lang='lat' dir='ltr'>capellano</span> <span class='ocrx_word' id='word_1_351' title='bbox 1944 688 2128 723; x_wconf 68' lang='lat' dir='ltr'>apostolico,</span> <span class='ocrx_word' id='word_1_352' title='bbox 2157 688 2285 714; x_wconf 80' lang='lat' dir='ltr'>mandat</span> 
     </span>
     <span class='ocr_line' id='line_1_115' title="bbox 1640 736 2279 763; baseline 0.003 -2"><span class='ocrx_word' id='word_1_353' title='bbox 1640 738 1677 762; x_wconf 87' lang='lat' dir='ltr'>ut</span> <span class='ocrx_word' id='word_1_354' title='bbox 1692 737 1821 763; x_wconf 83' lang='lat' dir='ltr'>Petrum</span> <span class='ocrx_word' id='word_1_355' title='bbox 1841 736 1876 762; x_wconf 86' lang='lat' dir='ltr'>de</span> <span class='ocrx_word' id='word_1_356' title='bbox 1900 737 1999 763; x_wconf 84' lang='lat' dir='ltr'>Ulmis</span> <span class='ocrx_word' id='word_1_357' title='bbox 2016 737 2047 763; x_wconf 91' lang='lat' dir='ltr'>in</span> <span class='ocrx_word' id='word_1_358' title='bbox 2070 737 2202 763; x_wconf 84' lang='lat' dir='ltr'>ecclesia</span> <span class='ocrx_word' id='word_1_359' title='bbox 2222 737 2279 763; x_wconf 80' lang='lat' dir='ltr'>Pe-</span> 
     </span>
     <span class='ocr_line' id='line_1_116' title="bbox 1641 784 2276 820; baseline 0 -9"><span class='ocrx_word' id='word_1_360' title='bbox 1641 784 1849 819; x_wconf 81' lang='lat' dir='ltr'>tragoricensi</span> <span class='ocrx_word' id='word_1_361' title='bbox 1866 786 1897 813; x_wconf 90' lang='lat' dir='ltr'>in</span> <span class='ocrx_word' id='word_1_362' title='bbox 1913 786 2100 813; x_wconf 81' lang='lat' dir='ltr'>canonicum</span> <span class='ocrx_word' id='word_1_363' title='bbox 2117 786 2213 820; x_wconf 82' lang='lat' dir='ltr'>recipi</span> <span class='ocrx_word' id='word_1_364' title='bbox 2233 785 2276 811; x_wconf 83' lang='lat' dir='ltr'>fa-</span> 
     </span>
     <span class='ocr_line' id='line_1_117' title="bbox 1641 834 2257 869; baseline 0 -9"><span class='ocrx_word' id='word_1_365' title='bbox 1641 834 1704 860; x_wconf 86' lang='lat' dir='ltr'>ciat</span> <span class='ocrx_word' id='word_1_366' title='bbox 1721 835 1813 869; x_wconf 65' lang='lat' dir='ltr'>eique</span> <span class='ocrx_word' id='word_1_367' title='bbox 1831 835 1868 862; x_wconf 86' lang='lat' dir='ltr'>de</span> <span class='ocrx_word' id='word_1_368' title='bbox 1886 834 2065 869; x_wconf 75' lang='lat' dir='ltr'>praebenda</span> <span class='ocrx_word' id='word_1_369' title='bbox 2083 834 2257 868; x_wconf 68' lang='lat' dir='ltr'>provideat.</span> 
     </span>
    </p>

    <p class='ocr_par' dir='ltr' id='par_1_68' title="bbox 1637 881 2490 1497">
     <span class='ocr_line' id='line_1_118' title="bbox 1673 881 2490 914; baseline -0.001 -5"><span class='ocrx_word' id='word_1_370' title='bbox 1673 882 1788 909; x_wconf 63' lang='lat' dir='ltr'>Abbati</span> <span class='ocrx_word' id='word_1_371' title='bbox 1811 883 1994 911; x_wconf 83' lang='lat' dir='ltr'>monasterii</span> <span class='ocrx_word' id='word_1_372' title='bbox 2020 883 2196 911; x_wconf 76' lang='lat' dir='ltr'>Lobiensis.</span> <span class='ocrx_word' id='word_1_373' title='bbox 2221 882 2273 909; x_wconf 81' lang='lat' dir='ltr'>Ca-</span> <span class='ocrx_word' id='word_1_374' title='bbox 2292 884 2296 914; x_wconf 97' lang='grc' dir='ltr'>Ι</span> <span class='ocrx_word' id='word_1_375' title='bbox 2331 882 2383 909; x_wconf 78' lang='grc'>368</span> <span class='ocrx_word' id='word_1_376' title='bbox 2402 881 2490 913; x_wconf 76' lang='grc'>12224</span> 
     </span>
     <span class='ocr_line' id='line_1_119' title="bbox 1640 932 2279 967; baseline 0 -10"><span class='ocrx_word' id='word_1_377' title='bbox 1640 933 1831 959; x_wconf 78' lang='lat' dir='ltr'>meracensis</span> <span class='ocrx_word' id='word_1_378' title='bbox 1848 932 1993 967; x_wconf 80' lang='lat' dir='ltr'>diocesis,</span> <span class='ocrx_word' id='word_1_379' title='bbox 2016 932 2178 966; x_wconf 84' lang='lat' dir='ltr'>capellano</span> <span class='ocrx_word' id='word_1_380' title='bbox 2194 939 2279 966; x_wconf 83' lang='lat' dir='ltr'>apos-</span> 
     </span>
     <span class='ocr_line' id='line_1_120' title="bbox 1637 972 2277 1015; baseline 0.002 -9"><span class='ocrx_word' id='word_1_381' title='bbox 1637 972 1747 1015; x_wconf 62' lang='grc' dir='ltr'>ἴ01100,</span> <span class='ocrx_word' id='word_1_382' title='bbox 1766 981 1894 1007; x_wconf 82' lang='lat' dir='ltr'>mandat</span> <span class='ocrx_word' id='word_1_383' title='bbox 1914 983 1949 1007; x_wconf 91' lang='lat' dir='ltr'>ut</span> <span class='ocrx_word' id='word_1_384' title='bbox 1973 981 2004 1008; x_wconf 88' lang='lat' dir='ltr'>in</span> <span class='ocrx_word' id='word_1_385' title='bbox 2025 981 2159 1007; x_wconf 81' lang='lat' dir='ltr'>ecclesia</span> <span class='ocrx_word' id='word_1_386' title='bbox 2178 982 2277 1007; x_wconf 75' lang='lat' dir='ltr'>Anto-</span> 
     </span>
     <span class='ocr_line' id='line_1_121' title="bbox 1638 1029 2278 1065; baseline 0 -10"><span class='ocrx_word' id='word_1_387' title='bbox 1638 1029 1751 1057; x_wconf 80' lang='lat' dir='ltr'>niensi.</span> <span class='ocrx_word' id='word_1_388' title='bbox 1766 1030 1797 1056; x_wconf 92' lang='lat' dir='ltr'>in</span> <span class='ocrx_word' id='word_1_389' title='bbox 1810 1037 1872 1064; x_wconf 84' lang='lat' dir='ltr'>qua</span> <span class='ocrx_word' id='word_1_390' title='bbox 1884 1030 2010 1057; x_wconf 83' lang='lat' dir='ltr'>collatio</span> <span class='ocrx_word' id='word_1_391' title='bbox 2025 1029 2278 1065; x_wconf 83' lang='lat' dir='ltr'>praebendarum</span> 
     </span>
     <span class='ocr_line' id='line_1_122' title="bbox 1638 1077 2276 1113; baseline 0 -9"><span class='ocrx_word' id='word_1_392' title='bbox 1638 1077 1676 1104; x_wconf 88' lang='lat' dir='ltr'>ad</span> <span class='ocrx_word' id='word_1_393' title='bbox 1693 1078 1842 1105; x_wconf 72' lang='lat' dir='ltr'>eumdem</span> <span class='ocrx_word' id='word_1_394' title='bbox 1864 1079 2007 1106; x_wconf 83' lang='lat' dir='ltr'>abbatem</span> <span class='ocrx_word' id='word_1_395' title='bbox 2030 1080 2178 1113; x_wconf 83' lang='lat' dir='ltr'>pertinet,</span> <span class='ocrx_word' id='word_1_396' title='bbox 2200 1079 2276 1113; x_wconf 80' lang='lat' dir='ltr'>Ray-</span> 
     </span>
     <span class='ocr_line' id='line_1_123' title="bbox 1638 1127 2277 1163; baseline 0.002 -10"><span class='ocrx_word' id='word_1_397' title='bbox 1638 1127 1742 1156; x_wconf 87' lang='lat' dir='ltr'>naldo.</span> <span class='ocrx_word' id='word_1_398' title='bbox 1768 1129 1918 1155; x_wconf 80' lang='lat' dir='ltr'>canonico</span> <span class='ocrx_word' id='word_1_399' title='bbox 1949 1128 2087 1163; x_wconf 87' lang='lat' dir='ltr'>ejusdem</span> <span class='ocrx_word' id='word_1_400' title='bbox 2112 1127 2277 1160; x_wconf 84' lang='lat' dir='ltr'>ecclesiae,</span> 
     </span>
     <span class='ocr_line' id='line_1_124' title="bbox 1639 1177 2277 1209; baseline 0 -6"><span class='ocrx_word' id='word_1_401' title='bbox 1639 1180 1711 1204; x_wconf 92' lang='lat' dir='ltr'>nato</span> <span class='ocrx_word' id='word_1_402' title='bbox 1727 1177 1881 1207; x_wconf 79' lang='lat' dir='ltr'>Robolini,</span> <span class='ocrx_word' id='word_1_403' title='bbox 1904 1177 2077 1204; x_wconf 86' lang='lat' dir='ltr'>familiaris</span> <span class='ocrx_word' id='word_1_404' title='bbox 2098 1177 2142 1209; x_wconf 82' lang='lat' dir='ltr'>J.‚</span> <span class='ocrx_word' id='word_1_405' title='bbox 2160 1185 2185 1204; x_wconf 86' lang='lat' dir='ltr'>s.</span> <span class='ocrx_word' id='word_1_406' title='bbox 2207 1177 2277 1203; x_wconf 79' lang='lat' dir='ltr'>Ma-</span> 
     </span>
     <span class='ocr_line' id='line_1_125' title="bbox 1637 1225 2274 1257; baseline 0 -6"><span class='ocrx_word' id='word_1_407' title='bbox 1637 1225 1702 1251; x_wconf 88' lang='lat' dir='ltr'>riae</span> <span class='ocrx_word' id='word_1_408' title='bbox 1719 1226 1750 1252; x_wconf 90' lang='lat' dir='ltr'>in</span> <span class='ocrx_word' id='word_1_409' title='bbox 1768 1225 1937 1253; x_wconf 77' lang='lat' dir='ltr'>Cosmedin</span> <span class='ocrx_word' id='word_1_410' title='bbox 1953 1226 2077 1253; x_wconf 82' lang='lat' dir='ltr'>diaconi</span> <span class='ocrx_word' id='word_1_411' title='bbox 2091 1225 2274 1257; x_wconf 83' lang='lat' dir='ltr'>cardinalis,</span> 
     </span>
     <span class='ocr_line' id='line_1_126' title="bbox 1637 1274 2277 1310; baseline 0 -10"><span class='ocrx_word' id='word_1_412' title='bbox 1637 1274 1673 1300; x_wconf 88' lang='lat' dir='ltr'>de</span> <span class='ocrx_word' id='word_1_413' title='bbox 1690 1274 1870 1309; x_wconf 84' lang='lat' dir='ltr'>praebenda</span> <span class='ocrx_word' id='word_1_414' title='bbox 1889 1275 2061 1310; x_wconf 80' lang='lat' dir='ltr'>provideat,</span> <span class='ocrx_word' id='word_1_415' title='bbox 2076 1282 2135 1302; x_wconf 90' lang='lat' dir='ltr'>non</span> <span class='ocrx_word' id='word_1_416' title='bbox 2152 1274 2277 1302; x_wconf 84' lang='lat' dir='ltr'>obstan-</span> 
     </span>
     <span class='ocr_line' id='line_1_127' title="bbox 1638 1322 2275 1359; baseline 0 -10"><span class='ocrx_word' id='word_1_417' title='bbox 1638 1322 1725 1350; x_wconf 85' lang='lat' dir='ltr'>tibus</span> <span class='ocrx_word' id='word_1_418' title='bbox 1749 1324 1867 1350; x_wconf 84' lang='lat' dir='ltr'>litteris</span> <span class='ocrx_word' id='word_1_419' title='bbox 1887 1323 2068 1359; x_wconf 82' lang='lat' dir='ltr'>apostolicis</span> <span class='ocrx_word' id='word_1_420' title='bbox 2091 1323 2210 1358; x_wconf 88' lang='lat' dir='ltr'>quibus</span> <span class='ocrx_word' id='word_1_421' title='bbox 2227 1330 2275 1349; x_wconf 89' lang='lat' dir='ltr'>re—</span> 
     </span>
     <span class='ocr_line' id='line_1_128' title="bbox 1637 1372 2279 1407; baseline -0.002 -8"><span class='ocrx_word' id='word_1_422' title='bbox 1637 1372 1799 1406; x_wconf 86' lang='lat' dir='ltr'>ceptiones</span> <span class='ocrx_word' id='word_1_423' title='bbox 1838 1373 2061 1399; x_wconf 87' lang='lat' dir='ltr'>canonicorum</span> <span class='ocrx_word' id='word_1_424' title='bbox 2106 1372 2144 1399; x_wconf 79' lang='lat' dir='ltr'>ad</span> <span class='ocrx_word' id='word_1_425' title='bbox 2186 1379 2279 1407; x_wconf 87' lang='lat' dir='ltr'>prae-</span> 
     </span>
     <span class='ocr_line' id='line_1_129' title="bbox 1637 1420 2275 1455; baseline 0 -8"><span class='ocrx_word' id='word_1_426' title='bbox 1637 1420 1755 1448; x_wconf 86' lang='lat' dir='ltr'>bendas</span> <span class='ocrx_word' id='word_1_427' title='bbox 1785 1422 1922 1455; x_wconf 79' lang='lat' dir='ltr'>ejusdem</span> <span class='ocrx_word' id='word_1_428' title='bbox 1952 1422 2103 1449; x_wconf 84' lang='lat' dir='ltr'>ecclesiae</span> <span class='ocrx_word' id='word_1_429' title='bbox 2134 1423 2275 1448; x_wconf 87' lang='lat' dir='ltr'>cassatae</span> 
     </span>
     <span class='ocr_line' id='line_1_130' title="bbox 1638 1472 1723 1497; baseline 0 -1"><span class='ocrx_word' id='word_1_430' title='bbox 1638 1472 1723 1497; x_wconf 87' lang='lat' dir='ltr'>sunt.</span> 
     </span>
    </p>

    <p class='ocr_par' dir='ltr' id='par_1_69' title="bbox 1636 1517 2403 1652">
     <span class='ocr_line' id='line_1_131' title="bbox 1673 1517 2403 1555; baseline -0.003 -10"><span class='ocrx_word' id='word_1_431' title='bbox 1673 1519 1818 1547; x_wconf 87' lang='lat' dir='ltr'>Fratrem</span> <span class='ocrx_word' id='word_1_432' title='bbox 1837 1519 2034 1555; x_wconf 82' lang='lat' dir='ltr'>Philippum,</span> <span class='ocrx_word' id='word_1_433' title='bbox 2051 1519 2209 1554; x_wconf 86' lang='lat' dir='ltr'>quondam</span> <span class='ocrx_word' id='word_1_434' title='bbox 2224 1517 2275 1544; x_wconf 88' lang='lat' dir='ltr'>ab-</span> <span class='ocrx_word' id='word_1_435' title='bbox 2291 1518 2296 1549; x_wconf 96' lang='grc' dir='ltr'>Ι</span> <span class='ocrx_word' id='word_1_436' title='bbox 2329 1517 2381 1543; x_wconf 87' lang='grc'>202</span> <span class='ocrx_word' id='word_1_437' title='bbox 2400 1517 2403 1547; x_wconf 94' lang='grc'>1</span> 
     </span>
     <span class='ocr_line' id='line_1_132' title="bbox 1638 1566 2276 1602; baseline -0.002 -9"><span class='ocrx_word' id='word_1_438' title='bbox 1638 1566 1743 1594; x_wconf 84' lang='lat' dir='ltr'>batem</span> <span class='ocrx_word' id='word_1_439' title='bbox 1767 1568 2044 1602; x_wconf 79' lang='lat' dir='ltr'>Clarevallensein‚</span> <span class='ocrx_word' id='word_1_440' title='bbox 2071 1567 2276 1595; x_wconf 81' lang='lat' dir='ltr'>Macloviensi</span> 
     </span>
     <span class='ocr_line' id='line_1_133' title="bbox 1636 1617 1964 1652; baseline 0 -9"><span class='ocrx_word' id='word_1_441' title='bbox 1636 1617 1785 1652; x_wconf 86' lang='lat' dir='ltr'>praeficit</span> <span class='ocrx_word' id='word_1_442' title='bbox 1801 1617 1964 1645; x_wconf 87' lang='lat' dir='ltr'>ecclesiae.</span> 
     </span>
    </p>

    <p class='ocr_par' dir='ltr' id='par_1_70' title="bbox 1635 1664 2404 1844">
     <span class='ocr_line' id='line_1_134' title="bbox 1671 1664 2404 1700; baseline -0.004 -7"><span class='ocrx_word' id='word_1_443' title='bbox 1671 1666 1825 1693; x_wconf 82' lang='lat' dir='ltr'>Riccardo</span> <span class='ocrx_word' id='word_1_444' title='bbox 1837 1666 1872 1694; x_wconf 88' lang='lat' dir='ltr'>de</span> <span class='ocrx_word' id='word_1_445' title='bbox 1890 1666 2049 1693; x_wconf 85' lang='lat' dir='ltr'>Theuraio</span> <span class='ocrx_word' id='word_1_446' title='bbox 2066 1666 2180 1693; x_wconf 86' lang='lat' dir='ltr'>clerico</span> <span class='ocrx_word' id='word_1_447' title='bbox 2195 1665 2274 1700; x_wconf 86' lang='lat' dir='ltr'>epis-</span> <span class='ocrx_word' id='word_1_448' title='bbox 2293 1665 2297 1697; x_wconf 93' lang='grc' dir='ltr'>Ι</span> <span class='ocrx_word' id='word_1_449' title='bbox 2328 1664 2382 1692; x_wconf 85' lang='grc'>429</span> <span class='ocrx_word' id='word_1_450' title='bbox 2399 1665 2404 1694; x_wconf 93' lang='grc'>1</span> 
     </span>
     <span class='ocr_line' id='line_1_135' title="bbox 1635 1714 2274 1750; baseline -0.002 -9"><span class='ocrx_word' id='word_1_451' title='bbox 1635 1715 1703 1750; x_wconf 88' lang='lat' dir='ltr'>copi</span> <span class='ocrx_word' id='word_1_452' title='bbox 1749 1715 1949 1744; x_wconf 79' lang='lat' dir='ltr'>Albanensis,</span> <span class='ocrx_word' id='word_1_453' title='bbox 1981 1714 2200 1742; x_wconf 83' lang='lat' dir='ltr'>canonicatum</span> <span class='ocrx_word' id='word_1_454' title='bbox 2242 1714 2274 1741; x_wconf 93' lang='lat' dir='ltr'>in</span> 
     </span>
     <span class='ocr_line' id='line_1_136' title="bbox 1635 1763 2275 1799; baseline -0.002 -9"><span class='ocrx_word' id='word_1_455' title='bbox 1635 1764 1770 1797; x_wconf 63' lang='lat' dir='ltr'>ecclesia</span> <span class='ocrx_word' id='word_1_456' title='bbox 1791 1763 2012 1799; x_wconf 82' lang='lat' dir='ltr'>Magdunensi,</span> <span class='ocrx_word' id='word_1_457' title='bbox 2034 1763 2275 1790; x_wconf 84' lang='lat' dir='ltr'>Aurelianensis</span> 
     </span>
     <span class='ocr_line' id='line_1_137' title="bbox 1635 1812 1935 1844; baseline 0 -5"><span class='ocrx_word' id='word_1_458' title='bbox 1635 1812 1782 1844; x_wconf 88' lang='lat' dir='ltr'>diocesis,</span> <span class='ocrx_word' id='word_1_459' title='bbox 1801 1813 1935 1839; x_wconf 82' lang='lat' dir='ltr'>confert.</span> 
     </span>
    </p>

    <p class='ocr_par' dir='ltr' id='par_1_71' title="bbox 1636 1859 2402 1937">
     <span class='ocr_line' id='line_1_138' title="bbox 1668 1859 2402 1892; baseline -0.004 -4"><span class='ocrx_word' id='word_1_460' title='bbox 1668 1861 1833 1888; x_wconf 75' lang='lat' dir='ltr'>Universis</span> <span class='ocrx_word' id='word_1_461' title='bbox 1860 1860 2029 1888; x_wconf 82' lang='lat' dir='ltr'>abbatissis</span> <span class='ocrx_word' id='word_1_462' title='bbox 2052 1863 2081 1887; x_wconf 90' lang='lat' dir='ltr'>et</span> <span class='ocrx_word' id='word_1_463' title='bbox 2111 1860 2295 1892; x_wconf 71' lang='lat' dir='ltr'>sororibus!</span> <span class='ocrx_word' id='word_1_464' title='bbox 2327 1859 2402 1891; x_wconf 83' lang='grc'>2101</span> 
     </span>
     <span class='ocr_line' id='line_1_139' title="bbox 1636 1909 2276 1937; baseline 0 -2"><span class='ocrx_word' id='word_1_465' title='bbox 1636 1909 1770 1936; x_wconf 90' lang='lat' dir='ltr'>inclusis</span> <span class='ocrx_word' id='word_1_466' title='bbox 1787 1910 1907 1937; x_wconf 84' lang='lat' dir='ltr'>ordinis</span> <span class='ocrx_word' id='word_1_467' title='bbox 1925 1911 1955 1937; x_wconf 95' lang='lat' dir='ltr'>S.</span> <span class='ocrx_word' id='word_1_468' title='bbox 1971 1909 2083 1937; x_wconf 86' lang='lat' dir='ltr'>Clarae</span> <span class='ocrx_word' id='word_1_469' title='bbox 2098 1910 2226 1936; x_wconf 89' lang='lat' dir='ltr'>nuntiat</span> <span class='ocrx_word' id='word_1_470' title='bbox 2244 1917 2276 1936; x_wconf 90' lang='lat' dir='ltr'>se</span> 
     </span>
    </p>
   </div>
   <div class='ocr_carea' id='block_1_63' title="bbox 2295 840 2402 859">
    <p class='ocr_par' dir='ltr' id='par_1_72' title="bbox 2295 840 2402 859">
     <span class='ocr_line' id='line_1_140' title="bbox 2295 840 2402 859; baseline 0 0"><span class='ocrx_word' id='word_1_471' title='bbox 2295 840 2356 859; x_wconf 80' lang='lat' dir='ltr'>tome</span> <span class='ocrx_word' id='word_1_472' title='bbox 2372 840 2402 859; x_wconf 84' lang='lat'>111</span> 
     </span>
    </p>
   </div>
   <div class='ocr_carea' id='block_1_64' title="bbox 2438 1516 2491 1545">
    <p class='ocr_par' dir='ltr' id='par_1_73' title="bbox 2438 1516 2491 1545">
     <span class='ocr_line' id='line_1_141' title="bbox 2438 1516 2491 1545; baseline 0.019 -1"><span class='ocrx_word' id='word_1_473' title='bbox 2438 1516 2491 1545; x_wconf 73' lang='lat'>424</span> 
     </span>
    </p>
   </div>
   <div class='ocr_carea' id='block_1_65' title="bbox 2437 1662 2489 1691">
    <p class='ocr_par' dir='ltr' id='par_1_74' title="bbox 2437 1662 2489 1691">
     <span class='ocr_line' id='line_1_142' title="bbox 2437 1662 2489 1691; baseline 0.038 -2"><span class='ocrx_word' id='word_1_474' title='bbox 2437 1662 2489 1691; x_wconf 86' lang='lat'>888</span> 
     </span>
    </p>
   </div>
   <div class='ocr_carea' id='block_1_66' title="bbox 2435 1858 2489 1886">
    <p class='ocr_par' dir='ltr' id='par_1_75' title="bbox 2435 1858 2489 1886">
     <span class='ocr_line' id='line_1_143' title="bbox 2435 1858 2489 1886; baseline -0.037 0"><span class='ocrx_word' id='word_1_475' title='bbox 2435 1858 2489 1886; x_wconf 71' lang='lat'>449</span> 
     </span>
    </p>
   </div>
   <div class='ocr_carea' id='block_1_67' title="bbox 1634 1958 2402 2776">
    <p class='ocr_par' dir='ltr' id='par_1_76' title="bbox 1634 1958 2277 2332">
     <span class='ocr_line' id='line_1_144' title="bbox 1636 1958 2275 1992; baseline -0.002 -7"><span class='ocrx_word' id='word_1_476' title='bbox 1636 1958 1811 1987; x_wconf 80' lang='lat' dir='ltr'>decrevisse</span> <span class='ocrx_word' id='word_1_477' title='bbox 1833 1959 1978 1986; x_wconf 85' lang='lat' dir='ltr'>ordinem</span> <span class='ocrx_word' id='word_1_478' title='bbox 2001 1967 2110 1986; x_wconf 86' lang='lat' dir='ltr'>earum</span> <span class='ocrx_word' id='word_1_479' title='bbox 2133 1968 2147 1982; x_wconf 88' lang='lat'>«</span> <span class='ocrx_word' id='word_1_480' title='bbox 2170 1958 2275 1992; x_wconf 87' lang='lat' dir='ltr'>quiin</span> 
     </span>
     <span class='ocr_line' id='line_1_145' title="bbox 1636 2007 2277 2036; baseline -0.002 -2"><span class='ocrx_word' id='word_1_481' title='bbox 1636 2007 1666 2035; x_wconf 91' lang='lat' dir='ltr'>b.</span> <span class='ocrx_word' id='word_1_482' title='bbox 1700 2008 1797 2035; x_wconf 87' lang='lat' dir='ltr'>Clara</span> <span class='ocrx_word' id='word_1_483' title='bbox 1825 2008 1928 2036; x_wconf 81' lang='lat' dir='ltr'>felicis</span> <span class='ocrx_word' id='word_1_484' title='bbox 1958 2015 2032 2035; x_wconf 86' lang='lat' dir='ltr'>suae</span> <span class='ocrx_word' id='word_1_485' title='bbox 2062 2007 2277 2034; x_wconf 86' lang='lat' dir='ltr'>institutionis</span> 
     </span>
     <span class='ocr_line' id='line_1_146' title="bbox 1635 2055 2276 2092; baseline -0.002 -9"><span class='ocrx_word' id='word_1_486' title='bbox 1635 2058 1771 2092; x_wconf 86' lang='lat' dir='ltr'>sumpsit</span> <span class='ocrx_word' id='word_1_487' title='bbox 1797 2057 1941 2092; x_wconf 87' lang='lat' dir='ltr'>auspicia</span> <span class='ocrx_word' id='word_1_488' title='bbox 1965 2066 1988 2086; x_wconf 69' lang='lat' dir='ltr'>n,</span> <span class='ocrx_word' id='word_1_489' title='bbox 2011 2056 2047 2083; x_wconf 84' lang='lat' dir='ltr'>de</span> <span class='ocrx_word' id='word_1_490' title='bbox 2065 2059 2170 2083; x_wconf 84' lang='lat' dir='ltr'>cetero</span> <span class='ocrx_word' id='word_1_491' title='bbox 2187 2055 2276 2083; x_wconf 88' lang='lat' dir='ltr'>ordi-</span> 
     </span>
     <span class='ocr_line' id='line_1_147' title="bbox 1635 2104 2276 2133; baseline -0.003 -1"><span class='ocrx_word' id='word_1_492' title='bbox 1635 2113 1706 2132; x_wconf 86' lang='lat' dir='ltr'>nem</span> <span class='ocrx_word' id='word_1_493' title='bbox 1724 2113 1747 2133; x_wconf 76' lang='lat' dir='ltr'>S.</span> <span class='ocrx_word' id='word_1_494' title='bbox 1766 2105 1876 2132; x_wconf 81' lang='lat' dir='ltr'>Clarae</span> <span class='ocrx_word' id='word_1_495' title='bbox 1894 2105 2096 2132; x_wconf 85' lang='lat' dir='ltr'>uniformiter</span> <span class='ocrx_word' id='word_1_496' title='bbox 2112 2104 2276 2132; x_wconf 87' lang='lat' dir='ltr'>nominan-</span> 
     </span>
     <span class='ocr_line' id='line_1_148' title="bbox 1634 2153 2270 2189; baseline -0.002 -9"><span class='ocrx_word' id='word_1_497' title='bbox 1634 2154 1710 2181; x_wconf 81' lang='lat' dir='ltr'>dum</span> <span class='ocrx_word' id='word_1_498' title='bbox 1728 2162 1806 2189; x_wconf 83' lang='lat' dir='ltr'>esse,</span> <span class='ocrx_word' id='word_1_499' title='bbox 1831 2157 1861 2181; x_wconf 84' lang='lat' dir='ltr'>et</span> <span class='ocrx_word' id='word_1_500' title='bbox 1882 2154 2026 2188; x_wconf 80' lang='lat' dir='ltr'>regulam</span> <span class='ocrx_word' id='word_1_501' title='bbox 2046 2153 2110 2180; x_wconf 83' lang='lat' dir='ltr'>sive</span> <span class='ocrx_word' id='word_1_502' title='bbox 2135 2153 2270 2180; x_wconf 87' lang='lat' dir='ltr'>formam</span> 
     </span>
     <span class='ocr_line' id='line_1_149' title="bbox 1636 2202 2273 2238; baseline -0.003 -8"><span class='ocrx_word' id='word_1_503' title='bbox 1636 2203 1765 2231; x_wconf 77' lang='lat' dir='ltr'>vivendi</span> <span class='ocrx_word' id='word_1_504' title='bbox 1787 2203 1831 2230; x_wconf 84' lang='lat' dir='ltr'>eis</span> <span class='ocrx_word' id='word_1_505' title='bbox 1850 2212 1868 2231; x_wconf 86' lang='lat' dir='ltr'>a</span> <span class='ocrx_word' id='word_1_506' title='bbox 1883 2203 2036 2238; x_wconf 85' lang='lat' dir='ltr'>Gregorio</span> <span class='ocrx_word' id='word_1_507' title='bbox 2064 2202 2116 2235; x_wconf 80' lang='lat' dir='ltr'>IX,</span> <span class='ocrx_word' id='word_1_508' title='bbox 2142 2202 2273 2237; x_wconf 86' lang='lat' dir='ltr'>praede-</span> 
     </span>
     <span class='ocr_line' id='line_1_150' title="bbox 1635 2251 2274 2287; baseline -0.006 -6"><span class='ocrx_word' id='word_1_509' title='bbox 1635 2261 1771 2285; x_wconf 87' lang='lat' dir='ltr'>cessore,</span> <span class='ocrx_word' id='word_1_510' title='bbox 1792 2255 1867 2280; x_wconf 88' lang='lat' dir='ltr'>tunc</span> <span class='ocrx_word' id='word_1_511' title='bbox 1884 2252 2023 2280; x_wconf 87' lang='lat' dir='ltr'>Ostiensi</span> <span class='ocrx_word' id='word_1_512' title='bbox 2045 2252 2201 2287; x_wconf 78' lang='lat' dir='ltr'>episc-opo,</span> <span class='ocrx_word' id='word_1_513' title='bbox 2218 2251 2274 2277; x_wconf 79' lang='lat' dir='ltr'>da-</span> 
     </span>
     <span class='ocr_line' id='line_1_151' title="bbox 1635 2302 1906 2332; baseline -0.004 -3"><span class='ocrx_word' id='word_1_514' title='bbox 1635 2305 1711 2332; x_wconf 83' lang='lat' dir='ltr'>tam.</span> <span class='ocrx_word' id='word_1_515' title='bbox 1730 2302 1906 2329; x_wconf 87' lang='lat' dir='ltr'>confirmat.</span> 
     </span>
    </p>

    <p class='ocr_par' dir='ltr' id='par_1_77' title="bbox 1635 2347 2402 2575">
     <span class='ocr_line' id='line_1_152' title="bbox 1671 2347 2402 2380; baseline -0.007 -2"><span class='ocrx_word' id='word_1_516' title='bbox 1671 2351 1799 2378; x_wconf 85' lang='lat' dir='ltr'>Alberto</span> <span class='ocrx_word' id='word_1_517' title='bbox 1820 2351 1856 2377; x_wconf 88' lang='lat' dir='ltr'>de</span> <span class='ocrx_word' id='word_1_518' title='bbox 1875 2350 2076 2378; x_wconf 86' lang='lat' dir='ltr'>Castrobarto</span> <span class='ocrx_word' id='word_1_519' title='bbox 2091 2348 2218 2376; x_wconf 85' lang='lat' dir='ltr'>mandat</span> <span class='ocrx_word' id='word_1_520' title='bbox 2236 2350 2269 2374; x_wconf 90' lang='lat' dir='ltr'>ut</span> <span class='ocrx_word' id='word_1_521' title='bbox 2288 2348 2292 2379; x_wconf 92' lang='grc'>1</span> <span class='ocrx_word' id='word_1_522' title='bbox 2325 2347 2379 2375; x_wconf 78' lang='grc'>432</span> <span class='ocrx_word' id='word_1_523' title='bbox 2396 2348 2402 2380; x_wconf 91' lang='grc'>1</span> 
     </span>
     <span class='ocr_line' id='line_1_153' title="bbox 1636 2397 2273 2434; baseline -0.006 -7"><span class='ocrx_word' id='word_1_524' title='bbox 1636 2401 1729 2428; x_wconf 90' lang='lat' dir='ltr'>Petro</span> <span class='ocrx_word' id='word_1_525' title='bbox 1752 2399 2101 2434; x_wconf 79' lang='lat' dir='ltr'>archipresbyteratum</span> <span class='ocrx_word' id='word_1_526' title='bbox 2121 2397 2273 2425; x_wconf 83' lang='lat' dir='ltr'>ecclesiae</span> 
     </span>
     <span class='ocr_line' id='line_1_154' title="bbox 1635 2446 2275 2477; baseline -0.008 -1"><span class='ocrx_word' id='word_1_527' title='bbox 1635 2458 1659 2477; x_wconf 87' lang='lat' dir='ltr'>s.</span> <span class='ocrx_word' id='word_1_528' title='bbox 1678 2449 1799 2476; x_wconf 83' lang='lat' dir='ltr'>Mariae</span> <span class='ocrx_word' id='word_1_529' title='bbox 1811 2449 1849 2476; x_wconf 91' lang='lat' dir='ltr'>de</span> <span class='ocrx_word' id='word_1_530' title='bbox 1865 2449 1989 2476; x_wconf 91' lang='lat' dir='ltr'>Cisano.</span> <span class='ocrx_word' id='word_1_531' title='bbox 2005 2447 2195 2475; x_wconf 77' lang='lat' dir='ltr'>Veronensis</span> <span class='ocrx_word' id='word_1_532' title='bbox 2210 2446 2275 2472; x_wconf 87' lang='lat' dir='ltr'>dio-</span> 
     </span>
     <span class='ocr_line' id='line_1_155' title="bbox 1636 2495 2275 2534; baseline -0.006 -9"><span class='ocrx_word' id='word_1_533' title='bbox 1636 2500 1725 2534; x_wconf 74' lang='lat' dir='ltr'>cesis,</span> <span class='ocrx_word' id='word_1_534' title='bbox 1742 2499 1949 2534; x_wconf 85' lang='lat' dir='ltr'>inquisitione</span> <span class='ocrx_word' id='word_1_535' title='bbox 1964 2497 2150 2533; x_wconf 77' lang='lat' dir='ltr'>praemissa.</span> <span class='ocrx_word' id='word_1_536' title='bbox 2173 2495 2275 2522; x_wconf 75' lang='lat' dir='ltr'>confe-</span> 
     </span>
     <span class='ocr_line' id='line_1_156' title="bbox 1636 2551 1697 2575; baseline 0.016 -1"><span class='ocrx_word' id='word_1_537' title='bbox 1636 2551 1697 2575; x_wconf 87' lang='lat' dir='ltr'>rat.</span> 
     </span>
    </p>

    <p class='ocr_par' dir='ltr' id='par_1_78' title="bbox 1635 2592 2401 2730">
     <span class='ocr_line' id='line_1_157' title="bbox 1671 2592 2401 2625; baseline -0.004 -4"><span class='ocrx_word' id='word_1_538' title='bbox 1671 2596 1887 2623; x_wconf 86' lang='lat' dir='ltr'>Januensibus</span> <span class='ocrx_word' id='word_1_539' title='bbox 1904 2596 2033 2622; x_wconf 82' lang='lat' dir='ltr'>mandat</span> <span class='ocrx_word' id='word_1_540' title='bbox 2056 2596 2185 2622; x_wconf 86' lang='lat' dir='ltr'>mittant</span> <span class='ocrx_word' id='word_1_541' title='bbox 2205 2593 2294 2625; x_wconf 67' lang='grc' dir='ltr'>ειη-Ι</span> <span class='ocrx_word' id='word_1_542' title='bbox 2328 2592 2401 2622; x_wconf 71' lang='grc'>3431</span> 
     </span>
     <span class='ocr_line' id='line_1_158' title="bbox 1635 2642 2272 2678; baseline -0.006 -6"><span class='ocrx_word' id='word_1_543' title='bbox 1635 2646 1813 2673; x_wconf 85' lang='lat' dir='ltr'>bassatores</span> <span class='ocrx_word' id='word_1_544' title='bbox 1846 2645 1882 2671; x_wconf 80' lang='lat' dir='ltr'>ud</span> <span class='ocrx_word' id='word_1_545' title='bbox 1918 2645 2022 2672; x_wconf 83' lang='lat' dir='ltr'>sedem</span> <span class='ocrx_word' id='word_1_546' title='bbox 2055 2642 2272 2678; x_wconf 86' lang='lat' dir='ltr'>apostolicam,</span> 
     </span>
     <span class='ocr_line' id='line_1_159' title="bbox 1635 2691 2233 2730; baseline -0.008 -8"><span class='ocrx_word' id='word_1_547' title='bbox 1635 2695 1671 2722; x_wconf 79' lang='lat' dir='ltr'>ad</span> <span class='ocrx_word' id='word_1_548' title='bbox 1690 2703 1797 2730; x_wconf 88' lang='lat' dir='ltr'>pacem</span> <span class='ocrx_word' id='word_1_549' title='bbox 1816 2703 1887 2721; x_wconf 88' lang='lat' dir='ltr'>cum</span> <span class='ocrx_word' id='word_1_550' title='bbox 1906 2694 2034 2720; x_wconf 81' lang='lat' dir='ltr'>Venetis</span> <span class='ocrx_word' id='word_1_551' title='bbox 2052 2691 2233 2719; x_wconf 82' lang='lat' dir='ltr'>ineundam.</span> 
     </span>
    </p>

    <p class='ocr_par' dir='ltr' id='par_1_79' title="bbox 1671 2740 2273 2776">
     <span class='ocr_line' id='line_1_160' title="bbox 1671 2740 2273 2776; baseline -0.007 -6"><span class='ocrx_word' id='word_1_552' title='bbox 1671 2744 1704 2771; x_wconf 93' lang='lat' dir='ltr'>In</span> <span class='ocrx_word' id='word_1_553' title='bbox 1722 2752 1748 2770; x_wconf 90' lang='lat' dir='ltr'>e.</span> <span class='ocrx_word' id='word_1_554' title='bbox 1767 2752 1809 2770; x_wconf 88' lang='lat' dir='ltr'>m.</span> <span class='ocrx_word' id='word_1_555' title='bbox 1827 2743 1910 2776; x_wconf 73' lang='lat' dir='ltr'>«luci,</span> <span class='ocrx_word' id='word_1_556' title='bbox 1924 2741 2054 2769; x_wconf 72' lang='lat' dir='ltr'>consilio</span> <span class='ocrx_word' id='word_1_557' title='bbox 2069 2744 2099 2768; x_wconf 86' lang='lat' dir='ltr'>et</span> <span class='ocrx_word' id='word_1_558' title='bbox 2113 2740 2273 2768; x_wconf 84' lang='lat' dir='ltr'>communi</span> 
     </span>
    </p>
   </div>
   <div class='ocr_carea' id='block_1_68' title="bbox 2435 2346 2489 2374">
    <p class='ocr_par' dir='ltr' id='par_1_80' title="bbox 2435 2346 2489 2374">
     <span class='ocr_line' id='line_1_161' title="bbox 2435 2346 2489 2374; baseline 0 -1"><span class='ocrx_word' id='word_1_559' title='bbox 2435 2346 2489 2374; x_wconf 82' lang='lat'>893</span> 
     </span>
    </p>
   </div>
   <div class='ocr_carea' id='block_1_69' title="bbox 2434 2592 2485 2618">
    <p class='ocr_par' dir='ltr' id='par_1_81' title="bbox 2434 2592 2485 2618">
     <span class='ocr_line' id='line_1_162' title="bbox 2434 2592 2485 2618; baseline 0 0"><span class='ocrx_word' id='word_1_560' title='bbox 2434 2592 2485 2618; x_wconf 78' lang='lat'>721</span> 
     </span>
    </p>
   </div>
   <div class='ocr_carea' id='block_1_70' title="bbox 1634 2793 2402 2868">
    <p class='ocr_par' dir='ltr' id='par_1_82' title="bbox 1634 2793 2402 2868">
     <span class='ocr_line' id='line_1_163' title="bbox 1634 2793 1837 2819; baseline -0.005 -1"><span class='ocrx_word' id='word_1_561' title='bbox 1634 2793 1837 2819; x_wconf 70' lang='lat' dir='ltr'>Venetorum.</span> 
     </span>
     <span class='ocr_line' id='line_1_164' title="bbox 1668 2835 2402 2868; baseline -0.004 -2"><span class='ocrx_word' id='word_1_562' title='bbox 1668 2840 1840 2868; x_wconf 85' lang='lat' dir='ltr'>Ecclesiam</span> <span class='ocrx_word' id='word_1_563' title='bbox 1866 2840 1897 2866; x_wconf 84' lang='lat' dir='ltr'>S.</span> <span class='ocrx_word' id='word_1_564' title='bbox 1925 2838 2044 2866; x_wconf 90' lang='lat' dir='ltr'>Hilarii</span> <span class='ocrx_word' id='word_1_565' title='bbox 2077 2837 2293 2868; x_wconf 77' lang='lat' dir='ltr'>pictavensis!</span> <span class='ocrx_word' id='word_1_566' title='bbox 2332 2835 2402 2868; x_wconf 74' lang='lat'>1991</span> 
     </span>
    </p>
   </div>
   <div class='ocr_carea' id='block_1_71' title="bbox 1634 2886 2269 2972">
    <p class='ocr_par' dir='ltr' id='par_1_83' title="bbox 1634 2886 2269 2972">
     <span class='ocr_line' id='line_1_165' title="bbox 1634 2886 2269 2923; baseline -0.005 -7"><span class='ocrx_word' id='word_1_567' title='bbox 1634 2890 1665 2916; x_wconf 91' lang='lat' dir='ltr'>in</span> <span class='ocrx_word' id='word_1_568' title='bbox 1686 2889 1737 2923; x_wconf 90' lang='lat' dir='ltr'>jus</span> <span class='ocrx_word' id='word_1_569' title='bbox 1762 2890 1794 2915; x_wconf 91' lang='lat' dir='ltr'>et</span> <span class='ocrx_word' id='word_1_570' title='bbox 1818 2887 2046 2923; x_wconf 80' lang='lat' dir='ltr'>proprietatem</span> <span class='ocrx_word' id='word_1_571' title='bbox 2072 2886 2103 2914; x_wconf 88' lang='lat' dir='ltr'>b.</span> <span class='ocrx_word' id='word_1_572' title='bbox 2130 2886 2219 2914; x_wconf 84' lang='lat' dir='ltr'>Petri</span> <span class='ocrx_word' id='word_1_573' title='bbox 2239 2889 2269 2913; x_wconf 88' lang='lat' dir='ltr'>et</span> 
     </span>
     <span class='ocr_line' id='line_1_166' title="bbox 1634 2935 2090 2972; baseline -0.004 -8"><span class='ocrx_word' id='word_1_574' title='bbox 1634 2937 1823 2972; x_wconf 79' lang='lat' dir='ltr'>apostolicae</span> <span class='ocrx_word' id='word_1_575' title='bbox 1842 2936 1924 2965; x_wconf 83' lang='lat' dir='ltr'>sedis</span> <span class='ocrx_word' id='word_1_576' title='bbox 1945 2935 2090 2972; x_wconf 84' lang='lat' dir='ltr'>suscipit.</span> 
     </span>
    </p>
   </div>
   <div class='ocr_carea' id='block_1_72' title="bbox 2432 2835 2486 2864">
    <p class='ocr_par' dir='ltr' id='par_1_84' title="bbox 2432 2835 2486 2864">
     <span class='ocr_line' id='line_1_167' title="bbox 2432 2835 2486 2864; baseline -0.037 0"><span class='ocrx_word' id='word_1_577' title='bbox 2432 2835 2486 2864; x_wconf 76' lang='lat'>418</span> 
     </span>
    </p>
   </div>
  </div>
 </body>
</html>
