2519 3262
258 193 317 223 312

261 287 280 309 a
293 278 455 317 predictis
470 276 686 308 monasteriis
695 274 748 305 vel
758 274 923 308 ecclesiiS,
935 273 992 312 qui
1005 281 1107 311 super
1117 272 1267 311 ipsorum

260 332 313 362 vel
331 332 475 362 aliorum
495 336 734 360 conversorum
758 336 823 357 non
849 326 916 356 sint
941 326 1046 356 simili
1071 325 1267 364 provisione

259 386 407 424 gravata,
425 384 527 413 facias
543 381 740 412 auctoritate
757 381 882 416 nostra,
897 388 955 418 per
967 380 997 409 te
1010 379 1061 409 vel
1075 387 1133 416 per
1150 378 1266 414 alium,

259 438 293 468 in
312 438 389 468 aliis
409 436 652 476 quinquaginta
671 434 791 464 solidis
808 433 1055 469 turonensium,
1074 432 1268 471 supradicta

259 491 519 530 provisionetua
534 489 566 518 in
581 497 641 518 suo
656 488 817 517 duratura
834 486 964 522 robore,
983 485 1165 524 provideri.
1185 486 1268 516 Con-

258 543 528 574 tradictoresetc.
544 550 652 580 usque
665 539 920 579 compescendo.
932 539 1005 569 Non
1015 538 1168 569 obstante
1176 539 1205 568 si
1219 556 1265 566 -.

259 598 384 627 Datum
398 595 485 634 apud
502 594 792 627 Urbemveterem‚
808 593 906 623 nonis
922 592 1011 632 julii,
1026 601 1112 622 anno
1129 591 1238 622 tertio.
1253 602 1267 619 υ

816 746 941 778 Orvieto,
960 747 991 773 15
1004 745 1097 781 juillet
1119 745 1194 772 izo-4.

352 750 447 781 1956

294 834 433 868 Episcopo
446 832 606 864 Arusiensi,
621 832 736 858 mandat
748 834 777 858 ut
787 831 973 858 Tliolomeum
989 831 1198 865 presbyterum,
1211 836 1269 855 rcc-

257 885 350 909 torem
369 882 509 909 ecclesiae
528 882 561 908 de
580 880 706 916 Ilunsely
721 881 741 914 ¹,
757 880 941 907 Otlioniensis
958 879 1092 912 diocesis,
1111 879 1190 914 cujus
1206 887 1268 912 pro-

258 934 359 959 ventus
374 931 460 958 annui
479 930 567 958 trium
590 930 698 957 scilicet
722 937 886 956 marcarum
903 928 1015 963 argenti
1029 929 1064 955 ad
1082 927 1267 954 sustentatio-

257 988 323 1007 nem
338 980 426 1015 ipsius
442 988 498 1006 non
523 979 680 1011 sufficiunt,
698 979 725 1005 in
744 978 867 1006 ccclesia
882 977 1049 1011 liminensi,
1070 976 1267 1003 Roskildensis

257 1029 391 1061 diocesis,
418 1029 445 1055 in
466 1028 648 1061 canonicum,
669 1028 721 1055 sub
740 1027 951 1062 exspectatione
969 1026 1156 1061 praebendae,
1179 1025 1267 1060 recipi

258 1078 352 1105 saciat.
372 1078 449 1112 (Rae.
471 1078 516 1111 29,
534 1077 581 1103 sol.
601 1078 663 1111 202,
685 1082 717 1103 n⁰
734 1076 827 1110 1006.)

298 1195 313 1214 «
345 1185 505 1225 Episcopo
533 1185 704 1215 Arusiensi.
728 1184 940 1215 Constitutus
968 1183 1001 1212 in
1024 1182 1197 1221 presentia
1218 1199 1265 1212 —.

257 1239 385 1269 Datum
403 1238 491 1277 apud
506 1238 794 1273 Urbemveterem,
824 1237 899 1267 idus
919 1235 1009 1275 julii,
1024 1243 1111 1266 anno
1122 1235 1234 1266 tertio.
1252 1247 1267 1263 »

355 1390 446 1421 1957
818 1387 942 1419 Orvicto,
961 1388 991 1413 10·
1004 1387 1098 1422 juillet
1118 1387 1195 1414 1:202.

295 1473 434 1507 Episcopo
449 1472 617 1499 Carnotensi
634 1472 752 1498 mandat
768 1475 797 1498 ut
813 1471 1013 1498 canonicatum
1031 1475 1056 1498 ct
1074 1472 1266 1506 praebendam

256 1522 393 1549 ecclcsiae
407 1530 430 1548 s.
454 1521 553 1548 ¹&niani
575 1521 799 1553 Aurelianensis,
821 1524 955 1548 vacantes
974 1528 1024 1555 per
1041 1520 1268 1555 resignationem

256 1571 554 1604 llenricidcTornocl,
576 1577 713 1604 personae
729 1570 848 1597 idoneae
859 1570 997 1596 conferat.
1012 1570 1088 1603 tileo.
1100 1570 1144 1601 29,
1159 1570 1269 1597 1013202

258 1626 296 1651 v⁰‚
313 1626 345 1647 n⁰
359 1621 450 1654 1007.)

299 1739 314 1755 «
328 1751 334 1756 .
350 1751 356 1757 .
378 1728 519 1768 episcopo
546 1726 738 1756 Carnolensi.
757 1727 906 1757 Innotuit
922 1726 1030 1762 nobis,
1060 1726 1181 1756 dilecto
1199 1726 1269 1756 filio

258 1781 403 1811 Henrico
419 1781 458 1811 de
473 1781 631 1816 Tornoel‚
663 1781 822 1810 canonico
842 1780 982 1810 ecclesie
1011 1780 1117 1810 sancti
1145 1780 1268 1810 Auiani

258 1834 526 1871 Aurelianensis,
562 1842 625 1872 que
656 1834 695 1863 ad
727 1834 916 1864 Romanam
948 1833 1126 1863 ecclesiam
1177 1833 1269 1863 nullo

260 1887 368 1917 medio
393 1887 549 1926 pertinet,
572 1887 761 1923 intimante,
780 1887 868 1926 quod
891 1887 962 1925 ipse
986 1888 1123 1925 paratus
1142 1888 1191 1916 est
1217 1896 1270 1916 ca·

259 1940 450 1970 nonicatum
467 1942 498 1970 et
525 1940 741 1978 prebendam,
760 1949 844 1978 quos
863 1940 895 1969 in
918 1939 1060 1969 ecclesia
1088 1940 1162 1978 ipsa
1187 1939 1270 1970 obti-

260 1995 325 2029 net,
345 1993 449 2023 libere
467 1993 649 2031 resignare.
671 1993 742 2023 Nos
761 1993 885 2031 itaque,
908 1993 947 2022 de
968 1993 1269 2030 circumspectione

259 2048 315 2076 tua
325 2046 458 2084 plenam
475 2047 506 2076 in
524 2046 666 2076 Domino
684 2046 837 2075 liduciani
853 2045 1054 2081 obtinentes,
1071 2046 1270 2075 mandamns

259 2102 435 2138 quatenus,
454 2100 482 2129 si
506 2102 556 2129 est
580 2101 637 2136 ita,
658 2101 763 2138 perte
784 2099 833 2129 vel
853 2099 957 2128 alium
979 2099 1178 2128 auctoritate
1195 2108 1268 2128 nos·

259 2155 322 2189 tra,
342 2152 449 2182 libera
467 2153 616 2191 ipsorum
633 2153 849 2183 canonicatus
865 2154 896 2182 et
910 2151 1077 2190 prebende
1097 2151 1268 2181 abeodem

259 2206 417 2236 canonico
434 2206 662 2244 resignatione
679 2208 822 2244 recepta,
840 2205 1073 2235 canonicatum
1087 2204 1268 2242 etprebeu-

259 2259 335 2289 dam
365 2259 501 2289 eosdem
530 2267 674 2297 persone
707 2259 836 2297 ydonee
866 2258 1018 2288 conferas
1044 2259 1076 2288 et
1101 2258 1267 2295 assignes,

260 2312 421 2342 inducens
452 2321 525 2342 eam
550 2312 582 2342 in
604 2311 812 2351 corporalem
832 2311 1083 2350 possessionem
1111 2311 1219 2349 ipsius
1239 2314 1270 2341 et

259 2365 444 2395 defendens
460 2365 641 2400 inductam,
657 2374 694 2395 ac
707 2365 833 2395 faciens
853 2373 926 2395 eam
947 2365 987 2394 ad
1001 2363 1205 2403 prebendam
1222 2365 1270 2403 ip-

260 2426 331 2448 sam
352 2418 384 2448 in
404 2419 601 2448 canonicum
622 2418 725 2457 recipi
742 2419 774 2449 et
794 2419 828 2449 in
858 2418 1009 2454 fratrem,
1032 2426 1097 2447 non
1114 2416 1269 2448 obstante

260 2471 289 2501 si
309 2489 356 2500 -—.
377 2471 502 2502 Datum
522 2472 609 2510 apud
627 2471 914 2506 Urbemveterem‚
934 2480 1002 2501 xvu
1023 2471 1185 2501 kalendas
1212 2480 1270 2501 au—

260 2525 362 2563 gusti,
381 2533 467 2555 anno
488 2525 597 2555 tertio.
619 2536 634 2553 »

351 2689 446 2719 1958
826 2687 951 2720 Orvieto,
971 2689 986 2713 7
1003 2686 1096 2722 juillet
1121 2687 1197 2714 12114.

295 2771 383 2798 Priori
403 2780 425 2797 s.
458 2771 576 2805 Benigni
594 2771 734 2798 'l‘ullcnsis
752 2772 868 2798 mandet
891 2774 931 2804 ut,
951 2772 1067 2798 obtentu
1092 2771 1200 2805 (Larini,
1220 2779 1269 2798 ca-

295 2886 314 2909 l.
332 2885 373 2909 En
392 2892 488 2915 margo
505 2894 508 2909 :
529 2895 537 2907 ι
555 2886 625 2910 satis
639 2886 700 2910 bene
712 2888 797 2917 potest
815 2886 936 2910 transire.
956 2895 965 2908 »

1005 186 1248 217 REGISTRES
1279 185 1490 216 D’URBAIN
1522 184 1578 214 IV.

1325 270 1437 305 pellani
1449 270 1613 304 apostolici,
1632 269 1824 296 archidiaconi
1841 269 1870 296 in
1888 269 2009 296 ccclesia
2028 269 2261 304 Catbalaunensi,
2279 279 2339 297 ma-

1325 319 1452 353 gistrum
1471 318 1625 351 l'arisium,
1643 321 1777 352 nepotem
1794 318 1893 352 ipsius,
1908 321 2049 345 rectorem
2065 318 2202 345 ecelesiae
2218 320 2252 345 de
2267 319 2338 346 Pon-

1323 368 1363 394 tio
1372 376 1416 398 nc,
1433 368 1461 394 in
1475 367 1593 394 ecclesia
1605 366 1827 393 Caihalaunensi
1839 366 2018 401 rccipisaciat
2029 367 2058 394 in
2069 367 2239 394 canonicum
2258 368 2339 402 cique

1323 418 1357 443 dc
1375 417 1536 451 praebenda
1554 416 1710 450 provideat.
1730 416 1810 451 (Rea.
1828 417 1872 448 29,
1890 415 1939 443 sol.
1957 417 2009 444 302
2027 422 2066 443 τ’).
2084 422 2114 442 η0
2129 416 2218 451 1008.)

1363 531 1379 552 «
1408 546 1413 552 .
1436 544 1442 550 .
1461 521 1562 560 priori
1585 531 1608 550 s.
1631 520 1775 560 Beniyni,
1802 520 1950 550 Tullensis
1972 519 2108 550 diocesis.
2128 521 2263 551 Sincere
2286 521 2338 552 de-

1323 574 1471 605 votionis
1486 574 1642 604 affectum
1660 591 1707 604 —-.
1726 574 1850 604 Datum
1870 574 1958 612 apud
1977 573 2266 610 Urbemveterem,
2282 582 2339 604 no-

1324 628 1376 658 nis
1395 627 1486 666 julii,
1508 636 1594 657 anno
1614 627 1724 657 tertio.
1747 636 1763 656 »

1415 783 1510 814 1959
1902 782 2029 814 Orvicto,
2045 781 2061 807 9
2073 781 2169 817 juillet
2188 781 2262 809 1264.

1360 866 1506 901 Episcopo
1519 867 1723 894 Dumblaucnsi
1739 869 1765 893 ct
1780 867 1863 893 Petro
1877 866 1948 897 Leti,
1965 867 2103 893 canonico
2116 867 2250 894 basilicae
2262 867 2339 901 prin-

1323 915 1395 949 cipis
1410 916 1616 950 Apostolorum
1628 916 1660 942 de
1676 916 1759 947 Urbe,
1775 916 1891 942 mandat
1907 918 1935 942 ut
1948 915 2031 942 l‘ctro
2039 916 2073 942 de
2083 916 2176 947 Curia,
2191 915 2340 950 capellano

1323 965 1359 996 J.,
1379 974 1402 992 s,
1420 965 1526 992 Mariae
1545 966 1573 991 in
1592 965 1740 992 Cosmidin
1760 965 1871 992 diaconi
1888 965 2055 997 cardinalis,
2078 965 2105 991 in
2125 965 2244 992 ecclesia
2264 965 2342 992 Glas·

1324 1013 1425 1049 guensi
1443 1015 1476 1040 de
1494 1014 1657 1048 praebenda
1673 1015 1851 1049 provideant.
1863 1014 1942 1047 (Rea.
1958 1016 2002 1041 κθ.
2017 1014 2065 1041 sol.
2084 1016 2135 1041 202
2149 1020 2188 1046 νῦ,
2204 1019 2235 1041 n⁰
2249 1014 2340 1049 1009.)

1367 1133 1380 1148 «
1403 1144 1409 1150 .
1433 1145 1439 1152 .
1459 1121 1609 1161 episcopo
1627 1120 1880 1160 Dulnpblarrensi,
1901 1125 1927 1149 el
1943 1120 2053 1150 dilecto
2067 1122 2133 1160 silio
2156 1121 2247 1151 Petro
2260 1121 2338 1158 Leti,

1325 1175 1473 1204 canonico
1491 1174 1612 1204 basilice
1623 1175 1776 1214 principis
1790 1174 2006 1215 Apostolorum
2018 1174 2054 1204 dc
2070 1174 2159 1211 L'rbe,
2176 1175 2205 1204 in
2223 1174 2339 1215 Anylia

1325 1228 1534 1258 commoranti.
1548 1227 1701 1258 Dilectus
1721 1228 1813 1258 filius
1828 1228 1950 1258 Petrus
1964 1228 2003 1258 de
2015 1228 2129 1264 Curia,
2142 1228 2339 1266 capellanus

1325 1281 1441 1312 dilecti
1460 1281 1523 1312 filii
1538 1281 1645 1311 nostri
1660 1281 1703 1316 J.‚
1717 1283 1832 1311 sancte
1844 1281 1950 1312 Marie
1967 1281 1999 1310 in
2014 1281 2189 1312 Cosmidin
2205 1281 2338 1312 diaconi

1326 1334 1523 1369 cardinalis,
1550 1334 1707 1373 exposuit
1735 1343 1846 1364 coram
1876 1334 1974 1364 nobis
1998 1334 2098 1373 quod,
2127 1343 2202 1364 cum
2229 1334 2339 1365 felicis

1325 1388 1572 1418 recordationis
1590 1388 1629 1418 G.
1648 1396 1744 1426 papa,
1768 1387 1987 1426 predecessor
2004 1389 2130 1423 noster,
2145 1388 2340 1418 mandasset

1327 1441 1441 1480 ipsum
1460 1441 1493 1471 in
1513 1441 1657 1471 ecclesia
1675 1441 1877 1480 Glasguensi
1902 1441 2008 1479 recipi
2029 1449 2088 1480 per
2111 1449 2189 1471 suas
2208 1441 2338 1471 litteras

1327 1495 1360 1524 in
1377 1495 1578 1525 canonicum
1595 1496 1626 1524 et
1642 1495 1674 1524 in
1690 1494 1839 1530 fratrem,
1857 1503 1893 1524 ac
1911 1493 1976 1524 sibi
1989 1494 2029 1524 de
2044 1493 2226 1533 prebenda,
2241 1495 2339 1534 siqua

1325 1551 1404 1578 tunc
1424 1549 1456 1578 in
1472 1557 1511 1578 ea
1527 1549 1672 1582 vacaret,
1691 1547 1743 1577 vel
1762 1547 2015 1586 quamprimum
2044 1547 2085 1577 ad
2102 1548 2135 1578 id
2155 1556 2191 1578 se
2206 1548 2339 1578 offerret

1328 1601 1576 1640 opportunitas,
1606 1601 1789 1639 provideri,
1807 1601 1942 1631 tandem
1958 1601 2047 1631 idem
2075 1600 2114 1631 P.
2140 1601 2174 1631 in
2197 1601 2339 1632 ecclesia

1327 1655 1402 1694 ipsa
1419 1656 1575 1693 receptus
1595 1654 1656 1684 t'uit
1674 1654 1834 1684 canonice
1856 1654 2053 1684 auctoritate
2074 1654 2269 1693 hujusmodi
2287 1655 2338 1685 lit-

1327 1710 1487 1738 terarum.
1506 1707 1727 1737 Postmodum
1745 1709 1870 1741 autem,
1887 1709 2061 1738 vacantem
2079 1707 2248 1746 quandam
2266 1716 2340 1746 pre·

1326 1761 1470 1792 bendani
1486 1760 1568 1790 inibi
1594 1769 1652 1798 per
1670 1761 1813 1790 mortem
1830 1760 1986 1791 Riccardi
1999 1761 2038 1791 de
2052 1761 2172 1796 Brado,
2185 1761 2339 1791 canonici

1327 1814 1479 1853 ejusdem
1490 1814 1642 1849 ecclesie,
1655 1814 1743 1844 dicto
1756 1815 1794 1844 P.
1805 1814 1845 1844 de
1856 1814 1931 1853 jure
1945 1813 2105 1848 debitam,
2117 1813 2202 1844 bone
2212 1822 2339 1844 memo-

1327 1868 1375 1897 rie
1395 1868 1618 1906 Glasguensis
1639 1867 1828 1906 episcopus,
1845 1867 1884 1896 ad
1901 1876 2000 1906 quem
2020 1867 2054 1896 in
2072 1867 2180 1905 ipsius
2198 1867 2340 1897 ccclesia

1328 1921 1575 1960 prebendarum
1589 1921 1727 1950 collatio
1745 1919 2142 1958 pertinebanvenerabili
2158 1920 2252 1950 fratri
2266 1929 2341 1951 nos-

1326 1976 1377 2004 tro
1388 1974 1440 2010 G„
1456 1974 1614 2012 episcopo
1632 1973 1912 2009 Sancti-Andree,
1926 1975 2003 2003 tunc
2019 1974 2178 2003 canonico
2190 1973 2340 2012 predicte

1327 2027 1481 2062 ecclesie,
1502 2035 1560 2065 pro
1579 2035 1638 2056 sua
1654 2026 1794 2055 contulit
1815 2026 1998 2063 voluntate,
2024 2035 2060 2055 ac
2084 2026 2150 2064 ipsi
2170 2026 2270 2056 Petro
2289 2035 2340 2056 ec-

1327 2079 1467 2109 clesiam
1495 2080 1534 2109 dc
1557 2079 1737 2115 liastclter,
1765 2079 1988 2117 Glasguensis
2008 2079 2165 2115 diocesis,
2184 2082 2262 2109 tunc
2286 2088 2341 2109 va-

1327 2135 1454 2162 cantem
1474 2133 1555 2162 etad
1574 2132 1790 2162 collationem
1807 2132 1916 2170 ipsius
1933 2133 2081 2171 episcopi
2103 2133 2339 2171 pertinentem,

1327 2185 1588 2224 locoprebeudc,
1602 2185 1756 2218 contulit,
1769 2186 1925 2224 quamvis
1935 2185 2151 2224 prebendalis
2165 2190 2262 2216 antea
2275 2195 2340 2216 non

1328 2239 1472 2273 suisset3
1504 2239 1619 2277 sicque
1649 2238 1800 2277 prefatus
1830 2238 1867 2268 P.
1903 2247 1968 2269 non
1997 2241 2047 2268 est
2078 2239 2185 2270 adhuc
2200 2240 2232 2269 111
2251 2240 2339 2270 dicta

1326 2292 1471 2322 ecclesia
1504 2292 1707 2331 prebendam
1743 2295 1932 2327 assecutus,
1964 2292 2039 2322 licet
2069 2294 2143 2331 post
2176 2294 2339 2332 receptio-

1326 2355 1402 2376 nem
1434 2355 1530 2375 suam
1559 2346 1674 2384 plures
1698 2345 1865 2384 prebende
1895 2346 1977 2376 inibi
2009 2347 2233 2376 vacavissent.
2255 2347 2342 2382 Quo-

1327 2400 1418 2430 circa
1433 2400 1636 2429 mandamus
1652 2402 1830 2438 quatenus,
1847 2400 1875 2429 si
1893 2402 1941 2429 est
1961 2400 2016 2433 ita,
2031 2399 2140 2430 eidem
2155 2400 2191 2430 P.
2216 2400 2340 2430 dictam

1326 2453 1508 2483 ecclesiam
1528 2453 1567 2482 de
1592 2452 1775 2486 Kastelter,
1801 2461 1901 2491 quam
1919 2453 1990 2482 loco
2010 2452 2178 2491 prebende
2199 2452 2340 2488 obtinet,

1326 2506 1435 2536 libere
1453 2507 1624 2545 resignare
1640 2508 1768 2544 parato,
1783 2515 1858 2535 cum
1879 2505 2084 2544 prebendam
2103 2506 2134 2536 in
2154 2506 2228 2545 ipsa
2243 2506 2339 2537 (31115-

1326 2560 1449 2599 guensi
1468 2559 1611 2590 ecclesia
1632 2559 1733 2589 suerit
1760 2562 1947 2591 assecutus,
1967 2559 2006 2589 de
2025 2559 2138 2598 aliqua
2156 2558 2340 2598 prebenda·

1327 2622 1403 2643 rum
1419 2613 1635 2652 antiquarum
1648 2612 1798 2651 ejtisdem
1817 2612 1969 2648 ecclesie,
1984 2613 2090 2651 siqua
2103 2615 2196 2643 vacat
2215 2612 2340 2642 ibidem

1326 2666 1367 2696 ad
1388 2674 1528 2705 presens
1547 2665 1600 2696 vel
1616 2665 1867 2704 quamprimum
1890 2665 1930 2695 ad
1947 2665 1978 2694 id
1997 2673 2032 2695 se
2053 2665 2196 2695 facultas
2213 2664 2341 2695 obtule-

1326 2719 1380 2753 rit,
1403 2719 1586 2749 dummodo
1602 2727 1665 2749 non
1685 2719 1750 2748 nisi
1768 2718 1825 2748 uni
1846 2718 1903 2748 alii
1919 2719 2194 2749 mandaxerimus
2211 2718 2250 2748 de
2266 2727 2337 2757 pre-

1325 2773 1434 2803 benda
1454 2773 1486 2802 in
1504 2772 1619 2802 eadem
1647 2771 1789 2802 ecclesia
1808 2771 1989 2810 provideri,
2011 2780 2070 2801 vos
2088 2771 2138 2802 vel
2159 2771 2244 2801 alter
2265 2780 2334 2801 ves·

1325 2826 1427 2861 trum,
1443 2834 1500 2864 per
1514 2834 1572 2855 vos
1584 2825 1635 2854 vel
1647 2833 1704 2863 per
1718 2824 1869 2854 aliosaut
1881 2825 1997 2855 alium.
2013 2824 2189 2863 providere
2199 2824 2337 2859 curetis,

1322 2878 1420 2917 juxta
1451 2878 1645 2908 earumdem
1673 2878 1781 2916 ipsius
1818 2877 2068 2916 predecessoris
2094 2877 2336 2907 continentiam
