<?xml version="1.0" encoding="UTF-8"?>
<!DOCTYPE html PUBLIC "-//W3C//DTD XHTML 1.0 Transitional//EN"
    "http://www.w3.org/TR/xhtml1/DTD/xhtml1-transitional.dtd">
<html xmlns="http://www.w3.org/1999/xhtml" xml:lang="en" lang="en">
 <head>
  <title>
</title>
<meta http-equiv="Content-Type" content="text/html;charset=utf-8" />
  <meta name='ocr-system' content='tesseract 3.04.00' />
  <meta name='ocr-capabilities' content='ocr_page ocr_carea ocr_par ocr_line ocrx_word'/>
</head>
<body>
  <div class='ocr_page' id='page_1' title='image "./lesregistresdurb34cath/lesregistresdurb34cath_0571.png"; bbox 0 0 2519 3262; ppageno 0'>
   <div class='ocr_carea' id='block_1_1' title="bbox 1110 245 2306 277">
    <p class='ocr_par' dir='ltr' id='par_1_1' title="bbox 1110 245 2306 277">
     <span class='ocr_line' id='line_1_1' title="bbox 1110 245 2306 277; baseline -0.001 0"><span class='ocrx_word' id='word_1_1' title='bbox 1110 247 1255 277; x_wconf 79' lang='lat' dir='ltr'>APPEN</span> <span class='ocrx_word' id='word_1_2' title='bbox 1264 245 1363 276; x_wconf 69' lang='lat' dir='ltr'>131(AE</span> <span class='ocrx_word' id='word_1_3' title='bbox 1387 245 1430 275; x_wconf 88' lang='grc' dir='ltr'>ΙΙ.</span> <span class='ocrx_word' id='word_1_4' title='bbox 2269 250 2306 276; x_wconf 70' lang='lat'>43</span> 
     </span>
    </p>
   </div>
   <div class='ocr_carea' id='block_1_2' title="bbox 834 341 1173 377">
    <p class='ocr_par' dir='ltr' id='par_1_2' title="bbox 834 341 1173 377">
     <span class='ocr_line' id='line_1_2' title="bbox 834 341 1173 377; baseline 0 -9"><span class='ocrx_word' id='word_1_5' title='bbox 834 342 958 374; x_wconf 71' lang='lat' dir='ltr'>Viterbe,</span> <span class='ocrx_word' id='word_1_6' title='bbox 979 341 1006 368; x_wconf 91' lang='lat' dir='ltr'>ll</span> <span class='ocrx_word' id='word_1_7' title='bbox 1020 341 1081 377; x_wconf 89' lang='lat' dir='ltr'>juin</span> <span class='ocrx_word' id='word_1_8' title='bbox 1098 342 1173 368; x_wconf 71' lang='lat'>1:02.</span> 
     </span>
    </p>
   </div>
   <div class='ocr_carea' id='block_1_3' title="bbox 326 344 423 375">
    <p class='ocr_par' dir='ltr' id='par_1_3' title="bbox 326 344 423 375">
     <span class='ocr_line' id='line_1_3' title="bbox 326 344 423 375; baseline -0.01 0"><span class='ocrx_word' id='word_1_9' title='bbox 326 344 423 375; x_wconf 77' lang='lat'>2912</span> 
     </span>
    </p>
   </div>
   <div class='ocr_carea' id='block_1_4' title="bbox 234 425 1244 802">
    <p class='ocr_par' dir='ltr' id='par_1_4' title="bbox 234 425 1244 802">
     <span class='ocr_line' id='line_1_4' title="bbox 272 425 1244 461; baseline -0.002 -8"><span class='ocrx_word' id='word_1_10' title='bbox 272 427 408 461; x_wconf 79' lang='lat' dir='ltr'>Magistro</span> <span class='ocrx_word' id='word_1_11' title='bbox 432 427 540 454; x_wconf 85' lang='lat' dir='ltr'>ordinis</span> <span class='ocrx_word' id='word_1_12' title='bbox 559 427 678 454; x_wconf 86' lang='lat' dir='ltr'>fratrum</span> <span class='ocrx_word' id='word_1_13' title='bbox 701 426 934 454; x_wconf 82' lang='lat' dir='ltr'>Praedicatorum</span> <span class='ocrx_word' id='word_1_14' title='bbox 959 425 1125 452; x_wconf 81' lang='lat' dir='ltr'>facultatem</span> <span class='ocrx_word' id='word_1_15' title='bbox 1140 433 1244 452; x_wconf 56' lang='lat' dir='ltr'>conce&lt;</span> 
     </span>
     <span class='ocr_line' id='line_1_5' title="bbox 235 475 1243 511; baseline -0.002 -9"><span class='ocrx_word' id='word_1_16' title='bbox 235 475 275 502; x_wconf 92' lang='lat' dir='ltr'>dit</span> <span class='ocrx_word' id='word_1_17' title='bbox 293 476 485 503; x_wconf 81' lang='lat' dir='ltr'>«absolvendi</span> <span class='ocrx_word' id='word_1_18' title='bbox 502 485 553 511; x_wconf 72' lang='lat' dir='ltr'>per</span> <span class='ocrx_word' id='word_1_19' title='bbox 570 485 598 503; x_wconf 88' lang='lat' dir='ltr'>se</span> <span class='ocrx_word' id='word_1_20' title='bbox 617 477 660 503; x_wconf 84' lang='lat' dir='ltr'>vel</span> <span class='ocrx_word' id='word_1_21' title='bbox 676 476 765 503; x_wconf 83' lang='lat' dir='ltr'>alium</span> <span class='ocrx_word' id='word_1_22' title='bbox 779 484 827 501; x_wconf 87' lang='lat' dir='ltr'>seu</span> <span class='ocrx_word' id='word_1_23' title='bbox 842 475 914 502; x_wconf 85' lang='lat' dir='ltr'>alios</span> <span class='ocrx_word' id='word_1_24' title='bbox 931 483 1001 508; x_wconf 91' lang='lat' dir='ltr'>quos</span> <span class='ocrx_word' id='word_1_25' title='bbox 1012 476 1046 501; x_wconf 89' lang='lat' dir='ltr'>ad</span> <span class='ocrx_word' id='word_1_26' title='bbox 1060 475 1112 501; x_wconf 87' lang='lat' dir='ltr'>hoc</span> <span class='ocrx_word' id='word_1_27' title='bbox 1128 475 1243 501; x_wconf 86' lang='lat' dir='ltr'>idoneos</span> 
     </span>
     <span class='ocr_line' id='line_1_6' title="bbox 235 523 1243 559; baseline -0.002 -8"><span class='ocrx_word' id='word_1_28' title='bbox 235 525 410 559; x_wconf 76' lang='lat' dir='ltr'>cognoverit.</span> <span class='ocrx_word' id='word_1_29' title='bbox 431 535 444 550; x_wconf 76' lang='lat' dir='ltr'>n</span> <span class='ocrx_word' id='word_1_30' title='bbox 464 534 480 552; x_wconf 90' lang='lat' dir='ltr'>a</span> <span class='ocrx_word' id='word_1_31' title='bbox 503 528 568 552; x_wconf 81' lang='lat' dir='ltr'>voto</span> <span class='ocrx_word' id='word_1_32' title='bbox 585 525 677 552; x_wconf 91' lang='lat' dir='ltr'>crucis</span> <span class='ocrx_word' id='word_1_33' title='bbox 700 532 800 551; x_wconf 87' lang='lat' dir='ltr'>omnes</span> <span class='ocrx_word' id='word_1_34' title='bbox 819 524 1032 558; x_wconf 73' lang='lat' dir='ltr'><strong>crucesignatos</strong></span> <span class='ocrx_word' id='word_1_35' title='bbox 1058 523 1196 550; x_wconf 82' lang='lat' dir='ltr'>hactenus</span> <span class='ocrx_word' id='word_1_36' title='bbox 1215 523 1243 549; x_wconf 93' lang='lat' dir='ltr'>in</span> 
     </span>
     <span class='ocr_line' id='line_1_7' title="bbox 236 571 1242 607; baseline -0.002 -7"><span class='ocrx_word' id='word_1_37' title='bbox 236 573 396 600; x_wconf 76' lang='lat' dir='ltr'>subsidium</span> <span class='ocrx_word' id='word_1_38' title='bbox 421 574 525 601; x_wconf 83' lang='lat' dir='ltr'>Terrae</span> <span class='ocrx_word' id='word_1_39' title='bbox 554 575 673 601; x_wconf 84' lang='lat' dir='ltr'>Sanctae</span> <span class='ocrx_word' id='word_1_40' title='bbox 701 577 730 600; x_wconf 89' lang='lat' dir='ltr'>et</span> <span class='ocrx_word' id='word_1_41' title='bbox 763 572 1004 607; x_wconf 81' lang='lat' dir='ltr'>crucesignandos</span> <span class='ocrx_word' id='word_1_42' title='bbox 1024 573 1169 606; x_wconf 80' lang='lat' dir='ltr'>deinceps,</span> <span class='ocrx_word' id='word_1_43' title='bbox 1196 571 1242 606; x_wconf 85' lang='lat' dir='ltr'>qui</span> 
     </span>
     <span class='ocr_line' id='line_1_8' title="bbox 234 620 1243 657; baseline -0.002 -9"><span class='ocrx_word' id='word_1_44' title='bbox 234 625 350 657; x_wconf 88' lang='lat' dir='ltr'>propter</span> <span class='ocrx_word' id='word_1_45' title='bbox 368 631 484 650; x_wconf 87' lang='lat' dir='ltr'>suorum</span> <span class='ocrx_word' id='word_1_46' title='bbox 502 623 702 650; x_wconf 84' lang='lat' dir='ltr'>infirmitatem</span> <span class='ocrx_word' id='word_1_47' title='bbox 719 625 768 649; x_wconf 84' lang='lat' dir='ltr'>aut</span> <span class='ocrx_word' id='word_1_48' title='bbox 783 621 964 648; x_wconf 81' lang='lat' dir='ltr'>debilitatem</span> <span class='ocrx_word' id='word_1_49' title='bbox 981 629 1144 656; x_wconf 80' lang='lat' dir='ltr'>corporum,</span> <span class='ocrx_word' id='word_1_50' title='bbox 1163 620 1243 647; x_wconf 82' lang='lat' dir='ltr'>inha-</span> 
     </span>
     <span class='ocr_line' id='line_1_9' title="bbox 234 670 1244 706; baseline -0.003 -8"><span class='ocrx_word' id='word_1_51' title='bbox 234 671 307 698; x_wconf 89' lang='lat' dir='ltr'>biles</span> <span class='ocrx_word' id='word_1_52' title='bbox 319 671 361 697; x_wconf 89' lang='lat' dir='ltr'>vel</span> <span class='ocrx_word' id='word_1_53' title='bbox 378 672 551 706; x_wconf 75' lang='lat' dir='ltr'>impotentes</span> <span class='ocrx_word' id='word_1_54' title='bbox 570 671 675 698; x_wconf 88' lang='lat' dir='ltr'>fuerint</span> <span class='ocrx_word' id='word_1_55' title='bbox 689 672 724 698; x_wconf 84' lang='lat' dir='ltr'>ad</span> <span class='ocrx_word' id='word_1_56' title='bbox 739 671 923 705; x_wconf 80' lang='lat' dir='ltr'>pugnandum</span> <span class='ocrx_word' id='word_1_57' title='bbox 939 670 982 696; x_wconf 82' lang='lat' dir='ltr'>vcl</span> <span class='ocrx_word' id='word_1_58' title='bbox 999 671 1035 696; x_wconf 85' lang='lat' dir='ltr'>ad</span> <span class='ocrx_word' id='word_1_59' title='bbox 1051 670 1244 697; x_wconf 82' lang='lat' dir='ltr'>transfretan—</span> 
     </span>
     <span class='ocr_line' id='line_1_10' title="bbox 234 718 1242 755; baseline -0.002 -9"><span class='ocrx_word' id='word_1_60' title='bbox 234 720 301 746; x_wconf 89' lang='lat' dir='ltr'>dum</span> <span class='ocrx_word' id='word_1_61' title='bbox 315 720 344 747; x_wconf 89' lang='lat' dir='ltr'>in</span> <span class='ocrx_word' id='word_1_62' title='bbox 361 720 449 755; x_wconf 90' lang='lat' dir='ltr'>ipsius</span> <span class='ocrx_word' id='word_1_63' title='bbox 463 721 566 747; x_wconf 78' lang='lat' dir='ltr'>Terrae</span> <span class='ocrx_word' id='word_1_64' title='bbox 579 728 756 750; x_wconf 78' lang='lat' dir='ltr'>succursum,</span> <span class='ocrx_word' id='word_1_65' title='bbox 768 719 927 746; x_wconf 87' lang='lat' dir='ltr'>dummodo</span> <span class='ocrx_word' id='word_1_66' title='bbox 943 719 1099 746; x_wconf 87' lang='lat' dir='ltr'>seeundum</span> <span class='ocrx_word' id='word_1_67' title='bbox 1115 718 1242 753; x_wconf 84' lang='lat' dir='ltr'>proprias</span> 
     </span>
     <span class='ocr_line' id='line_1_11' title="bbox 235 767 1243 802; baseline -0.002 -7"><span class='ocrx_word' id='word_1_68' title='bbox 235 768 386 795; x_wconf 69' lang='lat' dir='ltr'>facultates</span> <span class='ocrx_word' id='word_1_69' title='bbox 409 769 498 796; x_wconf 80' lang='lat' dir='ltr'>velint</span> <span class='ocrx_word' id='word_1_70' title='bbox 517 769 659 796; x_wconf 84' lang='lat' dir='ltr'>redimere</span> <span class='ocrx_word' id='word_1_71' title='bbox 676 771 741 795; x_wconf 87' lang='lat' dir='ltr'>vota</span> <span class='ocrx_word' id='word_1_72' title='bbox 755 777 815 794; x_wconf 86' lang='lat' dir='ltr'>sua.</span> <span class='ocrx_word' id='word_1_73' title='bbox 835 769 931 801; x_wconf 67' lang='lat' dir='ltr'>(Aaou.</span> <span class='ocrx_word' id='word_1_74' title='bbox 950 767 1021 794; x_wconf 61' lang='lat' dir='ltr'>Nn.</span> <span class='ocrx_word' id='word_1_75' title='bbox 1037 776 1050 793; x_wconf 79' lang='grc' dir='ltr'>ι,</span> <span class='ocrx_word' id='word_1_76' title='bbox 1065 768 1127 798; x_wconf 64' lang='lat'><strong>2254,</strong></span> <span class='ocrx_word' id='word_1_77' title='bbox 1144 773 1172 793; x_wconf 72' lang='grc' dir='ltr'>ιιθ</span> <span class='ocrx_word' id='word_1_78' title='bbox 1186 767 1243 802; x_wconf 69' lang='lat'>40.)</span> 
     </span>
    </p>
   </div>
   <div class='ocr_carea' id='block_1_5' title="bbox 231 867 1241 1122">
    <p class='ocr_par' dir='ltr' id='par_1_5' title="bbox 231 867 1241 1122">
     <span class='ocr_line' id='line_1_12' title="bbox 275 867 1240 910; baseline -0.003 -10"><span class='ocrx_word' id='word_1_79' title='bbox 275 880 292 901; x_wconf 85' lang='lat'>«</span> <span class='ocrx_word' id='word_1_80' title='bbox 313 870 452 899; x_wconf 51' lang='lat' dir='ltr'>libanus</span> <span class='ocrx_word' id='word_1_81' title='bbox 469 870 638 910; x_wconf 79' lang='lat' dir='ltr'>episcopus,</span> <span class='ocrx_word' id='word_1_82' title='bbox 654 879 756 898; x_wconf 81' lang='lat' dir='ltr'>servus</span> <span class='ocrx_word' id='word_1_83' title='bbox 766 878 920 897; x_wconf 80' lang='lat' dir='ltr'>servorum</span> <span class='ocrx_word' id='word_1_84' title='bbox 939 867 1003 902; x_wconf 62' lang='lat' dir='ltr'>Dei,</span> <span class='ocrx_word' id='word_1_85' title='bbox 1021 867 1130 897; x_wconf 81' lang='lat' dir='ltr'>dilecto</span> <span class='ocrx_word' id='word_1_86' title='bbox 1143 868 1240 907; x_wconf 76' lang='lat' dir='ltr'>silio..</span> 
     </span>
     <span class='ocr_line' id='line_1_13' title="bbox 232 921 1231 963; baseline -0.003 -11"><span class='ocrx_word' id='word_1_87' title='bbox 232 924 377 963; x_wconf 75' lang='lat' dir='ltr'>maqistro</span> <span class='ocrx_word' id='word_1_88' title='bbox 403 922 523 952; x_wconf 83' lang='lat' dir='ltr'>ordinis</span> <span class='ocrx_word' id='word_1_89' title='bbox 538 923 670 961; x_wconf 76' lang='lat' dir='ltr'>fratrum</span> <span class='ocrx_word' id='word_1_90' title='bbox 695 921 938 953; x_wconf 70' lang='lat' dir='ltr'>predicatorum,</span> <span class='ocrx_word' id='word_1_91' title='bbox 960 921 1086 950; x_wconf 76' lang='lat' dir='ltr'>sulutem</span> <span class='ocrx_word' id='word_1_92' title='bbox 1108 926 1136 950; x_wconf 82' lang='lat' dir='ltr'>et</span> <span class='ocrx_word' id='word_1_93' title='bbox 1157 932 1231 961; x_wconf 77' lang='lat' dir='ltr'>apos</span> 
     </span>
     <span class='ocr_line' id='line_1_14' title="bbox 232 975 1240 1013; baseline -0.002 -7"><span class='ocrx_word' id='word_1_94' title='bbox 232 976 353 1006; x_wconf 82' lang='lat' dir='ltr'>tolicam</span> <span class='ocrx_word' id='word_1_95' title='bbox 374 975 622 1006; x_wconf 77' lang='lat' dir='ltr'>benedictionem.</span> <span class='ocrx_word' id='word_1_96' title='bbox 648 975 733 1006; x_wconf 89' lang='lat' dir='ltr'>Cum</span> <span class='ocrx_word' id='word_1_97' title='bbox 761 975 1025 1013; x_wconf 83' lang='lat' dir='ltr'>predicationem</span> <span class='ocrx_word' id='word_1_98' title='bbox 1047 975 1165 1005; x_wconf 83' lang='lat' dir='ltr'>Crucis</span> <span class='ocrx_word' id='word_1_99' title='bbox 1192 992 1240 1003; x_wconf 93' lang='lat'>—.</span> 
     </span>
     <span class='ocr_line' id='line_1_15' title="bbox 232 1028 1241 1067; baseline -0.002 -7"><span class='ocrx_word' id='word_1_100' title='bbox 232 1030 357 1061; x_wconf 88' lang='lat' dir='ltr'>Datum</span> <span class='ocrx_word' id='word_1_101' title='bbox 384 1029 541 1066; x_wconf 84' lang='lat' dir='ltr'>Viterbii‚</span> <span class='ocrx_word' id='word_1_102' title='bbox 577 1038 611 1058; x_wconf 93' lang='grc' dir='ltr'>ιιι</span> <span class='ocrx_word' id='word_1_103' title='bbox 649 1028 725 1058; x_wconf 89' lang='lat' dir='ltr'>idus</span> <span class='ocrx_word' id='word_1_104' title='bbox 753 1028 854 1067; x_wconf 83' lang='lat' dir='ltr'>junii,</span> <span class='ocrx_word' id='word_1_105' title='bbox 888 1028 1105 1067; x_wconf 79' lang='lat' dir='ltr'>pontificatus</span> <span class='ocrx_word' id='word_1_106' title='bbox 1135 1028 1241 1059; x_wconf 84' lang='lat' dir='ltr'>nostri</span> 
     </span>
     <span class='ocr_line' id='line_1_16' title="bbox 231 1083 498 1122; baseline -0.011 -8"><span class='ocrx_word' id='word_1_107' title='bbox 231 1092 317 1114; x_wconf 86' lang='lat' dir='ltr'>anno</span> <span class='ocrx_word' id='word_1_108' title='bbox 337 1083 457 1122; x_wconf 89' lang='lat' dir='ltr'>primo.</span> <span class='ocrx_word' id='word_1_109' title='bbox 484 1091 498 1111; x_wconf 75' lang='lat' dir='ltr'>n</span> 
     </span>
    </p>
   </div>
   <div class='ocr_carea' id='block_1_6' title="bbox 266 1188 1238 1225">
    <p class='ocr_par' dir='ltr' id='par_1_6' title="bbox 266 1188 1238 1225">
     <span class='ocr_line' id='line_1_17' title="bbox 266 1188 1238 1225; baseline -0.001 -8"><span class='ocrx_word' id='word_1_110' title='bbox 266 1191 296 1217; x_wconf 96' lang='lat' dir='ltr'>ln</span> <span class='ocrx_word' id='word_1_111' title='bbox 312 1198 336 1217; x_wconf 92' lang='lat' dir='ltr'>e.</span> <span class='ocrx_word' id='word_1_112' title='bbox 349 1189 485 1225; x_wconf 91' lang='lat' dir='ltr'>m.priori</span> <span class='ocrx_word' id='word_1_113' title='bbox 506 1189 675 1224; x_wconf 73' lang='lat' dir='ltr'>provinciali</span> <span class='ocrx_word' id='word_1_114' title='bbox 695 1189 817 1216; x_wconf 77' lang='lat' dir='ltr'>fratrum</span> <span class='ocrx_word' id='word_1_115' title='bbox 834 1189 1049 1215; x_wconf 85' lang='lat' dir='ltr'>Predicatorum</span> <span class='ocrx_word' id='word_1_116' title='bbox 1066 1188 1093 1215; x_wconf 92' lang='lat' dir='ltr'>in</span> <span class='ocrx_word' id='word_1_117' title='bbox 1111 1188 1238 1216; x_wconf 82' lang='lat' dir='ltr'>l&#39;olonia.</span> 
     </span>
    </p>
   </div>
   <div class='ocr_carea' id='block_1_7' title="bbox 317 1348 1166 1384">
    <p class='ocr_par' dir='ltr' id='par_1_7' title="bbox 317 1348 1166 1384">
     <span class='ocr_line' id='line_1_18' title="bbox 317 1348 1166 1384; baseline -0.009 -2"><span class='ocrx_word' id='word_1_118' title='bbox 317 1352 414 1382; x_wconf 78' lang='grc'><strong>2913</strong></span> <span class='ocrx_word' id='word_1_119' title='bbox 827 1348 950 1380; x_wconf 86' lang='lat' dir='ltr'>Vitorbe,</span> <span class='ocrx_word' id='word_1_120' title='bbox 966 1349 998 1375; x_wconf 84' lang='grc'>12</span> <span class='ocrx_word' id='word_1_121' title='bbox 1009 1348 1071 1384; x_wconf 82' lang='lat' dir='ltr'>juin</span> <span class='ocrx_word' id='word_1_122' title='bbox 1089 1348 1166 1376; x_wconf 71' lang='grc'>1262.</span> 
     </span>
    </p>
   </div>
   <div class='ocr_carea' id='block_1_8' title="bbox 225 1437 1238 1620">
    <p class='ocr_par' dir='ltr' id='par_1_8' title="bbox 225 1437 1238 1620">
     <span class='ocr_line' id='line_1_19' title="bbox 263 1437 1238 1473; baseline -0.002 -8"><span class='ocrx_word' id='word_1_123' title='bbox 263 1437 399 1473; x_wconf 80' lang='lat' dir='ltr'>Magistro</span> <span class='ocrx_word' id='word_1_124' title='bbox 425 1439 533 1465; x_wconf 80' lang='lat' dir='ltr'>ordinis</span> <span class='ocrx_word' id='word_1_125' title='bbox 560 1438 680 1465; x_wconf 83' lang='lat' dir='ltr'>fratrum</span> <span class='ocrx_word' id='word_1_126' title='bbox 700 1438 932 1465; x_wconf 77' lang='lat' dir='ltr'>Praedicatorum</span> <span class='ocrx_word' id='word_1_127' title='bbox 953 1438 1072 1464; x_wconf 82' lang='lat' dir='ltr'>mandat</span> <span class='ocrx_word' id='word_1_128' title='bbox 1095 1446 1150 1464; x_wconf 93' lang='lat' dir='ltr'>non</span> <span class='ocrx_word' id='word_1_129' title='bbox 1175 1445 1238 1472; x_wconf 90' lang='lat' dir='ltr'>per-</span> 
     </span>
     <span class='ocr_line' id='line_1_20' title="bbox 227 1485 1237 1522; baseline -0.001 -8"><span class='ocrx_word' id='word_1_130' title='bbox 227 1487 337 1520; x_wconf 80' lang='lat' dir='ltr'>mittat,</span> <span class='ocrx_word' id='word_1_131' title='bbox 353 1496 402 1522; x_wconf 91' lang='lat' dir='ltr'>per</span> <span class='ocrx_word' id='word_1_132' title='bbox 420 1495 450 1514; x_wconf 88' lang='lat' dir='ltr'>se</span> <span class='ocrx_word' id='word_1_133' title='bbox 466 1487 509 1514; x_wconf 87' lang='lat' dir='ltr'>vel</span> <span class='ocrx_word' id='word_1_134' title='bbox 527 1487 616 1514; x_wconf 86' lang='lat' dir='ltr'>alium</span> <span class='ocrx_word' id='word_1_135' title='bbox 637 1495 685 1514; x_wconf 91' lang='lat' dir='ltr'>seu</span> <span class='ocrx_word' id='word_1_136' title='bbox 707 1486 791 1519; x_wconf 83' lang='lat' dir='ltr'>alios,</span> <span class='ocrx_word' id='word_1_137' title='bbox 816 1487 1043 1521; x_wconf 76' lang='lat' dir='ltr'>crucesignatos,</span> <span class='ocrx_word' id='word_1_138' title='bbox 1062 1489 1163 1514; x_wconf 80' lang='lat' dir='ltr'>contra</span> <span class='ocrx_word' id='word_1_139' title='bbox 1185 1485 1237 1513; x_wconf 88' lang='lat' dir='ltr'>im-</span> 
     </span>
     <span class='ocr_line' id='line_1_21' title="bbox 226 1535 1238 1570; baseline -0.001 -8"><span class='ocrx_word' id='word_1_140' title='bbox 226 1536 383 1563; x_wconf 89' lang='lat' dir='ltr'>munitates</span> <span class='ocrx_word' id='word_1_141' title='bbox 406 1538 434 1563; x_wconf 92' lang='lat' dir='ltr'>et</span> <span class='ocrx_word' id='word_1_142' title='bbox 462 1536 612 1570; x_wconf 78' lang='lat' dir='ltr'>privilegia</span> <span class='ocrx_word' id='word_1_143' title='bbox 631 1536 666 1562; x_wconf 91' lang='lat' dir='ltr'>ab</span> <span class='ocrx_word' id='word_1_144' title='bbox 687 1535 844 1570; x_wconf 86' lang='lat' dir='ltr'>apostolica</span> <span class='ocrx_word' id='word_1_145' title='bbox 866 1537 932 1562; x_wconf 88' lang='lat' dir='ltr'>sede</span> <span class='ocrx_word' id='word_1_146' title='bbox 958 1543 1105 1567; x_wconf 83' lang='lat' dir='ltr'>concessa,</span> <span class='ocrx_word' id='word_1_147' title='bbox 1125 1535 1160 1561; x_wconf 89' lang='lat' dir='ltr'>ab</span> <span class='ocrx_word' id='word_1_148' title='bbox 1186 1535 1238 1562; x_wconf 89' lang='lat' dir='ltr'>ali-</span> 
     </span>
     <span class='ocr_line' id='line_1_22' title="bbox 225 1584 1080 1620; baseline 0 -9"><span class='ocrx_word' id='word_1_149' title='bbox 225 1584 327 1618; x_wconf 88' lang='lat' dir='ltr'>quibus</span> <span class='ocrx_word' id='word_1_150' title='bbox 344 1585 468 1612; x_wconf 85' lang='lat' dir='ltr'>indebite</span> <span class='ocrx_word' id='word_1_151' title='bbox 486 1584 646 1612; x_wconf 86' lang='lat' dir='ltr'>molestari.</span> <span class='ocrx_word' id='word_1_152' title='bbox 664 1585 762 1620; x_wconf 67' lang='lat' dir='ltr'>(Aaou.</span> <span class='ocrx_word' id='word_1_153' title='bbox 778 1585 848 1611; x_wconf 66' lang='lat' dir='ltr'>Nn.</span> <span class='ocrx_word' id='word_1_154' title='bbox 868 1593 882 1610; x_wconf 86' lang='lat' dir='ltr'>L</span> <span class='ocrx_word' id='word_1_155' title='bbox 897 1585 960 1618; x_wconf 76' lang='grc'>254,</span> <span class='ocrx_word' id='word_1_156' title='bbox 979 1591 1008 1611; x_wconf 92' lang='lat' dir='ltr'>n⁰</span> <span class='ocrx_word' id='word_1_157' title='bbox 1024 1585 1080 1619; x_wconf 84' lang='lat'>39.)</span> 
     </span>
    </p>
   </div>
   <div class='ocr_carea' id='block_1_9' title="bbox 225 1679 1237 1880">
    <p class='ocr_par' dir='ltr' id='par_1_9' title="bbox 225 1679 1237 1880">
     <span class='ocr_line' id='line_1_23' title="bbox 265 1679 1234 1721; baseline 0.002 -11"><span class='ocrx_word' id='word_1_158' title='bbox 265 1692 280 1710; x_wconf 75' lang='grc' dir='ltr'>ι(</span> <span class='ocrx_word' id='word_1_159' title='bbox 301 1679 440 1710; x_wconf 80' lang='lat' dir='ltr'>Urbanus</span> <span class='ocrx_word' id='word_1_160' title='bbox 451 1682 619 1721; x_wconf 69' lang='lat' dir='ltr'>episcopiis,</span> <span class='ocrx_word' id='word_1_161' title='bbox 637 1691 739 1711; x_wconf 81' lang='lat' dir='ltr'>servus</span> <span class='ocrx_word' id='word_1_162' title='bbox 754 1691 906 1710; x_wconf 73' lang='lat' dir='ltr'>serrorum</span> <span class='ocrx_word' id='word_1_163' title='bbox 925 1681 989 1717; x_wconf 83' lang='lat' dir='ltr'>Dei,</span> <span class='ocrx_word' id='word_1_164' title='bbox 1008 1681 1118 1711; x_wconf 72' lang='lat' dir='ltr'>dilecto</span> <span class='ocrx_word' id='word_1_165' title='bbox 1132 1682 1214 1719; x_wconf 72' lang='lat' dir='ltr'>silio.</span> <span class='ocrx_word' id='word_1_166' title='bbox 1229 1707 1234 1712; x_wconf 96' lang='lat'>.</span> 
     </span>
     <span class='ocr_line' id='line_1_24' title="bbox 226 1733 1237 1773; baseline 0.002 -10"><span class='ocrx_word' id='word_1_167' title='bbox 226 1735 371 1773; x_wconf 64' lang='lat' dir='ltr'>magistro</span> <span class='ocrx_word' id='word_1_168' title='bbox 395 1734 513 1764; x_wconf 75' lang='lat' dir='ltr'>ordinis</span> <span class='ocrx_word' id='word_1_169' title='bbox 527 1735 661 1771; x_wconf 76' lang='lat' dir='ltr'>fratrum</span> <span class='ocrx_word' id='word_1_170' title='bbox 679 1733 920 1764; x_wconf 80' lang='lat' dir='ltr'>Predicatorum.</span> <span class='ocrx_word' id='word_1_171' title='bbox 940 1735 1023 1765; x_wconf 88' lang='lat' dir='ltr'>Cum</span> <span class='ocrx_word' id='word_1_172' title='bbox 1041 1735 1237 1773; x_wconf 80' lang='lat' dir='ltr'>predicatio-</span> 
     </span>
     <span class='ocr_line' id='line_1_25' title="bbox 229 1787 1235 1827; baseline 0 -9"><span class='ocrx_word' id='word_1_173' title='bbox 229 1796 304 1818; x_wconf 90' lang='lat' dir='ltr'>nem</span> <span class='ocrx_word' id='word_1_174' title='bbox 329 1788 447 1818; x_wconf 84' lang='lat' dir='ltr'>Crucis</span> <span class='ocrx_word' id='word_1_175' title='bbox 464 1806 512 1816; x_wconf 87' lang='lat'>-.</span> <span class='ocrx_word' id='word_1_176' title='bbox 534 1788 659 1818; x_wconf 88' lang='lat' dir='ltr'>Datum</span> <span class='ocrx_word' id='word_1_177' title='bbox 679 1787 838 1822; x_wconf 85' lang='lat' dir='ltr'>Viterbii,</span> <span class='ocrx_word' id='word_1_178' title='bbox 857 1798 878 1817; x_wconf 95' lang='grc' dir='ltr'>ιι</span> <span class='ocrx_word' id='word_1_179' title='bbox 898 1788 973 1818; x_wconf 87' lang='lat' dir='ltr'>idus</span> <span class='ocrx_word' id='word_1_180' title='bbox 987 1788 1087 1826; x_wconf 82' lang='lat' dir='ltr'>junii,</span> <span class='ocrx_word' id='word_1_181' title='bbox 1105 1789 1235 1827; x_wconf 80' lang='lat' dir='ltr'>pontiti·</span> 
     </span>
     <span class='ocr_line' id='line_1_26' title="bbox 225 1841 724 1880; baseline -0.002 -9"><span class='ocrx_word' id='word_1_182' title='bbox 225 1843 320 1872; x_wconf 88' lang='lat' dir='ltr'>catus</span> <span class='ocrx_word' id='word_1_183' title='bbox 337 1841 444 1871; x_wconf 87' lang='lat' dir='ltr'>nostri</span> <span class='ocrx_word' id='word_1_184' title='bbox 462 1850 549 1872; x_wconf 86' lang='lat' dir='ltr'>anno</span> <span class='ocrx_word' id='word_1_185' title='bbox 567 1841 689 1880; x_wconf 90' lang='lat' dir='ltr'>primo.</span> <span class='ocrx_word' id='word_1_186' title='bbox 709 1851 724 1870; x_wconf 79' lang='grc' dir='ltr'>ι)</span> 
     </span>
    </p>
   </div>
   <div class='ocr_carea' id='block_1_10' title="bbox 260 1940 1234 1976">
    <p class='ocr_par' dir='ltr' id='par_1_10' title="bbox 260 1940 1234 1976">
     <span class='ocr_line' id='line_1_27' title="bbox 260 1940 1234 1976; baseline 0 -8"><span class='ocrx_word' id='word_1_187' title='bbox 260 1942 290 1967; x_wconf 92' lang='lat' dir='ltr'>ln</span> <span class='ocrx_word' id='word_1_188' title='bbox 303 1950 328 1968; x_wconf 85' lang='lat' dir='ltr'>e.</span> <span class='ocrx_word' id='word_1_189' title='bbox 347 1949 387 1968; x_wconf 90' lang='lat' dir='ltr'>m.</span> <span class='ocrx_word' id='word_1_190' title='bbox 405 1941 492 1976; x_wconf 91' lang='lat' dir='ltr'>priori</span> <span class='ocrx_word' id='word_1_191' title='bbox 508 1940 677 1976; x_wconf 85' lang='lat' dir='ltr'>provinciali</span> <span class='ocrx_word' id='word_1_192' title='bbox 696 1940 819 1968; x_wconf 79' lang='lat' dir='ltr'>fratrum</span> <span class='ocrx_word' id='word_1_193' title='bbox 837 1941 1051 1968; x_wconf 81' lang='lat' dir='ltr'>Prcdicatorum</span> <span class='ocrx_word' id='word_1_194' title='bbox 1065 1941 1092 1968; x_wconf 91' lang='lat' dir='ltr'>in</span> <span class='ocrx_word' id='word_1_195' title='bbox 1105 1941 1234 1968; x_wconf 83' lang='lat' dir='ltr'>Polonia.</span> 
     </span>
    </p>
   </div>
   <div class='ocr_carea' id='block_1_11' title="bbox 313 2103 1163 2139">
    <p class='ocr_par' dir='ltr' id='par_1_11' title="bbox 313 2103 1163 2139">
     <span class='ocr_line' id='line_1_28' title="bbox 313 2103 1163 2139; baseline 0.001 -10"><span class='ocrx_word' id='word_1_196' title='bbox 313 2106 412 2137; x_wconf 70' lang='lat'>2914</span> <span class='ocrx_word' id='word_1_197' title='bbox 806 2103 932 2134; x_wconf 67' lang='lat' dir='ltr'>Yitcrbe,</span> <span class='ocrx_word' id='word_1_198' title='bbox 956 2104 986 2130; x_wconf 76' lang='lat'>17</span> <span class='ocrx_word' id='word_1_199' title='bbox 1000 2103 1063 2139; x_wconf 89' lang='lat' dir='ltr'>juin</span> <span class='ocrx_word' id='word_1_200' title='bbox 1086 2103 1163 2130; x_wconf 77' lang='grc'>1262.</span> 
     </span>
    </p>
   </div>
   <div class='ocr_carea' id='block_1_12' title="bbox 222 2186 1232 2420">
    <p class='ocr_par' dir='ltr' id='par_1_12' title="bbox 222 2186 1232 2420">
     <span class='ocr_line' id='line_1_29' title="bbox 258 2186 1232 2223; baseline -0.002 -8"><span class='ocrx_word' id='word_1_201' title='bbox 258 2189 394 2223; x_wconf 84' lang='lat' dir='ltr'>Magistro</span> <span class='ocrx_word' id='word_1_202' title='bbox 422 2187 529 2215; x_wconf 86' lang='lat' dir='ltr'>ordinis</span> <span class='ocrx_word' id='word_1_203' title='bbox 563 2188 684 2215; x_wconf 79' lang='lat' dir='ltr'>fratrum</span> <span class='ocrx_word' id='word_1_204' title='bbox 716 2187 949 2214; x_wconf 81' lang='lat' dir='ltr'>Praedicatorum</span> <span class='ocrx_word' id='word_1_205' title='bbox 984 2188 1032 2214; x_wconf 87' lang='lat' dir='ltr'>dat</span> <span class='ocrx_word' id='word_1_206' title='bbox 1065 2186 1232 2214; x_wconf 81' lang='lat' dir='ltr'>facultatem</span> 
     </span>
     <span class='ocr_line' id='line_1_30' title="bbox 223 2235 1231 2272; baseline -0.001 -10"><span class='ocrx_word' id='word_1_207' title='bbox 223 2246 237 2262; x_wconf 81' lang='grc' dir='ltr'>(ι</span> <span class='ocrx_word' id='word_1_208' title='bbox 252 2237 451 2264; x_wconf 84' lang='lat' dir='ltr'>commutandi</span> <span class='ocrx_word' id='word_1_209' title='bbox 470 2237 739 2272; x_wconf 78' lang='lat' dir='ltr'>peregrinationum</span> <span class='ocrx_word' id='word_1_210' title='bbox 754 2239 782 2263; x_wconf 89' lang='lat' dir='ltr'>et</span> <span class='ocrx_word' id='word_1_211' title='bbox 797 2236 853 2264; x_wconf 84' lang='lat' dir='ltr'>alia</span> <span class='ocrx_word' id='word_1_212' title='bbox 863 2236 1026 2272; x_wconf 88' lang='lat' dir='ltr'>hujusmodi</span> <span class='ocrx_word' id='word_1_213' title='bbox 1042 2239 1107 2263; x_wconf 85' lang='lat' dir='ltr'>vota</span> <span class='ocrx_word' id='word_1_214' title='bbox 1118 2235 1231 2262; x_wconf 87' lang='lat' dir='ltr'>illorum</span> 
     </span>
     <span class='ocr_line' id='line_1_31' title="bbox 222 2285 1231 2320; baseline -0.001 -8"><span class='ocrx_word' id='word_1_215' title='bbox 222 2286 269 2319; x_wconf 90' lang='lat' dir='ltr'>qui</span> <span class='ocrx_word' id='word_1_216' title='bbox 291 2294 341 2320; x_wconf 88' lang='lat' dir='ltr'>pro</span> <span class='ocrx_word' id='word_1_217' title='bbox 357 2287 461 2313; x_wconf 86' lang='lat' dir='ltr'>Terrae</span> <span class='ocrx_word' id='word_1_218' title='bbox 481 2286 602 2314; x_wconf 76' lang='lat' dir='ltr'>Sanctae</span> <span class='ocrx_word' id='word_1_219' title='bbox 623 2286 750 2313; x_wconf 86' lang='lat' dir='ltr'>subsidio</span> <span class='ocrx_word' id='word_1_220' title='bbox 766 2286 880 2320; x_wconf 85' lang='lat' dir='ltr'>signum</span> <span class='ocrx_word' id='word_1_221' title='bbox 894 2285 993 2312; x_wconf 75' lang='lat' dir='ltr'>(Irucis</span> <span class='ocrx_word' id='word_1_222' title='bbox 1008 2285 1231 2320; x_wconf 80' lang='lat' dir='ltr'>assumpserint,</span> 
     </span>
     <span class='ocr_line' id='line_1_32' title="bbox 222 2334 1232 2370; baseline 0 -10"><span class='ocrx_word' id='word_1_223' title='bbox 222 2338 288 2362; x_wconf 85' lang='lat' dir='ltr'>voto</span> <span class='ocrx_word' id='word_1_224' title='bbox 304 2334 452 2370; x_wconf 80' lang='lat' dir='ltr'>religionis</span> <span class='ocrx_word' id='word_1_225' title='bbox 465 2338 493 2362; x_wconf 83' lang='lat' dir='ltr'>et</span> <span class='ocrx_word' id='word_1_226' title='bbox 507 2335 649 2362; x_wconf 81' lang='lat' dir='ltr'>castitatis</span> <span class='ocrx_word' id='word_1_227' title='bbox 664 2335 803 2362; x_wconf 77' lang='lat' dir='ltr'>duntaxat</span> <span class='ocrx_word' id='word_1_228' title='bbox 819 2337 945 2369; x_wconf 83' lang='lat' dir='ltr'>excepto,</span> <span class='ocrx_word' id='word_1_229' title='bbox 959 2335 986 2361; x_wconf 94' lang='lat' dir='ltr'>in</span> <span class='ocrx_word' id='word_1_230' title='bbox 999 2334 1163 2369; x_wconf 87' lang='lat' dir='ltr'>hujusmodi</span> <span class='ocrx_word' id='word_1_231' title='bbox 1182 2343 1232 2361; x_wconf 77' lang='lat' dir='ltr'>vo-</span> 
     </span>
     <span class='ocr_line' id='line_1_33' title="bbox 222 2384 858 2420; baseline 0 -10"><span class='ocrx_word' id='word_1_232' title='bbox 222 2386 285 2410; x_wconf 90' lang='lat' dir='ltr'>tum</span> <span class='ocrx_word' id='word_1_233' title='bbox 304 2384 412 2411; x_wconf 81' lang='lat' dir='ltr'>Crucis,</span> <span class='ocrx_word' id='word_1_234' title='bbox 430 2384 528 2420; x_wconf 70' lang='lat' dir='ltr'>(Aaou.</span> <span class='ocrx_word' id='word_1_235' title='bbox 546 2384 619 2411; x_wconf 71' lang='lat' dir='ltr'>NAT.</span> <span class='ocrx_word' id='word_1_236' title='bbox 639 2392 654 2410; x_wconf 83' lang='lat' dir='ltr'>L</span> <span class='ocrx_word' id='word_1_237' title='bbox 670 2384 732 2415; x_wconf 74' lang='lat'><strong>254,</strong></span> <span class='ocrx_word' id='word_1_238' title='bbox 753 2388 783 2410; x_wconf 89' lang='lat' dir='ltr'>n⁰</span> <span class='ocrx_word' id='word_1_239' title='bbox 799 2384 858 2417; x_wconf 86' lang='lat'>41.)</span> 
     </span>
    </p>
   </div>
   <div class='ocr_carea' id='block_1_13' title="bbox 220 2485 1231 2737">
    <p class='ocr_par' dir='ltr' id='par_1_13' title="bbox 220 2485 1231 2737">
     <span class='ocr_line' id='line_1_34' title="bbox 263 2485 1230 2525; baseline -0.001 -10"><span class='ocrx_word' id='word_1_240' title='bbox 263 2495 277 2515; x_wconf 78' lang='grc' dir='ltr'>(ι</span> <span class='ocrx_word' id='word_1_241' title='bbox 298 2485 437 2515; x_wconf 77' lang='lat' dir='ltr'>Urbanus</span> <span class='ocrx_word' id='word_1_242' title='bbox 454 2486 624 2525; x_wconf 81' lang='lat' dir='ltr'>episcopus,</span> <span class='ocrx_word' id='word_1_243' title='bbox 641 2495 742 2515; x_wconf 82' lang='lat' dir='ltr'>servus</span> <span class='ocrx_word' id='word_1_244' title='bbox 755 2495 908 2515; x_wconf 75' lang='lat' dir='ltr'>xernornm</span> <span class='ocrx_word' id='word_1_245' title='bbox 924 2485 989 2522; x_wconf 78' lang='lat' dir='ltr'>Dei,</span> <span class='ocrx_word' id='word_1_246' title='bbox 1009 2485 1116 2515; x_wconf 80' lang='lat' dir='ltr'>dilecto</span> <span class='ocrx_word' id='word_1_247' title='bbox 1127 2485 1230 2524; x_wconf 82' lang='lat' dir='ltr'>filio..</span> 
     </span>
     <span class='ocr_line' id='line_1_35' title="bbox 221 2538 1231 2579; baseline 0 -11"><span class='ocrx_word' id='word_1_248' title='bbox 221 2539 366 2578; x_wconf 62' lang='lat' dir='ltr'>magistro</span> <span class='ocrx_word' id='word_1_249' title='bbox 385 2538 501 2568; x_wconf 74' lang='lat' dir='ltr'>ordinis</span> <span class='ocrx_word' id='word_1_250' title='bbox 517 2539 652 2577; x_wconf 80' lang='lat' dir='ltr'>fratrum</span> <span class='ocrx_word' id='word_1_251' title='bbox 668 2538 912 2575; x_wconf 79' lang='lat' dir='ltr'>Predicatorum,</span> <span class='ocrx_word' id='word_1_252' title='bbox 930 2538 1056 2568; x_wconf 77' lang='lat' dir='ltr'>salutem</span> <span class='ocrx_word' id='word_1_253' title='bbox 1070 2543 1097 2568; x_wconf 84' lang='lat' dir='ltr'>et</span> <span class='ocrx_word' id='word_1_254' title='bbox 1114 2544 1231 2579; x_wconf 80' lang='lat' dir='ltr'>aposto·</span> 
     </span>
     <span class='ocr_line' id='line_1_36' title="bbox 222 2591 1231 2630; baseline 0.001 -9"><span class='ocrx_word' id='word_1_255' title='bbox 222 2592 309 2622; x_wconf 80' lang='lat' dir='ltr'>licam</span> <span class='ocrx_word' id='word_1_256' title='bbox 327 2591 570 2622; x_wconf 75' lang='lat' dir='ltr'>benedictionem.</span> <span class='ocrx_word' id='word_1_257' title='bbox 584 2592 667 2622; x_wconf 90' lang='lat' dir='ltr'>Cum</span> <span class='ocrx_word' id='word_1_258' title='bbox 683 2592 945 2630; x_wconf 82' lang='lat' dir='ltr'>predicationem</span> <span class='ocrx_word' id='word_1_259' title='bbox 965 2592 1082 2622; x_wconf 84' lang='lat' dir='ltr'>Crucis</span> <span class='ocrx_word' id='word_1_260' title='bbox 1101 2610 1148 2621; x_wconf 89' lang='lat'>—.</span> <span class='ocrx_word' id='word_1_261' title='bbox 1167 2593 1231 2623; x_wconf 88' lang='lat' dir='ltr'>Da-</span> 
     </span>
     <span class='ocr_line' id='line_1_37' title="bbox 220 2644 1231 2684; baseline -0.002 -8"><span class='ocrx_word' id='word_1_262' title='bbox 220 2647 293 2676; x_wconf 86' lang='lat' dir='ltr'>tum</span> <span class='ocrx_word' id='word_1_263' title='bbox 317 2644 476 2681; x_wconf 87' lang='lat' dir='ltr'>Viterbii,</span> <span class='ocrx_word' id='word_1_264' title='bbox 503 2653 547 2675; x_wconf 85' lang='lat' dir='ltr'>xv</span> <span class='ocrx_word' id='word_1_265' title='bbox 573 2645 734 2675; x_wconf 85' lang='lat' dir='ltr'>kalendas</span> <span class='ocrx_word' id='word_1_266' title='bbox 760 2645 849 2683; x_wconf 86' lang='lat' dir='ltr'>julii,</span> <span class='ocrx_word' id='word_1_267' title='bbox 877 2645 1093 2684; x_wconf 86' lang='lat' dir='ltr'>pontificatus</span> <span class='ocrx_word' id='word_1_268' title='bbox 1123 2645 1231 2676; x_wconf 86' lang='lat' dir='ltr'>nostri</span> 
     </span>
     <span class='ocr_line' id='line_1_38' title="bbox 222 2698 485 2737; baseline -0.011 -8"><span class='ocrx_word' id='word_1_269' title='bbox 222 2707 308 2729; x_wconf 88' lang='lat' dir='ltr'>anno</span> <span class='ocrx_word' id='word_1_270' title='bbox 326 2698 447 2737; x_wconf 88' lang='lat' dir='ltr'>primo.</span> <span class='ocrx_word' id='word_1_271' title='bbox 471 2708 485 2727; x_wconf 88' lang='lat'>»</span> 
     </span>
    </p>
   </div>
   <div class='ocr_carea' id='block_1_14' title="bbox 814 2860 1159 2896">
    <p class='ocr_par' dir='ltr' id='par_1_14' title="bbox 814 2860 1159 2896">
     <span class='ocr_line' id='line_1_39' title="bbox 814 2860 1159 2896; baseline 0.006 -10"><span class='ocrx_word' id='word_1_272' title='bbox 814 2860 941 2893; x_wconf 83' lang='lat' dir='ltr'>Viterbc,</span> <span class='ocrx_word' id='word_1_273' title='bbox 956 2861 990 2887; x_wconf 86' lang='grc'>22</span> <span class='ocrx_word' id='word_1_274' title='bbox 1001 2860 1063 2896; x_wconf 91' lang='lat' dir='ltr'>juin</span> <span class='ocrx_word' id='word_1_275' title='bbox 1081 2861 1159 2888; x_wconf 78' lang='grc'>1262.</span> 
     </span>
    </p>
   </div>
   <div class='ocr_carea' id='block_1_15' title="bbox 311 2862 410 2894">
    <p class='ocr_par' dir='ltr' id='par_1_15' title="bbox 311 2862 410 2894">
     <span class='ocr_line' id='line_1_40' title="bbox 311 2862 410 2894; baseline 0 -1"><span class='ocrx_word' id='word_1_276' title='bbox 311 2862 410 2894; x_wconf 79' lang='lat'><strong>2915</strong></span> 
     </span>
    </p>
   </div>
   <div class='ocr_carea' id='block_1_16' title="bbox 257 2945 1229 2981">
    <p class='ocr_par' dir='ltr' id='par_1_16' title="bbox 257 2945 1229 2981">
     <span class='ocr_line' id='line_1_41' title="bbox 257 2945 1229 2981; baseline 0 -9"><span class='ocrx_word' id='word_1_277' title='bbox 257 2945 393 2981; x_wconf 82' lang='lat' dir='ltr'>Magistro</span> <span class='ocrx_word' id='word_1_278' title='bbox 418 2945 526 2972; x_wconf 88' lang='lat' dir='ltr'>ordinis</span> <span class='ocrx_word' id='word_1_279' title='bbox 555 2945 677 2972; x_wconf 81' lang='lat' dir='ltr'>fratrum</span> <span class='ocrx_word' id='word_1_280' title='bbox 705 2945 939 2972; x_wconf 83' lang='lat' dir='ltr'>Praedicatorum</span> <span class='ocrx_word' id='word_1_281' title='bbox 962 2946 1080 2972; x_wconf 83' lang='lat' dir='ltr'>mandat</span> <span class='ocrx_word' id='word_1_282' title='bbox 1105 2946 1229 2980; x_wconf 82' lang='lat' dir='ltr'>deporat</span> 
     </span>
    </p>
   </div>
   <div class='ocr_carea' id='block_1_17' title="bbox 1263 713 1272 1598">
    <p class='ocr_par' dir='ltr' id='par_1_17' title="bbox 1263 713 1272 1598">
     <span class='ocr_line' id='line_1_42' title="bbox 1263 713 1272 1598; baseline 0 0"><span class='ocrx_word' id='word_1_283' title='bbox 1263 713 1272 1598; x_wconf 95' lang='lat' dir='ltr'> </span> 
     </span>
    </p>
   </div>
   <div class='ocr_carea' id='block_1_18' title="bbox 1259 713 1271 2326">
    <p class='ocr_par' dir='ltr' id='par_1_18' title="bbox 1259 713 1271 2326">
     <span class='ocr_line' id='line_1_43' title="bbox 1259 713 1271 2326; baseline 0 0"><span class='ocrx_word' id='word_1_284' title='bbox 1259 713 1271 2326; x_wconf 95' lang='lat' dir='ltr'> </span> 
     </span>
    </p>
   </div>
   <div class='ocr_carea' id='block_1_19' title="bbox 1301 339 2303 422">
    <p class='ocr_par' dir='ltr' id='par_1_19' title="bbox 1301 339 2303 422">
     <span class='ocr_line' id='line_1_44' title="bbox 1301 339 2303 376; baseline 0.003 -10"><span class='ocrx_word' id='word_1_285' title='bbox 1301 340 1330 366; x_wconf 90' lang='lat' dir='ltr'>in</span> <span class='ocrx_word' id='word_1_286' title='bbox 1354 342 1414 366; x_wconf 87' lang='lat' dir='ltr'>tuto</span> <span class='ocrx_word' id='word_1_287' title='bbox 1442 339 1503 366; x_wconf 87' lang='lat' dir='ltr'>loco</span> <span class='ocrx_word' id='word_1_288' title='bbox 1521 340 1732 373; x_wconf 70' lang='lat' dir='ltr'>redemptiones</span> <span class='ocrx_word' id='word_1_289' title='bbox 1757 343 1886 367; x_wconf 75' lang='lat' dir='ltr'>votorum</span> <span class='ocrx_word' id='word_1_290' title='bbox 1911 341 2188 375; x_wconf 72' lang='lat' dir='ltr'>crucesignatorum.</span> <span class='ocrx_word' id='word_1_291' title='bbox 2207 344 2303 376; x_wconf 60' lang='lat' dir='ltr'>(Minu.</span> 
     </span>
     <span class='ocr_line' id='line_1_45' title="bbox 1301 388 1605 422; baseline -0.003 -8"><span class='ocrx_word' id='word_1_292' title='bbox 1301 389 1370 415; x_wconf 65' lang='lat' dir='ltr'>NAT.</span> <span class='ocrx_word' id='word_1_293' title='bbox 1388 397 1401 414; x_wconf 82' lang='lat' dir='ltr'>L</span> <span class='ocrx_word' id='word_1_294' title='bbox 1418 388 1481 419; x_wconf 71' lang='lat'>254,</span> <span class='ocrx_word' id='word_1_295' title='bbox 1501 392 1533 414; x_wconf 76' lang='grc' dir='ltr'>ῐιο</span> <span class='ocrx_word' id='word_1_296' title='bbox 1548 388 1605 422; x_wconf 65' lang='lat'>42.)</span> 
     </span>
    </p>
   </div>
   <div class='ocr_carea' id='block_1_20' title="bbox 1299 477 2304 730">
    <p class='ocr_par' dir='ltr' id='par_1_20' title="bbox 1299 477 2304 730">
     <span class='ocr_line' id='line_1_46' title="bbox 1340 477 2301 520; baseline 0.005 -13"><span class='ocrx_word' id='word_1_297' title='bbox 1340 489 1354 507; x_wconf 88' lang='lat'>«</span> <span class='ocrx_word' id='word_1_298' title='bbox 1376 477 1515 508; x_wconf 80' lang='lat' dir='ltr'>Crbanns</span> <span class='ocrx_word' id='word_1_299' title='bbox 1531 479 1703 518; x_wconf 69' lang='lat' dir='ltr'>episcopus,</span> <span class='ocrx_word' id='word_1_300' title='bbox 1720 489 1981 509; x_wconf 75' lang='lat' dir='ltr'>scrousscruoruzn</span> <span class='ocrx_word' id='word_1_301' title='bbox 1999 480 2064 516; x_wconf 78' lang='lat' dir='ltr'>Dei,</span> <span class='ocrx_word' id='word_1_302' title='bbox 2078 481 2186 510; x_wconf 77' lang='lat' dir='ltr'>dilecto</span> <span class='ocrx_word' id='word_1_303' title='bbox 2200 482 2266 520; x_wconf 79' lang='lat' dir='ltr'>filio</span> <span class='ocrx_word' id='word_1_304' title='bbox 2278 508 2281 511; x_wconf 96' lang='lat'>.</span> <span class='ocrx_word' id='word_1_305' title='bbox 2295 507 2301 512; x_wconf 87' lang='lat'>.</span> 
     </span>
     <span class='ocr_line' id='line_1_47' title="bbox 1299 530 2302 574; baseline 0.003 -14"><span class='ocrx_word' id='word_1_306' title='bbox 1299 532 1444 570; x_wconf 63' lang='lat' dir='ltr'>magistro</span> <span class='ocrx_word' id='word_1_307' title='bbox 1462 530 1579 560; x_wconf 77' lang='lat' dir='ltr'>ordinis</span> <span class='ocrx_word' id='word_1_308' title='bbox 1593 532 1724 569; x_wconf 77' lang='lat' dir='ltr'>fratrum</span> <span class='ocrx_word' id='word_1_309' title='bbox 1746 531 1985 569; x_wconf 71' lang='lat' dir='ltr'>Preaelicntorwn,</span> <span class='ocrx_word' id='word_1_310' title='bbox 2003 533 2128 563; x_wconf 74' lang='lat' dir='ltr'>salntem</span> <span class='ocrx_word' id='word_1_311' title='bbox 2143 540 2169 564; x_wconf 79' lang='lat' dir='ltr'>el</span> <span class='ocrx_word' id='word_1_312' title='bbox 2186 540 2302 574; x_wconf 75' lang='lat' dir='ltr'>aposto-</span> 
     </span>
     <span class='ocr_line' id='line_1_48' title="bbox 1300 584 2304 625; baseline 0.005 -12"><span class='ocrx_word' id='word_1_313' title='bbox 1300 584 1388 613; x_wconf 76' lang='lat' dir='ltr'>licam</span> <span class='ocrx_word' id='word_1_314' title='bbox 1403 584 1650 614; x_wconf 66' lang='lat' dir='ltr'>benedictionem.</span> <span class='ocrx_word' id='word_1_315' title='bbox 1667 585 1834 615; x_wconf 66' lang='lat' dir='ltr'>Volumus</span> <span class='ocrx_word' id='word_1_316' title='bbox 1848 588 1879 615; x_wconf 88' lang='lat' dir='ltr'>et</span> <span class='ocrx_word' id='word_1_317' title='bbox 1897 587 2101 625; x_wconf 81' lang='lat' dir='ltr'>precipimus</span> <span class='ocrx_word' id='word_1_318' title='bbox 2115 604 2164 616; x_wconf 83' lang='lat'>——.</span> <span class='ocrx_word' id='word_1_319' title='bbox 2181 588 2304 618; x_wconf 81' lang='lat' dir='ltr'>Datum</span> 
     </span>
     <span class='ocr_line' id='line_1_49' title="bbox 1300 637 2303 677; baseline 0.003 -9"><span class='ocrx_word' id='word_1_320' title='bbox 1300 637 1456 672; x_wconf 86' lang='lat' dir='ltr'>Viterbii,</span> <span class='ocrx_word' id='word_1_321' title='bbox 1491 646 1513 667; x_wconf 85' lang='lat' dir='ltr'>x</span> <span class='ocrx_word' id='word_1_322' title='bbox 1540 637 1703 667; x_wconf 82' lang='lat' dir='ltr'>kalendas</span> <span class='ocrx_word' id='word_1_323' title='bbox 1729 638 1817 676; x_wconf 83' lang='lat' dir='ltr'>julii,</span> <span class='ocrx_word' id='word_1_324' title='bbox 1841 639 2054 677; x_wconf 69' lang='lat' dir='ltr'>pontificatus</span> <span class='ocrx_word' id='word_1_325' title='bbox 2081 641 2185 670; x_wconf 82' lang='lat' dir='ltr'>nostri</span> <span class='ocrx_word' id='word_1_326' title='bbox 2218 650 2303 671; x_wconf 86' lang='lat' dir='ltr'>anno</span> 
     </span>
     <span class='ocr_line' id='line_1_50' title="bbox 1300 699 1455 730; baseline -0.013 -9"><span class='ocrx_word' id='word_1_327' title='bbox 1300 699 1420 730; x_wconf 76' lang='lat' dir='ltr'>punio.</span> <span class='ocrx_word' id='word_1_328' title='bbox 1440 700 1455 719; x_wconf 90' lang='grc'>))</span> 
     </span>
    </p>
   </div>
   <div class='ocr_carea' id='block_1_21' title="bbox 1389 850 1486 880">
    <p class='ocr_par' dir='ltr' id='par_1_21' title="bbox 1389 850 1486 880">
     <span class='ocr_line' id='line_1_51' title="bbox 1389 850 1486 880; baseline -0.01 0"><span class='ocrx_word' id='word_1_329' title='bbox 1389 850 1486 880; x_wconf 76' lang='grc'>2916</span> 
     </span>
    </p>
   </div>
   <div class='ocr_carea' id='block_1_22' title="bbox 1887 849 2232 885">
    <p class='ocr_par' dir='ltr' id='par_1_22' title="bbox 1887 849 2232 885">
     <span class='ocr_line' id='line_1_52' title="bbox 1887 849 2232 885; baseline 0.009 -11"><span class='ocrx_word' id='word_1_330' title='bbox 1887 849 2010 878; x_wconf 73' lang='lat' dir='ltr'>Viterbe,</span> <span class='ocrx_word' id='word_1_331' title='bbox 2025 850 2058 876; x_wconf 70' lang='lat'>20</span> <span class='ocrx_word' id='word_1_332' title='bbox 2073 850 2134 885; x_wconf 88' lang='lat' dir='ltr'>juin</span> <span class='ocrx_word' id='word_1_333' title='bbox 2156 851 2232 877; x_wconf 78' lang='grc'>1262.</span> 
     </span>
    </p>
   </div>
   <div class='ocr_carea' id='block_1_23' title="bbox 1298 931 2307 1060">
    <p class='ocr_par' dir='ltr' id='par_1_23' title="bbox 1298 931 2307 1060">
     <span class='ocr_line' id='line_1_53' title="bbox 1334 931 2305 968; baseline 0.005 -11"><span class='ocrx_word' id='word_1_334' title='bbox 1334 931 1512 966; x_wconf 87' lang='lat' dir='ltr'>Praeceptori</span> <span class='ocrx_word' id='word_1_335' title='bbox 1533 934 1560 959; x_wconf 89' lang='lat' dir='ltr'>et</span> <span class='ocrx_word' id='word_1_336' title='bbox 1579 932 1713 959; x_wconf 85' lang='lat' dir='ltr'>fratribus</span> <span class='ocrx_word' id='word_1_337' title='bbox 1729 934 1830 959; x_wconf 89' lang='lat' dir='ltr'>domus</span> <span class='ocrx_word' id='word_1_338' title='bbox 1846 933 1963 960; x_wconf 76' lang='lat' dir='ltr'>Militiae</span> <span class='ocrx_word' id='word_1_339' title='bbox 1980 934 2089 968; x_wconf 83' lang='lat' dir='ltr'>Templi</span> <span class='ocrx_word' id='word_1_340' title='bbox 2109 935 2136 961; x_wconf 90' lang='lat' dir='ltr'>in</span> <span class='ocrx_word' id='word_1_341' title='bbox 2158 935 2305 962; x_wconf 77' lang='lat' dir='ltr'>Provincia</span> 
     </span>
     <span class='ocr_line' id='line_1_54' title="bbox 1298 979 2307 1016; baseline 0.005 -10"><span class='ocrx_word' id='word_1_342' title='bbox 1298 979 1445 1007; x_wconf 86' lang='lat' dir='ltr'>libertates</span> <span class='ocrx_word' id='word_1_343' title='bbox 1471 982 1498 1007; x_wconf 86' lang='lat' dir='ltr'>et</span> <span class='ocrx_word' id='word_1_344' title='bbox 1521 980 1720 1007; x_wconf 83' lang='lat' dir='ltr'>immunitates</span> <span class='ocrx_word' id='word_1_345' title='bbox 1740 981 1901 1008; x_wconf 85' lang='lat' dir='ltr'>confirmat.</span> <span class='ocrx_word' id='word_1_346' title='bbox 1922 983 2019 1016; x_wconf 65' lang='lat' dir='ltr'>(Auen.</span> <span class='ocrx_word' id='word_1_347' title='bbox 2046 991 2095 1009; x_wconf 75' lang='lat' dir='ltr'>ons</span> <span class='ocrx_word' id='word_1_348' title='bbox 2116 983 2307 1011; x_wconf 64' lang='lat' dir='ltr'>novenas-nc-</span> 
     </span>
     <span class='ocr_line' id='line_1_55' title="bbox 1298 1029 1718 1060; baseline 0.005 -5"><span class='ocrx_word' id='word_1_349' title='bbox 1298 1030 1407 1060; x_wconf 71' lang='lat' dir='ltr'>lluoxE‚</span> <span class='ocrx_word' id='word_1_350' title='bbox 1426 1029 1507 1056; x_wconf 89' lang='lat' dir='ltr'>fonds</span> <span class='ocrx_word' id='word_1_351' title='bbox 1525 1030 1558 1056; x_wconf 89' lang='lat' dir='ltr'>de</span> <span class='ocrx_word' id='word_1_352' title='bbox 1575 1029 1660 1056; x_wconf 84' lang='lat' dir='ltr'>Malte</span> <span class='ocrx_word' id='word_1_353' title='bbox 1675 1031 1718 1057; x_wconf 78' lang='grc'>22.</span> 
     </span>
    </p>
   </div>
   <div class='ocr_carea' id='block_1_24' title="bbox 1291 1121 2305 1910">
    <p class='ocr_par' dir='ltr' id='par_1_24' title="bbox 1291 1121 2305 1910">
     <span class='ocr_line' id='line_1_56' title="bbox 1338 1121 2302 1166; baseline 0.005 -15"><span class='ocrx_word' id='word_1_354' title='bbox 1338 1132 1352 1151; x_wconf 83' lang='lat'>(‹</span> <span class='ocrx_word' id='word_1_355' title='bbox 1373 1121 1512 1152; x_wconf 74' lang='lat' dir='ltr'>Urbanus</span> <span class='ocrx_word' id='word_1_356' title='bbox 1523 1122 1690 1162; x_wconf 70' lang='lat' dir='ltr'>episcopus,</span> <span class='ocrx_word' id='word_1_357' title='bbox 1703 1133 1803 1152; x_wconf 74' lang='lat' dir='ltr'>sert-us</span> <span class='ocrx_word' id='word_1_358' title='bbox 1818 1133 1970 1153; x_wconf 68' lang='lat' dir='ltr'>servornm</span> <span class='ocrx_word' id='word_1_359' title='bbox 1984 1124 2046 1161; x_wconf 72' lang='lat' dir='ltr'>eei,</span> <span class='ocrx_word' id='word_1_360' title='bbox 2061 1125 2177 1155; x_wconf 77' lang='lat' dir='ltr'>dilectis</span> <span class='ocrx_word' id='word_1_361' title='bbox 2188 1127 2262 1166; x_wconf 73' lang='lat' dir='ltr'>filiis</span> <span class='ocrx_word' id='word_1_362' title='bbox 2277 1153 2282 1158; x_wconf 85' lang='lat'>.</span> <span class='ocrx_word' id='word_1_363' title='bbox 2297 1152 2302 1157; x_wconf 93' lang='lat'>.</span> 
     </span>
     <span class='ocr_line' id='line_1_57' title="bbox 1294 1175 2303 1218; baseline 0.006 -14"><span class='ocrx_word' id='word_1_364' title='bbox 1294 1176 1471 1215; x_wconf 76' lang='lat' dir='ltr'>preceptori</span> <span class='ocrx_word' id='word_1_365' title='bbox 1486 1180 1512 1205; x_wconf 87' lang='lat' dir='ltr'>et</span> <span class='ocrx_word' id='word_1_366' title='bbox 1529 1175 1681 1214; x_wconf 77' lang='lat' dir='ltr'>fratribus</span> <span class='ocrx_word' id='word_1_367' title='bbox 1699 1176 1803 1205; x_wconf 79' lang='lat' dir='ltr'>domus</span> <span class='ocrx_word' id='word_1_368' title='bbox 1817 1177 1927 1207; x_wconf 80' lang='lat' dir='ltr'>Militie</span> <span class='ocrx_word' id='word_1_369' title='bbox 1948 1178 2065 1218; x_wconf 84' lang='lat' dir='ltr'>Templi</span> <span class='ocrx_word' id='word_1_370' title='bbox 2080 1179 2109 1208; x_wconf 76' lang='lat' dir='ltr'>in</span> <span class='ocrx_word' id='word_1_371' title='bbox 2125 1179 2303 1217; x_wconf 77' lang='lat' dir='ltr'>Provincia,</span> 
     </span>
     <span class='ocr_line' id='line_1_58' title="bbox 1295 1228 2305 1269; baseline 0.008 -12"><span class='ocrx_word' id='word_1_372' title='bbox 1295 1228 1420 1258; x_wconf 75' lang='lat' dir='ltr'>salutem</span> <span class='ocrx_word' id='word_1_373' title='bbox 1443 1234 1470 1258; x_wconf 83' lang='lat' dir='ltr'>et</span> <span class='ocrx_word' id='word_1_374' title='bbox 1487 1229 1687 1269; x_wconf 80' lang='lat' dir='ltr'>apostolicam</span> <span class='ocrx_word' id='word_1_375' title='bbox 1712 1229 1958 1260; x_wconf 75' lang='lat' dir='ltr'>benedictionem.</span> <span class='ocrx_word' id='word_1_376' title='bbox 1980 1232 2072 1263; x_wconf 79' lang='lat' dir='ltr'>Solet</span> <span class='ocrx_word' id='word_1_377' title='bbox 2093 1241 2240 1264; x_wconf 81' lang='lat' dir='ltr'>annuere</span> <span class='ocrx_word' id='word_1_378' title='bbox 2257 1242 2305 1264; x_wconf 87' lang='lat' dir='ltr'>se-</span> 
     </span>
     <span class='ocr_line' id='line_1_59' title="bbox 1295 1282 2304 1323; baseline 0.006 -12"><span class='ocrx_word' id='word_1_379' title='bbox 1295 1282 1354 1312; x_wconf 90' lang='lat' dir='ltr'>des</span> <span class='ocrx_word' id='word_1_380' title='bbox 1380 1299 1427 1312; x_wconf 91' lang='lat'>—.</span> <span class='ocrx_word' id='word_1_381' title='bbox 1462 1283 1660 1321; x_wconf 83' lang='lat' dir='ltr'>Eapropter,</span> <span class='ocrx_word' id='word_1_382' title='bbox 1688 1283 1803 1314; x_wconf 86' lang='lat' dir='ltr'>dilecti</span> <span class='ocrx_word' id='word_1_383' title='bbox 1833 1284 1865 1314; x_wconf 92' lang='lat' dir='ltr'>in</span> <span class='ocrx_word' id='word_1_384' title='bbox 1896 1284 2041 1316; x_wconf 89' lang='lat' dir='ltr'>Domino</span> <span class='ocrx_word' id='word_1_385' title='bbox 2074 1286 2147 1323; x_wconf 86' lang='lat' dir='ltr'>filii,</span> <span class='ocrx_word' id='word_1_386' title='bbox 2180 1288 2304 1318; x_wconf 87' lang='lat' dir='ltr'>vestris</span> 
     </span>
     <span class='ocr_line' id='line_1_60' title="bbox 1291 1335 2302 1377; baseline 0.005 -12"><span class='ocrx_word' id='word_1_387' title='bbox 1291 1335 1395 1374; x_wconf 82' lang='lat' dir='ltr'>Justis</span> <span class='ocrx_word' id='word_1_388' title='bbox 1427 1336 1715 1374; x_wconf 83' lang='lat' dir='ltr'>postulationibus</span> <span class='ocrx_word' id='word_1_389' title='bbox 1749 1338 1843 1375; x_wconf 83' lang='lat' dir='ltr'>grato</span> <span class='ocrx_word' id='word_1_390' title='bbox 1879 1340 2116 1369; x_wconf 83' lang='lat' dir='ltr'>concurrentes</span> <span class='ocrx_word' id='word_1_391' title='bbox 2148 1348 2302 1377; x_wconf 84' lang='lat' dir='ltr'>assensu,</span> 
     </span>
     <span class='ocr_line' id='line_1_61' title="bbox 1295 1388 2303 1430; baseline 0.005 -12"><span class='ocrx_word' id='word_1_392' title='bbox 1295 1397 1412 1419; x_wconf 90' lang='lat' dir='ltr'>omnes</span> <span class='ocrx_word' id='word_1_393' title='bbox 1438 1388 1613 1420; x_wconf 82' lang='lat' dir='ltr'>libertates</span> <span class='ocrx_word' id='word_1_394' title='bbox 1637 1391 1669 1420; x_wconf 88' lang='lat' dir='ltr'>et</span> <span class='ocrx_word' id='word_1_395' title='bbox 1696 1389 1929 1420; x_wconf 88' lang='lat' dir='ltr'>immunitates</span> <span class='ocrx_word' id='word_1_396' title='bbox 1960 1400 1978 1421; x_wconf 88' lang='lat' dir='ltr'>a</span> <span class='ocrx_word' id='word_1_397' title='bbox 2006 1392 2303 1430; x_wconf 82' lang='lat' dir='ltr'>predecessoribus</span> 
     </span>
     <span class='ocr_line' id='line_1_62' title="bbox 1295 1442 2303 1484; baseline 0.005 -13"><span class='ocrx_word' id='word_1_398' title='bbox 1295 1442 1421 1472; x_wconf 90' lang='lat' dir='ltr'>nostris</span> <span class='ocrx_word' id='word_1_399' title='bbox 1450 1442 1614 1473; x_wconf 87' lang='lat' dir='ltr'>Romanis</span> <span class='ocrx_word' id='word_1_400' title='bbox 1644 1443 1861 1482; x_wconf 84' lang='lat' dir='ltr'>pontificibus</span> <span class='ocrx_word' id='word_1_401' title='bbox 1890 1453 1949 1482; x_wconf 88' lang='lat' dir='ltr'>per</span> <span class='ocrx_word' id='word_1_402' title='bbox 1973 1445 2151 1484; x_wconf 85' lang='lat' dir='ltr'>privilegia</span> <span class='ocrx_word' id='word_1_403' title='bbox 2172 1454 2231 1476; x_wconf 89' lang='lat' dir='ltr'>seu</span> <span class='ocrx_word' id='word_1_404' title='bbox 2257 1447 2303 1476; x_wconf 61' lang='lat' dir='ltr'>in&lt;</span> 
     </span>
     <span class='ocr_line' id='line_1_63' title="bbox 1294 1495 2303 1536; baseline 0.006 -12"><span class='ocrx_word' id='word_1_405' title='bbox 1294 1495 1487 1534; x_wconf 85' lang='lat' dir='ltr'>dulgentias</span> <span class='ocrx_word' id='word_1_406' title='bbox 1514 1496 1629 1526; x_wconf 90' lang='lat' dir='ltr'>domui</span> <span class='ocrx_word' id='word_1_407' title='bbox 1660 1498 1771 1526; x_wconf 88' lang='lat' dir='ltr'>vestre</span> <span class='ocrx_word' id='word_1_408' title='bbox 1794 1505 1853 1527; x_wconf 91' lang='lat' dir='ltr'>seu</span> <span class='ocrx_word' id='word_1_409' title='bbox 1881 1497 1977 1527; x_wconf 89' lang='lat' dir='ltr'>vobis</span> <span class='ocrx_word' id='word_1_410' title='bbox 2008 1507 2198 1536; x_wconf 82' lang='lat' dir='ltr'>concessas,</span> <span class='ocrx_word' id='word_1_411' title='bbox 2230 1508 2303 1530; x_wconf 86' lang='lat' dir='ltr'>nec-</span> 
     </span>
     <span class='ocr_line' id='line_1_64' title="bbox 1295 1548 2302 1589; baseline 0.005 -11"><span class='ocrx_word' id='word_1_412' title='bbox 1295 1557 1359 1578; x_wconf 90' lang='lat' dir='ltr'>non</span> <span class='ocrx_word' id='word_1_413' title='bbox 1375 1548 1550 1579; x_wconf 80' lang='lat' dir='ltr'>libertates</span> <span class='ocrx_word' id='word_1_414' title='bbox 1574 1551 1605 1579; x_wconf 89' lang='lat' dir='ltr'>et</span> <span class='ocrx_word' id='word_1_415' title='bbox 1620 1550 1853 1589; x_wconf 75' lang='lat' dir='ltr'>exemptiones</span> <span class='ocrx_word' id='word_1_416' title='bbox 1870 1551 2073 1581; x_wconf 81' lang='lat' dir='ltr'>secularium</span> <span class='ocrx_word' id='word_1_417' title='bbox 2088 1553 2302 1583; x_wconf 80' lang='lat' dir='ltr'>exactionum</span> 
     </span>
     <span class='ocr_line' id='line_1_65' title="bbox 1294 1601 2301 1641; baseline 0.005 -10"><span class='ocrx_word' id='word_1_418' title='bbox 1294 1610 1312 1631; x_wconf 87' lang='lat' dir='ltr'>a</span> <span class='ocrx_word' id='word_1_419' title='bbox 1328 1601 1464 1640; x_wconf 82' lang='lat' dir='ltr'>regibus</span> <span class='ocrx_word' id='word_1_420' title='bbox 1482 1604 1514 1632; x_wconf 86' lang='lat' dir='ltr'>et</span> <span class='ocrx_word' id='word_1_421' title='bbox 1530 1602 1740 1641; x_wconf 84' lang='lat' dir='ltr'>principibus</span> <span class='ocrx_word' id='word_1_422' title='bbox 1758 1612 1794 1633; x_wconf 80' lang='lat' dir='ltr'>ac</span> <span class='ocrx_word' id='word_1_423' title='bbox 1817 1603 1895 1634; x_wconf 84' lang='lat' dir='ltr'>aliis</span> <span class='ocrx_word' id='word_1_424' title='bbox 1921 1603 2047 1634; x_wconf 86' lang='lat' dir='ltr'>Christi</span> <span class='ocrx_word' id='word_1_425' title='bbox 2073 1605 2230 1636; x_wconf 86' lang='lat' dir='ltr'>fidelibus</span> <span class='ocrx_word' id='word_1_426' title='bbox 2251 1615 2301 1636; x_wconf 82' lang='lat' dir='ltr'>ra-</span> 
     </span>
     <span class='ocr_line' id='line_1_66' title="bbox 1294 1654 2300 1697; baseline 0.005 -13"><span class='ocrx_word' id='word_1_427' title='bbox 1294 1654 1503 1685; x_wconf 87' lang='lat' dir='ltr'>tionabiliter</span> <span class='ocrx_word' id='word_1_428' title='bbox 1519 1654 1616 1685; x_wconf 81' lang='lat' dir='ltr'>vobis</span> <span class='ocrx_word' id='word_1_429' title='bbox 1634 1655 1796 1692; x_wconf 86' lang='lat' dir='ltr'>indultas,</span> <span class='ocrx_word' id='word_1_430' title='bbox 1818 1657 1904 1686; x_wconf 87' lang='lat' dir='ltr'>sicut</span> <span class='ocrx_word' id='word_1_431' title='bbox 1921 1666 1978 1687; x_wconf 83' lang='lat' dir='ltr'>eas</span> <span class='ocrx_word' id='word_1_432' title='bbox 2003 1657 2093 1696; x_wconf 88' lang='lat' dir='ltr'>juste</span> <span class='ocrx_word' id='word_1_433' title='bbox 2110 1667 2146 1688; x_wconf 86' lang='lat' dir='ltr'>ac</span> <span class='ocrx_word' id='word_1_434' title='bbox 2164 1659 2300 1697; x_wconf 82' lang='lat' dir='ltr'>pacifice</span> 
     </span>
     <span class='ocr_line' id='line_1_67' title="bbox 1294 1707 2300 1747; baseline 0.006 -10"><span class='ocrx_word' id='word_1_435' title='bbox 1294 1707 1463 1744; x_wconf 76' lang='lat' dir='ltr'>obtinetis,</span> <span class='ocrx_word' id='word_1_436' title='bbox 1492 1708 1587 1739; x_wconf 88' lang='lat' dir='ltr'>vobis</span> <span class='ocrx_word' id='word_1_437' title='bbox 1614 1711 1645 1739; x_wconf 92' lang='lat' dir='ltr'>et</span> <span class='ocrx_word' id='word_1_438' title='bbox 1669 1717 1729 1747; x_wconf 89' lang='lat' dir='ltr'>per</span> <span class='ocrx_word' id='word_1_439' title='bbox 1751 1718 1810 1739; x_wconf 85' lang='lat' dir='ltr'>vos</span> <span class='ocrx_word' id='word_1_440' title='bbox 1833 1710 1941 1740; x_wconf 89' lang='lat' dir='ltr'>eidem</span> <span class='ocrx_word' id='word_1_441' title='bbox 1964 1710 2077 1740; x_wconf 88' lang='lat' dir='ltr'>domui</span> <span class='ocrx_word' id='word_1_442' title='bbox 2102 1712 2300 1743; x_wconf 84' lang='lat' dir='ltr'>auctoritate</span> 
     </span>
     <span class='ocr_line' id='line_1_68' title="bbox 1293 1761 2299 1803; baseline 0.005 -12"><span class='ocrx_word' id='word_1_443' title='bbox 1293 1761 1478 1800; x_wconf 81' lang='lat' dir='ltr'>apostolica</span> <span class='ocrx_word' id='word_1_444' title='bbox 1496 1762 1736 1792; x_wconf 81' lang='lat' dir='ltr'>confirmamus</span> <span class='ocrx_word' id='word_1_445' title='bbox 1750 1764 1782 1793; x_wconf 86' lang='lat' dir='ltr'>et</span> <span class='ocrx_word' id='word_1_446' title='bbox 1798 1763 1965 1802; x_wconf 88' lang='lat' dir='ltr'>presentis</span> <span class='ocrx_word' id='word_1_447' title='bbox 1984 1764 2101 1802; x_wconf 87' lang='lat' dir='ltr'>scripti</span> <span class='ocrx_word' id='word_1_448' title='bbox 2114 1765 2299 1803; x_wconf 84' lang='lat' dir='ltr'>patrocinio</span> 
     </span>
     <span class='ocr_line' id='line_1_69' title="bbox 1293 1815 2300 1856; baseline 0.005 -12"><span class='ocrx_word' id='word_1_449' title='bbox 1293 1815 1553 1845; x_wconf 74' lang='lat' dir='ltr'>communimus</span> <span class='ocrx_word' id='word_1_450' title='bbox 1570 1816 1665 1846; x_wconf 93' lang='lat' dir='ltr'>Nulli</span> <span class='ocrx_word' id='word_1_451' title='bbox 1682 1824 1760 1854; x_wconf 84' lang='lat' dir='ltr'>ergo</span> <span class='ocrx_word' id='word_1_452' title='bbox 1776 1835 1824 1844; x_wconf 94' lang='lat'>—.</span> <span class='ocrx_word' id='word_1_453' title='bbox 1840 1817 1875 1848; x_wconf 85' lang='lat' dir='ltr'>Si</span> <span class='ocrx_word' id='word_1_454' title='bbox 1892 1816 1968 1856; x_wconf 89' lang='lat' dir='ltr'>quis</span> <span class='ocrx_word' id='word_1_455' title='bbox 1984 1836 2033 1847; x_wconf 88' lang='lat'>—.</span> <span class='ocrx_word' id='word_1_456' title='bbox 2051 1817 2175 1848; x_wconf 83' lang='lat' dir='ltr'>Datum</span> <span class='ocrx_word' id='word_1_457' title='bbox 2192 1818 2300 1849; x_wconf 80' lang='lat' dir='ltr'>Viter-</span> 
     </span>
     <span class='ocr_line' id='line_1_70' title="bbox 1293 1867 2298 1910; baseline 0.002 -13"><span class='ocrx_word' id='word_1_458' title='bbox 1293 1867 1351 1904; x_wconf 89' lang='lat' dir='ltr'>bii,</span> <span class='ocrx_word' id='word_1_459' title='bbox 1370 1877 1401 1897; x_wconf 77' lang='lat' dir='ltr'>vi</span> <span class='ocrx_word' id='word_1_460' title='bbox 1416 1868 1578 1898; x_wconf 77' lang='lat' dir='ltr'>kalendas</span> <span class='ocrx_word' id='word_1_461' title='bbox 1592 1868 1683 1908; x_wconf 88' lang='lat' dir='ltr'>julii,</span> <span class='ocrx_word' id='word_1_462' title='bbox 1701 1869 1916 1908; x_wconf 84' lang='lat' dir='ltr'>pontificatus</span> <span class='ocrx_word' id='word_1_463' title='bbox 1931 1870 2037 1900; x_wconf 88' lang='lat' dir='ltr'>nostri</span> <span class='ocrx_word' id='word_1_464' title='bbox 2053 1879 2138 1901; x_wconf 91' lang='lat' dir='ltr'>anno</span> <span class='ocrx_word' id='word_1_465' title='bbox 2151 1871 2298 1910; x_wconf 83' lang='lat' dir='ltr'>primo.»</span> 
     </span>
    </p>
   </div>
   <div class='ocr_carea' id='block_1_25' title="bbox 1381 2024 1477 2054">
    <p class='ocr_par' dir='ltr' id='par_1_25' title="bbox 1381 2024 1477 2054">
     <span class='ocr_line' id='line_1_71' title="bbox 1381 2024 1477 2054; baseline 0 0"><span class='ocrx_word' id='word_1_466' title='bbox 1381 2024 1477 2054; x_wconf 76' lang='grc'>2917</span> 
     </span>
    </p>
   </div>
   <div class='ocr_carea' id='block_1_26' title="bbox 1842 2022 2226 2059">
    <p class='ocr_par' dir='ltr' id='par_1_26' title="bbox 1842 2022 2226 2059">
     <span class='ocr_line' id='line_1_72' title="bbox 1842 2022 2226 2059; baseline 0.008 -11"><span class='ocrx_word' id='word_1_467' title='bbox 1842 2022 1967 2055; x_wconf 65' lang='lat' dir='ltr'>vuemo,</span> <span class='ocrx_word' id='word_1_468' title='bbox 1986 2023 2129 2059; x_wconf 64' lang='lat' dir='ltr'>lss‘juillet</span> <span class='ocrx_word' id='word_1_469' title='bbox 2150 2025 2226 2051; x_wconf 78' lang='grc'>1262.</span> 
     </span>
    </p>
   </div>
   <div class='ocr_carea' id='block_1_27' title="bbox 1289 2107 2299 2239">
    <p class='ocr_par' dir='ltr' id='par_1_27' title="bbox 1289 2107 2299 2239">
     <span class='ocr_line' id='line_1_73' title="bbox 1325 2107 2299 2143; baseline 0.002 -10"><span class='ocrx_word' id='word_1_470' title='bbox 1325 2107 1466 2134; x_wconf 83' lang='lat' dir='ltr'>Abbatem</span> <span class='ocrx_word' id='word_1_471' title='bbox 1493 2109 1521 2134; x_wconf 92' lang='lat' dir='ltr'>et</span> <span class='ocrx_word' id='word_1_472' title='bbox 1543 2110 1715 2134; x_wconf 89' lang='lat' dir='ltr'>conventum</span> <span class='ocrx_word' id='word_1_473' title='bbox 1735 2107 1904 2134; x_wconf 84' lang='lat' dir='ltr'>monasterii</span> <span class='ocrx_word' id='word_1_474' title='bbox 1926 2116 1948 2134; x_wconf 89' lang='lat' dir='ltr'>s.</span> <span class='ocrx_word' id='word_1_475' title='bbox 1965 2108 2059 2134; x_wconf 80' lang='lat' dir='ltr'>Albini</span> <span class='ocrx_word' id='word_1_476' title='bbox 2086 2109 2299 2143; x_wconf 69' lang='lat' dir='ltr'>Andegavensis</span> 
     </span>
     <span class='ocr_line' id='line_1_74' title="bbox 1289 2156 2298 2193; baseline 0.002 -11"><span class='ocrx_word' id='word_1_477' title='bbox 1289 2164 1445 2190; x_wconf 85' lang='lat' dir='ltr'>eorumque</span> <span class='ocrx_word' id='word_1_478' title='bbox 1461 2157 1535 2182; x_wconf 86' lang='lat' dir='ltr'>bona</span> <span class='ocrx_word' id='word_1_479' title='bbox 1551 2156 1602 2182; x_wconf 90' lang='lat' dir='ltr'>sub</span> <span class='ocrx_word' id='word_1_480' title='bbox 1618 2156 1794 2190; x_wconf 90' lang='lat' dir='ltr'>protectione</span> <span class='ocrx_word' id='word_1_481' title='bbox 1812 2157 1838 2183; x_wconf 92' lang='lat' dir='ltr'>b.</span> <span class='ocrx_word' id='word_1_482' title='bbox 1851 2156 1926 2183; x_wconf 88' lang='lat' dir='ltr'>Petri</span> <span class='ocrx_word' id='word_1_483' title='bbox 1943 2159 1971 2183; x_wconf 88' lang='lat' dir='ltr'>et</span> <span class='ocrx_word' id='word_1_484' title='bbox 1983 2165 2034 2183; x_wconf 82' lang='lat' dir='ltr'>sua</span> <span class='ocrx_word' id='word_1_485' title='bbox 2050 2157 2179 2191; x_wconf 84' lang='lat' dir='ltr'>suscipit.</span> <span class='ocrx_word' id='word_1_486' title='bbox 2196 2159 2298 2193; x_wconf 37' lang='lat' dir='ltr'>cincii.</span> 
     </span>
     <span class='ocr_line' id='line_1_75' title="bbox 1290 2205 1703 2239; baseline 0 -8"><span class='ocrx_word' id='word_1_487' title='bbox 1290 2213 1325 2231; x_wconf 86' lang='lat' dir='ltr'>nu</span> <span class='ocrx_word' id='word_1_488' title='bbox 1345 2205 1614 2236; x_wconf 56' lang='lat' dir='ltr'>Mame-E&#39;r—Louin,</span> <span class='ocrx_word' id='word_1_489' title='bbox 1633 2213 1649 2231; x_wconf 81' lang='lat' dir='ltr'>u</span> <span class='ocrx_word' id='word_1_490' title='bbox 1667 2206 1703 2239; x_wconf 86' lang='lat' dir='ltr'>l.)</span> 
     </span>
    </p>
   </div>
   <div class='ocr_carea' id='block_1_28' title="bbox 1287 2302 2295 2979">
    <p class='ocr_par' dir='ltr' id='par_1_28' title="bbox 1287 2302 2295 2979">
     <span class='ocr_line' id='line_1_76' title="bbox 1330 2302 2295 2343; baseline 0.003 -12"><span class='ocrx_word' id='word_1_491' title='bbox 1330 2313 1344 2332; x_wconf 71' lang='grc' dir='ltr'>(ι</span> <span class='ocrx_word' id='word_1_492' title='bbox 1359 2302 1499 2332; x_wconf 75' lang='lat' dir='ltr'>Urbanus</span> <span class='ocrx_word' id='word_1_493' title='bbox 1511 2303 1680 2342; x_wconf 76' lang='lat' dir='ltr'>episcopus,</span> <span class='ocrx_word' id='word_1_494' title='bbox 1695 2313 1796 2332; x_wconf 77' lang='lat' dir='ltr'>servus</span> <span class='ocrx_word' id='word_1_495' title='bbox 1808 2313 1961 2332; x_wconf 78' lang='lat' dir='ltr'>servornm</span> <span class='ocrx_word' id='word_1_496' title='bbox 1981 2303 2047 2339; x_wconf 76' lang='lat' dir='ltr'>Dei,</span> <span class='ocrx_word' id='word_1_497' title='bbox 2057 2303 2173 2333; x_wconf 72' lang='lat' dir='ltr'>dilectis</span> <span class='ocrx_word' id='word_1_498' title='bbox 2185 2303 2260 2343; x_wconf 69' lang='lat' dir='ltr'>filiis</span> <span class='ocrx_word' id='word_1_499' title='bbox 2271 2328 2277 2333; x_wconf 86' lang='lat'>.</span> <span class='ocrx_word' id='word_1_500' title='bbox 2288 2328 2295 2334; x_wconf 91' lang='lat'><strong>.</strong></span> 
     </span>
     <span class='ocr_line' id='line_1_77' title="bbox 1289 2355 2295 2396; baseline 0.002 -12"><span class='ocrx_word' id='word_1_501' title='bbox 1289 2355 1392 2385; x_wconf 78' lang='lat' dir='ltr'>abbati</span> <span class='ocrx_word' id='word_1_502' title='bbox 1411 2360 1438 2385; x_wconf 78' lang='lat' dir='ltr'>et</span> <span class='ocrx_word' id='word_1_503' title='bbox 1456 2357 1616 2386; x_wconf 66' lang='lat' dir='ltr'>concentui</span> <span class='ocrx_word' id='word_1_504' title='bbox 1635 2356 1808 2385; x_wconf 80' lang='lat' dir='ltr'>monasterii</span> <span class='ocrx_word' id='word_1_505' title='bbox 1828 2366 1852 2385; x_wconf 85' lang='lat' dir='ltr'>s.</span> <span class='ocrx_word' id='word_1_506' title='bbox 1872 2355 1982 2386; x_wconf 68' lang='lat' dir='ltr'>Albim·</span> <span class='ocrx_word' id='word_1_507' title='bbox 1998 2356 2232 2396; x_wconf 71' lang='lat' dir='ltr'>Amlcyarensis,</span> <span class='ocrx_word' id='word_1_508' title='bbox 2250 2367 2295 2386; x_wconf 85' lang='lat' dir='ltr'>or-</span> 
     </span>
     <span class='ocr_line' id='line_1_78' title="bbox 1289 2408 2293 2449; baseline 0.001 -11"><span class='ocrx_word' id='word_1_509' title='bbox 1289 2408 1369 2438; x_wconf 66' lang='lat' dir='ltr'>dinis</span> <span class='ocrx_word' id='word_1_510' title='bbox 1390 2420 1414 2438; x_wconf 90' lang='lat' dir='ltr'>s.</span> <span class='ocrx_word' id='word_1_511' title='bbox 1440 2409 1606 2445; x_wconf 72' lang='lat' dir='ltr'>Benedicti,</span> <span class='ocrx_word' id='word_1_512' title='bbox 1634 2408 1761 2438; x_wconf 76' lang='lat' dir='ltr'>salutem</span> <span class='ocrx_word' id='word_1_513' title='bbox 1786 2414 1813 2439; x_wconf 83' lang='lat' dir='ltr'>et</span> <span class='ocrx_word' id='word_1_514' title='bbox 1828 2409 2025 2449; x_wconf 78' lang='lat' dir='ltr'>apostolicam</span> <span class='ocrx_word' id='word_1_515' title='bbox 2050 2409 2293 2439; x_wconf 81' lang='lat' dir='ltr'>benedictionem.</span> 
     </span>
     <span class='ocr_line' id='line_1_79' title="bbox 1288 2462 2295 2493; baseline 0.001 -1"><span class='ocrx_word' id='word_1_516' title='bbox 1288 2462 1509 2493; x_wconf 81' lang='lat' dir='ltr'>Sacrosancta</span> <span class='ocrx_word' id='word_1_517' title='bbox 1525 2463 1677 2493; x_wconf 87' lang='lat' dir='ltr'>Romana</span> <span class='ocrx_word' id='word_1_518' title='bbox 1688 2462 1830 2492; x_wconf 83' lang='lat' dir='ltr'>ecclesia</span> <span class='ocrx_word' id='word_1_519' title='bbox 1847 2462 1985 2492; x_wconf 84' lang='lat' dir='ltr'>devotos</span> <span class='ocrx_word' id='word_1_520' title='bbox 1995 2463 2027 2492; x_wconf 83' lang='lat' dir='ltr'>et</span> <span class='ocrx_word' id='word_1_521' title='bbox 2045 2462 2190 2493; x_wconf 88' lang='lat' dir='ltr'>humiles</span> <span class='ocrx_word' id='word_1_522' title='bbox 2205 2463 2295 2493; x_wconf 84' lang='lat' dir='ltr'>filios</span> 
     </span>
     <span class='ocr_line' id='line_1_80' title="bbox 1288 2514 2294 2554; baseline 0 -9"><span class='ocrx_word' id='word_1_523' title='bbox 1288 2524 1329 2546; x_wconf 83' lang='lat' dir='ltr'>ex</span> <span class='ocrx_word' id='word_1_524' title='bbox 1351 2517 1484 2546; x_wconf 85' lang='lat' dir='ltr'>assuete</span> <span class='ocrx_word' id='word_1_525' title='bbox 1502 2515 1638 2553; x_wconf 89' lang='lat' dir='ltr'>pietatis</span> <span class='ocrx_word' id='word_1_526' title='bbox 1655 2515 1765 2545; x_wconf 79' lang='lat' dir='ltr'>officio</span> <span class='ocrx_word' id='word_1_527' title='bbox 1781 2514 1985 2553; x_wconf 89' lang='lat' dir='ltr'>propensius</span> <span class='ocrx_word' id='word_1_528' title='bbox 2001 2515 2141 2554; x_wconf 85' lang='lat' dir='ltr'>diligere</span> <span class='ocrx_word' id='word_1_529' title='bbox 2157 2524 2294 2546; x_wconf 88' lang='lat' dir='ltr'>consue-</span> 
     </span>
     <span class='ocr_line' id='line_1_81' title="bbox 1289 2567 2290 2607; baseline -0.001 -8"><span class='ocrx_word' id='word_1_530' title='bbox 1289 2569 1336 2599; x_wconf 87' lang='lat' dir='ltr'>vit</span> <span class='ocrx_word' id='word_1_531' title='bbox 1350 2570 1392 2602; x_wconf 82' lang='lat' dir='ltr'>et,</span> <span class='ocrx_word' id='word_1_532' title='bbox 1406 2577 1446 2599; x_wconf 86' lang='lat' dir='ltr'>ne</span> <span class='ocrx_word' id='word_1_533' title='bbox 1461 2576 1642 2607; x_wconf 90' lang='lat' dir='ltr'>pravorum</span> <span class='ocrx_word' id='word_1_534' title='bbox 1655 2567 1829 2598; x_wconf 86' lang='lat' dir='ltr'>hominum</span> <span class='ocrx_word' id='word_1_535' title='bbox 1842 2567 2010 2598; x_wconf 87' lang='lat' dir='ltr'>molestiis</span> <span class='ocrx_word' id='word_1_536' title='bbox 2027 2568 2207 2607; x_wconf 86' lang='lat' dir='ltr'>agitentur,</span> <span class='ocrx_word' id='word_1_537' title='bbox 2221 2577 2290 2604; x_wconf 83' lang='lat' dir='ltr'>eos,</span> 
     </span>
     <span class='ocr_line' id='line_1_82' title="bbox 1288 2620 2295 2660; baseline 0 -8"><span class='ocrx_word' id='word_1_538' title='bbox 1288 2624 1447 2660; x_wconf 88' lang='lat' dir='ltr'>tanquam</span> <span class='ocrx_word' id='word_1_539' title='bbox 1467 2621 1523 2660; x_wconf 78' lang='lat' dir='ltr'>pia</span> <span class='ocrx_word' id='word_1_540' title='bbox 1539 2623 1656 2656; x_wconf 80' lang='lat' dir='ltr'>mater,</span> <span class='ocrx_word' id='word_1_541' title='bbox 1673 2629 1732 2651; x_wconf 90' lang='lat' dir='ltr'>sue</span> <span class='ocrx_word' id='word_1_542' title='bbox 1749 2620 1970 2659; x_wconf 88' lang='lat' dir='ltr'>protectionis</span> <span class='ocrx_word' id='word_1_543' title='bbox 1983 2621 2170 2652; x_wconf 86' lang='lat' dir='ltr'>munimine</span> <span class='ocrx_word' id='word_1_544' title='bbox 2185 2621 2295 2652; x_wconf 86' lang='lat' dir='ltr'>conso-</span> 
     </span>
     <span class='ocr_line' id='line_1_83' title="bbox 1288 2673 2294 2713; baseline 0 -9"><span class='ocrx_word' id='word_1_545' title='bbox 1288 2683 1376 2705; x_wconf 88' lang='lat' dir='ltr'>vere.</span> <span class='ocrx_word' id='word_1_546' title='bbox 1395 2675 1591 2713; x_wconf 87' lang='lat' dir='ltr'>Eapropter,</span> <span class='ocrx_word' id='word_1_547' title='bbox 1616 2673 1729 2703; x_wconf 88' lang='lat' dir='ltr'>dilecti</span> <span class='ocrx_word' id='word_1_548' title='bbox 1748 2673 1781 2703; x_wconf 91' lang='lat' dir='ltr'>in</span> <span class='ocrx_word' id='word_1_549' title='bbox 1800 2673 1946 2703; x_wconf 87' lang='lat' dir='ltr'>Domino</span> <span class='ocrx_word' id='word_1_550' title='bbox 1964 2674 2036 2708; x_wconf 88' lang='lat' dir='ltr'>filii,</span> <span class='ocrx_word' id='word_1_551' title='bbox 2054 2674 2176 2705; x_wconf 86' lang='lat' dir='ltr'>vestris</span> <span class='ocrx_word' id='word_1_552' title='bbox 2191 2674 2294 2713; x_wconf 84' lang='lat' dir='ltr'>justis</span> 
     </span>
     <span class='ocr_line' id='line_1_84' title="bbox 1288 2726 2294 2767; baseline 0 -9"><span class='ocrx_word' id='word_1_553' title='bbox 1288 2726 1576 2766; x_wconf 86' lang='lat' dir='ltr'>postulationibus</span> <span class='ocrx_word' id='word_1_554' title='bbox 1591 2728 1686 2766; x_wconf 81' lang='lat' dir='ltr'>grato</span> <span class='ocrx_word' id='word_1_555' title='bbox 1703 2729 1941 2757; x_wconf 86' lang='lat' dir='ltr'>concurrentes</span> <span class='ocrx_word' id='word_1_556' title='bbox 1961 2735 2117 2764; x_wconf 87' lang='lat' dir='ltr'>assensu,</span> <span class='ocrx_word' id='word_1_557' title='bbox 2131 2736 2294 2767; x_wconf 88' lang='lat' dir='ltr'>personas</span> 
     </span>
     <span class='ocr_line' id='line_1_85' title="bbox 1289 2779 2293 2819; baseline 0 -8"><span class='ocrx_word' id='word_1_558' title='bbox 1289 2782 1418 2812; x_wconf 83' lang='lat' dir='ltr'>vestras</span> <span class='ocrx_word' id='word_1_559' title='bbox 1435 2782 1466 2810; x_wconf 86' lang='lat' dir='ltr'>et</span> <span class='ocrx_word' id='word_1_560' title='bbox 1482 2780 1593 2810; x_wconf 83' lang='lat' dir='ltr'>locuni</span> <span class='ocrx_word' id='word_1_561' title='bbox 1617 2780 1651 2810; x_wconf 91' lang='lat' dir='ltr'>in</span> <span class='ocrx_word' id='word_1_562' title='bbox 1676 2788 1742 2819; x_wconf 91' lang='lat' dir='ltr'>quo</span> <span class='ocrx_word' id='word_1_563' title='bbox 1759 2779 1873 2810; x_wconf 90' lang='lat' dir='ltr'>divino</span> <span class='ocrx_word' id='word_1_564' title='bbox 1892 2780 1975 2810; x_wconf 88' lang='lat' dir='ltr'>estis</span> <span class='ocrx_word' id='word_1_565' title='bbox 1990 2779 2152 2819; x_wconf 86' lang='lat' dir='ltr'>obsequio</span> <span class='ocrx_word' id='word_1_566' title='bbox 2170 2781 2293 2811; x_wconf 83' lang='lat' dir='ltr'>manci·</span> 
     </span>
     <span class='ocr_line' id='line_1_86' title="bbox 1288 2832 2295 2873; baseline 0.001 -9"><span class='ocrx_word' id='word_1_567' title='bbox 1288 2835 1369 2873; x_wconf 85' lang='lat' dir='ltr'>pati,</span> <span class='ocrx_word' id='word_1_568' title='bbox 1386 2842 1462 2863; x_wconf 76' lang='lat' dir='ltr'>cuni</span> <span class='ocrx_word' id='word_1_569' title='bbox 1485 2832 1643 2863; x_wconf 89' lang='lat' dir='ltr'>omnibus</span> <span class='ocrx_word' id='word_1_570' title='bbox 1662 2832 1760 2863; x_wconf 87' lang='lat' dir='ltr'>bonis</span> <span class='ocrx_word' id='word_1_571' title='bbox 1782 2842 1846 2872; x_wconf 86' lang='lat' dir='ltr'>que</span> <span class='ocrx_word' id='word_1_572' title='bbox 1869 2833 2166 2872; x_wconf 85' lang='lat' dir='ltr'>impresentiarum</span> <span class='ocrx_word' id='word_1_573' title='bbox 2195 2835 2295 2865; x_wconf 87' lang='lat' dir='ltr'>ratio-</span> 
     </span>
     <span class='ocr_line' id='line_1_87' title="bbox 1288 2885 2294 2926; baseline 0.001 -9"><span class='ocrx_word' id='word_1_574' title='bbox 1288 2887 1446 2917; x_wconf 89' lang='lat' dir='ltr'>nabiliter</span> <span class='ocrx_word' id='word_1_575' title='bbox 1471 2886 1623 2925; x_wconf 86' lang='lat' dir='ltr'>possidet</span> <span class='ocrx_word' id='word_1_576' title='bbox 1643 2887 1699 2916; x_wconf 84' lang='lat' dir='ltr'>aut</span> <span class='ocrx_word' id='word_1_577' title='bbox 1715 2886 1750 2916; x_wconf 91' lang='lat' dir='ltr'>in</span> <span class='ocrx_word' id='word_1_578' title='bbox 1769 2885 1919 2916; x_wconf 86' lang='lat' dir='ltr'>futurum</span> <span class='ocrx_word' id='word_1_579' title='bbox 1936 2886 2039 2925; x_wconf 91' lang='lat' dir='ltr'>justis</span> <span class='ocrx_word' id='word_1_580' title='bbox 2059 2887 2180 2923; x_wconf 87' lang='lat' dir='ltr'>modis,</span> <span class='ocrx_word' id='word_1_581' title='bbox 2200 2896 2294 2926; x_wconf 87' lang='lat' dir='ltr'>pres-</span> 
     </span>
     <span class='ocr_line' id='line_1_88' title="bbox 1287 2939 2292 2979; baseline 0 -9"><span class='ocrx_word' id='word_1_582' title='bbox 1287 2941 1378 2971; x_wconf 86' lang='lat' dir='ltr'>tante</span> <span class='ocrx_word' id='word_1_583' title='bbox 1404 2939 1560 2970; x_wconf 80' lang='lat' dir='ltr'>Domino.</span> <span class='ocrx_word' id='word_1_584' title='bbox 1578 2939 1701 2978; x_wconf 86' lang='lat' dir='ltr'>poterit</span> <span class='ocrx_word' id='word_1_585' title='bbox 1718 2939 1871 2979; x_wconf 82' lang='lat' dir='ltr'>adipisci,</span> <span class='ocrx_word' id='word_1_586' title='bbox 1891 2939 1953 2969; x_wconf 88' lang='lat' dir='ltr'>sub</span> <span class='ocrx_word' id='word_1_587' title='bbox 1969 2939 2001 2970; x_wconf 91' lang='lat' dir='ltr'>b.</span> <span class='ocrx_word' id='word_1_588' title='bbox 2018 2939 2111 2970; x_wconf 88' lang='lat' dir='ltr'>Petri</span> <span class='ocrx_word' id='word_1_589' title='bbox 2128 2941 2159 2970; x_wconf 90' lang='lat' dir='ltr'>et</span> <span class='ocrx_word' id='word_1_590' title='bbox 2177 2942 2292 2971; x_wconf 87' lang='lat' dir='ltr'>nostra</span> 
     </span>
    </p>
   </div>
  </div>
 </body>
</html>
