2519 3262
275 225 333 254 370

276 310 376 341 libris
400 310 602 340 dimiseritis
628 309 681 339 vel
704 308 925 339 restitueritis
950 310 1006 338 aut
1034 308 1197 338 dederitis
1214 307 1285 337 illis

278 373 296 395 a
317 364 440 403 quibus
463 372 519 394 eas
552 363 759 401 receperitis,
791 361 985 401 hujusmodi
1018 362 1200 392 dimissum
1231 360 1284 391 vel

278 418 471 448 restitutum
500 425 559 447 seu
585 417 698 446 datum
720 415 821 445 nichil
847 415 888 445 ad
909 414 1144 445 liberationem
1168 422 1285 445 eorum

278 471 386 510 prosit
408 479 468 500 nec
492 472 654 508 quantum
683 469 723 499 ad
754 469 837 498 illud
858 468 1043 499 habeantur
1070 468 1285 507 aliquatenus

279 524 437 559 absoluti,
465 522 680 562 presentibus
708 524 785 561 post
817 522 919 551 unius
944 522 1022 551 anui
1051 522 1197 561 spatium
1224 521 1284 552 mi-

280 577 368 607 nime
388 577 554 606 valituris.
574 576 668 606 Nulli
686 584 764 614 ergo
785 593 832 604 —.
853 576 976 605 Datum
997 575 1084 613 apud
1102 574 1284 606 Urbemve-

279 633 395 666 terem,
415 639 433 658 v
451 629 613 659 kalendas
630 629 830 665 decembris,
850 637 937 658 anno
953 628 1064 658 tertio.
1083 637 1099 657 »

368 786 464 817 2230
809 783 933 815 Orvicto,
948 784 978 811 31
1000 783 1115 810 octobre
1136 784 1212 811 1263.

313 869 532 904 Archiepiscopo
552 868 681 895 Civitatis
698 869 790 895 Novae
806 869 925 895 mandat
943 871 973 895 ut
994 868 1158 900 llenricum,
1173 867 1285 895 dictum

278 918 463 949 Conlatinum,
489 918 642 952 plebanum
674 917 811 944 ecclesiae
834 926 857 944 s.
880 917 1010 944 Silvestri
1033 918 1066 943 de
1088 917 1229 948 Venetiis,
1256 917 1285 944 in

276 966 397 993 ccclesia
421 967 568 993 'l'crvisina
590 966 618 993 in
644 966 815 993 canonicum
837 966 924 1001 recipi
949 966 1036 993 saciat¹
1055 966 1135 1001 eique
1151 967 1185 993 de
1204 974 1284 1001 prae-

277 1016 367 1042 benda
383 1016 542 1050 provideat.
559 1016 638 1050 (nm.
654 1016 699 1048 29,
715 1015 763 1042 sol.
779 1016 841 1049 238,
857 1020 888 1042 11⁰
913 1017 1002 1049 1279.)

315 1132 332 1153 «
342 1122 580 1163 Arcltiepiscopo
592 1122 734 1153 Civitatis
742 1121 837 1152 Nove.
849 1121 1032 1153 Probitatis
1042 1123 1073 1152 et
1083 1122 1222 1152 scientie
1233 1140 1282 1151 —.

275 1176 400 1206 Datum
424 1177 511 1214 apud
539 1176 827 1212 Urbemveterem,
849 1185 872 1205 11
890 1175 1051 1206 kalendas
1075 1175 1283 1210 novembris,

276 1238 362 1260 anno
379 1230 490 1260 tertio.
509 1238 525 1259 »

770 1384 894 1417 ‹ii-victo,
915 1383 943 1412 18
960 1384 1114 1410 novembre
1133 1383 1210 1410 1263.

365 1387 458 1418 2231

310 1470 458 1504 Episcopo,
493 1470 599 1497 decano
627 1471 655 1496 ct
683 1469 808 1503 capitulo
835 1468 1070 1503 Egitaniensihus
1097 1467 1224 1503 indulget
1253 1470 1284 1494 ut

273 1519 448 1554 Stephanum
464 1519 602 1546 Jobannis
616 1518 765 1552 clericum,
789 1518 822 1544 de
842 1517 929 1545 nobili
946 1520 1041 1544 ortum
1060 1525 1176 1551 genere,
1197 1517 1225 1543 in
1241 1525 1284 1543 ca-

274 1569 408 1595 nonicum
424 1568 550 1602 recipere
567 1567 690 1594 valeant.
716 1568 794 1601 (Itan.
815 1568 859 1598 29,
874 1567 922 1593 fol.
940 1567 1002 1597 238,
1021 1571 1050 1593 [1⁰
1068 1566 1160 1601 1280.)

314 1685 328 1705 α
344 1675 512 1715 Episcopo,
532 1698 539 1704 .
559 1700 564 1706 .
583 1674 706 1709 decano,
724 1679 750 1703 cl
765 1674 899 1714 capitulo
916 1673 1179 1713 h‘yilatzietisibzcs.
1201 1674 1285 1713 Sup-

273 1730 428 1768 plicastis
438 1729 535 1759 nobis
547 1737 660 1767 per—.
671 1728 795 1758 Datum
809 1728 897 1766 apud
908 1727 1198 1761 Urbemveterem,
1208 1736 1283 1757 xnu

274 1783 436 1813 kalendas
454 1782 654 1818 decembris,
674 1790 760 1812 anno
779 1781 891 1811 tertio.
914 1791 928 1810 »

363 1940 460 1971 2232
767 1937 891 1969 Orvieto,
910 1938 944 1963 22
961 1937 1115 1963 novembre
1133 1937 1211 1965 1203.

309 2023 410 2050 Abbati
427 2020 717 2052 l'raemonstratensi,
737 2020 931 2047 Laudunensis
948 2020 1081 2049 diocesis,
1104 2022 1233 2054 mandat,
1250 2023 1286 2048 ad

273 2080 371 2107 preces
398 2072 509 2099 abbatis
530 2070 698 2098 monasterii
724 2079 746 2096 s.
772 2069 917 2096 Michaelis
948 2069 975 2096 iu
999 2070 1152 2102 The-rusca,
1176 2070 1285 2097 ordinis

273 2130 296 2149 s.
315 2121 469 2152 Benedicti,
487 2119 681 2147 [laudunensis
701 2118 835 2148 diocesis,
857 2121 883 2145 ut
901 2118 1022 2145 Johanni
1043 2119 1076 2144 ‹le
1095 2128 1118 2144 s.
1137 2119 1284 2150 michaele,

273 2170 376 2197 clerico
399 2169 527 2205 ejusdem
551 2178 573 2196 s.
604 2167 749 2195 Michaelis
777 2168 900 2199 abbatis,
929 2167 1146 2201 consanguineo
1171 2168 1286 2195 abbatis

273 2218 478 2250 Maricolcusis,
495 2217 631 2245 familiari
645 2218 686 2249 G.‚
704 2217 815 2244 titulis.
833 2216 918 2243 Marci
939 2216 1098 2251 presbyteri
1115 2216 1285 2250 cardinalis,

272 2269 306 2295 de
325 2268 420 2302 aliquo
450 2267 587 2294 beneficio
610 2266 815 2299 ecclesiastico,
840 2266 875 2292 ad
901 2265 1030 2301 ejusdcm
1049 2265 1161 2292 abbatis
1185 2274 1209 2292 s.
1231 2266 1286 2292 Mi-

272 2316 379 2343 chaelis
396 2316 580 2344 collationem
595 2318 753 2350 spectante.
772 2314 931 2349 provideat.
948 2315 1026 2348 (unc.
1044 2315 1088 2345 29,
1107 2313 1155 2341 sol.
1173 2316 1224 2342 238
1245 2319 1284 2346 γ’),

273 2372 305 2392 n⁰
321 2365 415 2397 1281.)

311 2482 328 2503 ((
344 2471 458 2501 Abbati
474 2470 771 2504 l'remonscralensis‚
789 2468 1008 2499 Laudmzensis
1021 2467 1157 2498 diocesis.
1177 2468 1285 2507 Signi—

273 2526 385 2556 ficavit
402 2525 499 2556 nobis
514 2525 657 2555 dilectus
674 2542 724 2554 —.
744 2523 869 2554 Datum
882 2522 972 2561 apud
988 2520 1282 2558 Urbemveterem,

272 2588 294 2609 x
312 2579 473 2609 kalendas
487 2577 690 2613 decembris,
707 2585 795 2607 anno
813 2575 926 2606 tertio.
949 2584 965 2604 »

363 2738 459 2769 2233
767 2733 891 2768 Orvicto,
910 2734 944 2760 26
960 2732 1117 2760 novembre
1137 2731 1214 2759 1203.

310 2821 455 2847 Prabislao
471 2820 646 2855 presbytero,
663 2818 815 2845 scolastico
830 2817 968 2845 ecclesiae
992 2815 1184 2847 Lausicensis,
1202 2816 1286 2842 Gnez-

274 2870 370 2897 nensis
389 2869 522 2903 diocesis,
538 2876 603 2895 cum
619 2876 673 2902 quo
689 2875 774 2902 super
789 2866 900 2893 defectu
916 2865 1056 2893 natalium
1076 2873 1159 2900 papa,
1172 2865 1241 2891 dum
1257 2864 1284 2891 in

273 2918 428 2945 Gnezncusi
449 2917 593 2952 provincia
615 2916 709 2943 officio
731 2915 883 2950 legationis
909 2915 1095 2950 fungebatur,
1112 2913 1284 2940 auctoritate

1032 221 1275 253 REGISTRES
1302 221 1515 252 D’URBAIN
1543 220 1600 251 lv.

1343 306 1504 333 litterarum
1532 304 1690 332 innocentii
1717 312 1806 339 papae
1824 304 1871 331 1111
1901 303 2128 338 dispensaverat,
2154 303 2283 338 indulget
2306 308 2350 333 ut,

1344 363 1399 382 non
1417 355 1549 381 obstante
1565 354 1665 380 eodem
1693 354 1806 380 defectu
1826 353 1977 384 natalium,
2002 352 2182 379 scolastriam
2203 352 2354 379 Lausicen-

1344 412 1405 431 scm
1423 403 1545 430 retinere
1562 402 1664 429 valeat.
1682 403 1764 437 (Rau.
1783 402 1827 433 29,
1845 401 1891 428 fol.
1908 401 1961 429 ‘238
1975 407 2011 433 Ψ,
2031 406 2062 427 n⁰
2081 401 2171 432 1282.)

1384 521 1398 540 «
1420 509 1582 540 Prabislau
1609 509 1801 549 presbytero,
1831 508 1987 538 scolastico
2012 507 2134 537 ecclesie
2151 507 2351 542 Lausicensis,

1346 564 1526 595 anznensis
1536 562 1671 592 diocesis.
1683 562 1816 592 Meritis
1828 561 2011 592 laudabilis
2027 561 2294 592 conversationis
2303 578 2352 589 —.

1344 619 1468 648 Datum
1493 617 1582 656 apud
1603 615 1891 650 Urbemveterem,
1913 624 1943 644 vi
1966 615 2129 645 kalendas
2149 614 2350 650 decembris,

1345 680 1431 702 anno
1449 670 1560 701 tertio.
1584 680 1598 699 n

1852 825 1977 858 Orvicto,
1993 827 2010 853 ὃ
2025 826 2180 852 novembre
2202 826 2278 852 1263.

1434 830 1505 860 223
1512 829 1531 860 '1

1380 911 1517 947 Episcopo
1536 912 1686 946 Anagnino
1701 911 1828 945 indulget
1845 913 1872 937 ut
1889 911 2064 945 magistrum
2075 909 2225 942 Jacobum,
2242 909 2352 936 dictum

1345 961 1595 996 Squarsappcltem‚
1614 960 1750 987 clericum
1772 960 1911 987 ecclesiae
1932 968 1955 986 s.
1973 959 2116 986 Pancratii
2130 958 2285 993 Anagnini,
2304 958 2353 993 qui

1344 1010 1531 1037 cancellariae
1547 1010 1722 1044 apostolicae
1739 1009 1865 1036 servitiis
1882 1009 2000 1041 insistit,
2021 1009 2049 1035 in
2063 1008 2184 1035 ecclesia
2203 1007 2354 1043 Anagnina

1344 1060 1372 1086 in
1396 1059 1565 1086 canonicum
1591 1058 1678 1093 recipi
1710 1058 1796 1085 saciat
1824 1058 1906 1092 eique
1935 1058 1969 1084 de
1998 1057 2162 1092 praebenda
2192 1057 2355 1091 provideat.

1344 1108 1424 1143 (Bao.
1443 1108 1485 1135 29,
1502 1107 1549 1134 sol.
1567 1107 1629 1138 239,
1645 1113 1675 1133 n‘>
1697 1107 1787 1141 1283.)

1383 1214 1574 1255 «Episcopo
1592 1214 1771 1254 Anaqnino.
1798 1213 1842 1244 Ut
1867 1212 2095 1243 benivolentie
2116 1211 2355 1251 promptitudi-

1342 1276 1419 1298 nem
1437 1285 1487 1298 —.
1507 1268 1632 1298 Datum
1657 1267 1746 1306 apud
1777 1266 2068 1302 Urbemveterem,
2095 1265 2194 1295 nonis
2219 1273 2355 1295 novem-

1342 1321 1425 1357 bris,
1442 1329 1529 1351 anno
1545 1320 1656 1351 tertio.
1676 1332 1690 1348 »

1836 1473 1962 1507 Orvieto,
1979 1474 2010 1500 16
2028 1472 2184 1499 novembre
2203 1472 2281 1499 1263.

1433 1477 1530 1508 2235

1378 1561 1515 1596 Magistro
1531 1560 1665 1593 Johanni,
1684 1559 1760 1586 dicto
1777 1559 1813 1585 ad
1828 1558 1935 1590 Pedem,
1951 1557 2090 1585 canonico
2109 1556 2248 1584 ecclesiae
2266 1565 2289 1583 s.
2309 1556 2356 1583 Se-

1343 1610 1433 1645 pulcri
1465 1611 1498 1636 de
1529 1610 1665 1641 Cadomo,
1687 1608 1852 1635 Baiocensis
1879 1607 2012 1639 diocesis,
2041 1607 2161 1633 mandat
2183 1608 2214 1632 ut
2243 1605 2292 1632 uni
2322 1606 2357 1632 de

1342 1659 1454 1686 clericis
1470 1658 1633 1685 abbatissae
1650 1660 1677 1685 et
1694 1660 1850 1684 conventus
1869 1666 1892 1683 s.
1910 1656 2058 1683 Trinitatis
2075 1656 2110 1682 de
2123 1655 2262 1688 Cadomo,
2283 1655 2358 1682 ordi-

1343 1709 1386 1735 nis
1400 1717 1422 1735 s.
1441 1707 1597 1739 Benedicti,
1613 1707 1647 1734 de
1661 1706 1756 1741 aliquo
1768 1705 1964 1733 ecclesiastico
1980 1704 2129 1738 beneficio,
2141 1704 2175 1731 ad
2188 1703 2358 1730 earumdem

1343 1757 1505 1784 abbatissae
1540 1759 1564 1783 et
1603 1758 1760 1783 conventus
1791 1754 1975 1782 collationem
2004 1756 2165 1788 spectante,
2194 1753 2355 1787 provideat.

1344 1807 1423 1842 (nas.
1442 1807 1486 1837 29,
1507 1805 1554 1832 sol.
1571 1806 1633 1836 239,
1651 1811 1682 1831 n⁰
1699 1804 1790 1837 1284.)

1383 1923 1400 1944 ε(
1418 1913 1566 1951 illayistro
1581 1911 1729 1947 Johanni,
1750 1909 1830 1939 dicto
1850 1910 1889 1940 ad
1910 1909 2048 1944 Pedem,
2070 1908 2217 1938 canonico
2233 1906 2357 1937 ecclesie

1342 1976 1366 1995 s.
1384 1965 1531 2006 Scpulcri
1554 1964 1590 1994 de
1609 1963 1823 2003 (Cain-adorno,
1851 1962 2030 1993 Baiocensis
2056 1961 2195 1991 diocesis.
2222 1960 2356 1991 Dilecte

1344 2020 1378 2049 in
1394 2019 1529 2049 Christo
1545 2035 1594 2046 —.
1613 2018 1737 2048 Datum
1754 2016 1843 2055 apud
1860 2015 2149 2051 Urbemveterem,
2167 2023 2224 2044 xri
2238 2013 2354 2044 kalen-

1344 2073 1403 2103 das
1420 2070 1622 2105 decembris,
1641 2078 1728 2100 anno
1746 2070 1857 2100 tertio.
1881 2079 1896 2098 »

1855 2226 1980 2259 Ori-teto,
1993 2228 2009 2254 2
2029 2226 2185 2253 novembre
2203 2226 2280 2254 1263.

1432 2231 1530 2262 223ss

1378 2314 1584 2342 Archidiacono
1609 2313 1758 2340 Basiliensi
1778 2314 1894 2339 mandat
1912 2315 1940 2338 ut
1963 2311 2116 2338 liudolfum
2133 2311 2167 2338 de
2184 2311 2353 2343 Rinvetden‚

1343 2364 1477 2391 clericum
1497 2362 1663 2389 llasiliensis
1678 2361 1811 2394 diocesis,
1832 2361 1879 2396 qui
1892 2361 1939 2387 diu
1956 2360 2064 2388 studuit
2081 2361 2110 2387 in
2125 2360 2188 2396 jure
2204 2360 2355 2394 canonico,

1343 2414 1370 2440 in
1384 2412 1504 2440 ccclesia
1522 2421 1544 2439 s.
1560 2411 1634 2438 l‘etri
1654 2410 1820 2438 Basiliensis
1836 2411 1864 2437 in
1882 2410 2052 2437 canonicum
2068 2409 2157 2444 recipi
2170 2409 2255 2436 saciat
2271 2409 2354 2444 eique

1341 2463 1375 2489 de
1392 2461 1553 2497 praebenda
1571 2460 1729 2495 provideat.
1750 2460 1828 2495 (Itan.
1845 2460 1890 2493 29,
1907 2459 1955 2486 sol.
1975 2459 2038 2491 239,
2055 2462 2086 2485 n⁰
2105 2459 2197 2491 1285.)

1382 2577 1397 2592 «
1416 2565 1642 2595 ,ii-chidincono
1654 2565 1829 2595 Basiliensi.
1842 2564 2055 2595 Constitutus
2066 2563 2100 2593 in
2115 2562 2289 2602 presentia
2301 2579 2351 2594 —.

1342 2620 1466 2650 Datum
1495 2619 1584 2658 apud
1616 2619 1906 2653 Urbemveterem,
1937 2627 1986 2648 1111
2014 2625 2122 2648 nonas
2142 2615 2351 2650 novembris,

1343 2682 1428 2703 anuo
1446 2673 1558 2703 tertio.
1585 2683 1599 2701 >u

1431 2829 1527 2860 2237
1856 2824 1982 2857 Orvieto‚
1997 2826 2013 2851 0
2028 2823 2182 2850 novembre
2200 2821 2278 2850 1263.

1376 2912 1479 2939 Jacobo
1491 2912 1576 2943 l’ctri,
1589 2910 1728 2938 canonico
1737 2910 1876 2938 ecclesiae
1885 2918 1908 2937 s.
1919 2908 2056 2936 =lobannis
2069 2907 2268 2943 Evangelistae
2281 2906 2349 2934 Rea-
