2519 3262
238 281 276 310 46
941 272 1020 302 LES
1042 270 1284 302 REGISTRES
1306 269 1521 301 D'URBAIN
1546 269 1602 299 IV.

236 370 441 410 protectione
469 369 686 407 suscipimus.
714 365 911 406 Specialiter
937 367 1049 396 autem
1078 364 1239 401 decimas
1265 366 1269 381 '·

235 425 364 460 domos,
384 423 510 458 vineas,
538 422 644 460 prata,
669 428 817 455 nemora,
836 419 1006 458 grangias,
1029 420 1150 452 terras,
1168 426 1243 456 pos-

236 477 406 508 sessiones
423 477 454 506 et
480 475 547 505 alia
565 474 651 504 bona
668 474 792 508 vestra,
812 472 899 503 sicut
916 480 955 502 ea
971 471 1084 502 omnia
1100 471 1191 510 juste
1206 479 1242 500 ae

236 529 373 569 pacifice
396 526 589 567 possidetis,
614 525 712 556 vobis
730 526 763 556 et
781 534 841 564 per
860 533 920 555 vos
939 523 1144 555 monasterio
1170 532 1241 553 ves-

235 584 286 613 tro
317 580 516 612 auctoritate
545 579 729 618 apostolica
753 578 993 609 confirmamus
1012 586 1049 607 ac
1074 576 1243 616 presentis

235 634 351 673 scripti
370 633 556 673 patrocinio
573 632 834 668 communimus,
855 631 949 662 salva
964 631 996 661 in
1016 630 1176 670 predictis
1190 630 1243 660 de-

235 687 333 718 cimis
349 686 579 718 moderatione
592 685 725 716 concilii
740 684 919 724 generalis.
938 683 1031 714 Nulli
1048 692 1126 721 ergo
1142 700 1190 712 —.
1209 683 1243 713 Si

235 741 310 781 quis
327 742 438 771 autem
454 757 502 769 —.
520 740 643 770 Datum
660 738 817 775 Viterbii,
834 737 989 768 kalendis
1003 736 1094 776 julii,
1113 736 1245 775 pontifi·

236 795 329 825 catus
350 793 458 825 nostri
477 801 564 823 anno
581 792 701 832 primo.
721 802 735 821 »

326 966 423 997 2918
809 959 937 993 Viterbe,
952 961 966 985 ’ἲ
979 959 1074 994 juillet
1094 959 1171 985 1262.

272 1048 373 1075 Abbati
389 1049 423 1074 de
436 1046 585 1079 Ferrariis,
602 1044 775 1072 Senonensis
792 1043 928 1077 diocesis,
943 1043 1062 1069 mandat
1078 1045 1107 1069 ut
1124 1050 1158 1068 ea
1171 1050 1243 1076 quae

236 1099 270 1124 de
286 1097 368 1124 bonis
390 1097 492 1123 domus
513 1095 634 1122 Militiae
651 1093 760 1128 Templi
775 1092 803 1120 in
825 1092 946 1119 Francia
961 1091 1086 1118 alienata
1102 1090 1243 1118 invenerit

235 1146 335 1174 illicite
362 1145 404 1172 vel
429 1145 580 1178 distracta,
596 1143 632 1170 ad
649 1143 696 1178 jus
715 1145 743 1169 et
764 1141 970 1177 proprietatem
989 1140 1118 1176 ejusdem
1140 1140 1242 1166 domus

237 1196 350 1222 studeat
365 1202 509 1221 revocare.
527 1194 623 1227 (Aaou.
642 1192 713 1220 ΝΑτ.
735 1199 750 1217 ι,
765 1190 828 1222 254,
844 1195 873 1216 n⁶
887 1190 944 1223 43.)

275 1304 291 1325 ‹(
310 1293 446 1324 Urbanus
465 1292 634 1332 episcopus,
649 1300 751 1320 servus
765 1298 920 1319 servorum
935 1288 1001 1324 Dei,
1019 1287 1125 1317 dilecto
1143 1285 1240 1325 filio..

236 1347 338 1378 abbati
351 1346 386 1376 de
404 1345 568 1381 Ferrariis‚
584 1343 770 1374 Senonensis
784 1342 920 1378 diocesis,
937 1341 1065 1371 salutem
1083 1344 1109 1369 el
1125 1343 1243 1379 aposto-

237 1400 325 1430 licam
349 1398 593 1429 benedictionem.
611 1397 663 1428 Ad
694 1397 845 1427 nostram
873 1394 1008 1425 noveris
1036 1392 1243 1424 audientiam

235 1453 430 1493 pervenisse
442 1451 530 1490 quod
546 1453 615 1482 tam
629 1449 743 1480 dilecti
758 1449 819 1479 filii
834 1473 840 1480 .
856 1472 861 1477 .
880 1449 1055 1487 preceptor
1071 1449 1103 1477 et
1121 1446 1244 1477 fratres

235 1507 356 1537 domus
370 1505 492 1536 Militie
508 1504 641 1543 Templi
659 1504 693 1533 in
709 1502 852 1533 Francia
871 1509 971 1540 quam
987 1500 1243 1539 predecessores

236 1567 351 1590 eorum
369 1560 489 1593 castra,
509 1557 621 1593 villas,
642 1555 779 1589 casalia,
799 1555 929 1589 dolnoS‚
945 1555 1064 1589 terras,
1081 1552 1242 1584 decimas,

235 1612 398 1647 redditus,
419 1611 505 1649 jura,
522 1609 778 1649 jurisdictiones
799 1610 830 1638 et
848 1607 990 1646 quedam
1012 1606 1079 1636 alia
1100 1605 1187 1635 bona
1203 1605 1244 1635 ad

236 1666 375 1695 eandem
402 1664 537 1694 domum
562 1662 760 1701 spectantia,
785 1661 874 1691 datis
901 1669 1002 1698 super
1026 1659 1088 1689 hoc
1106 1659 1242 1695 litteris,

237 1717 448 1756 interpositis
461 1716 676 1756 juramentis,
696 1715 793 1745 factis
813 1712 1124 1744 renuntiationibus
1140 1713 1172 1742 et
1190 1720 1245 1751 pe-

236 1772 289 1802 nis
304 1771 456 1810 adjectis,
474 1769 647 1800 nonnullis
667 1768 799 1799 clericis
820 1768 852 1798 et
871 1766 979 1801 laicis,
999 1764 1172 1804 aliquibus
1191 1772 1245 1794 eo-

237 1833 309 1855 rum
327 1824 368 1855 ad
382 1823 497 1858 vitam,
514 1821 716 1862 quibusdam
735 1829 814 1851 vero
833 1820 874 1850 ad
891 1828 957 1850 non
975 1819 1143 1849 modicum
1162 1820 1245 1848 tem-

237 1886 300 1917 pus
320 1879 352 1908 et
369 1877 448 1907 aliis
466 1877 627 1915 perpetuo
653 1875 694 1905 ad
714 1875 845 1904 firmam
863 1873 915 1904 vel
932 1872 994 1903 sub
1012 1880 1114 1902 censu
1133 1878 1243 1901 annuo

238 1931 487 1966 concesserunt,
522 1929 555 1958 in
582 1936 718 1967 gravem
746 1927 910 1958 lesionem
936 1926 1057 1956 domus
1080 1924 1243 1963 ejusdem,

238 1991 380 2023 quorum
409 1982 515 2021 aliqui
543 1990 644 2020 snper
668 1981 735 2010 hiis
761 1980 892 2010 litteras
923 1978 1190 2009 confirmationis
1211 1978 1245 2007 in

240 2038 347 2068 forma
372 2035 541 2066 communi
560 2044 579 2064 a
600 2035 678 2065 sede
705 2033 890 2072 apostolica
910 2033 1110 2070 impetrasse
1133 2031 1245 2061 dicun-

239 2092 304 2120 tnr.
324 2090 394 2120 Nos
412 2089 534 2127 itaque,
554 2087 705 2118 volentes
723 2086 830 2116 eidem
848 2085 961 2115 domui
978 2087 1115 2123 paterna
1135 2084 1167 2113 in
1185 2084 1244 2114 bac

240 2144 333 2182 parte
347 2141 576 2173 sollicitudine
592 2140 781 2179 providere,
794 2139 989 2169 discretioni
1007 2140 1062 2168 tue
1074 2146 1132 2176 per
1149 2146 1245 2176 apos-

240 2196 340 2227 tolica
368 2196 494 2234 scripta
522 2194 724 2224 mandamus
749 2192 909 2231 quatinus
936 2200 974 2222 ea
1001 2199 1064 2230 que
1081 2191 1120 2221 ‹le
1146 2190 1245 2220 bonis

239 2249 390 2289 ejusdem
408 2249 528 2278 domus
545 2256 603 2286 per
624 2247 858 2277 concessiones
878 2244 1069 2283 hujusmodi
1090 2244 1141 2273 vel
1160 2243 1245 2273 alias

240 2302 385 2332 alienata
403 2301 572 2331 inveneris
595 2299 715 2329 illicite
732 2299 783 2329 vel
802 2298 975 2331 distracta.
995 2306 1060 2327 non
1084 2296 1246 2327 obstanti-

240 2354 303 2385 bus
334 2354 470 2388 litteris,
496 2352 712 2392 juramentis,
743 2349 1062 2385 renuntiationibus,
1084 2349 1182 2388 penis
1214 2351 1246 2379 et

241 2406 556 2438 confirmationibus
585 2404 802 2444 supradictis,
824 2403 865 2434 ad
880 2404 935 2442 jus
955 2405 986 2433 et
1006 2402 1245 2442 proprietatem

240 2460 360 2490 domus
375 2459 525 2497 ejusdem
543 2458 680 2488 studeas
699 2458 848 2497 legitime
873 2465 1041 2493 revocare,
1061 2456 1242 2486 contradic-

240 2515 330 2543 tores
348 2530 395 2543 —.
414 2513 532 2543 Testes
552 2530 601 2540 -.
621 2512 745 2542 Datum
769 2510 924 2545 Viterbii,
946 2509 1043 2540 nonis
1060 2509 1148 2548 julii,
1168 2517 1247 2548 pon-

241 2566 387 2596 tificatus
402 2566 509 2596 nostri
534 2573 622 2595 anno
644 2565 765 2603 primo.
790 2574 804 2594 n
832 2563 935 2601 (Bulle
959 2568 1080 2593 retenue
1105 2573 1164 2602 par
1190 2573 1246 2592 une

243 2619 330 2649 corde
346 2618 381 2649 de
397 2619 551 2655 chancre.)

330 2791 428 2822 2919
795 2788 921 2821 viterbo,
940 2788 970 2815 lt)
982 2787 1076 2823 juillet
1097 2788 1173 2814 1262.

280 2874 380 2900 Abbati
399 2875 425 2900 ct
443 2872 594 2900 conventui
613 2872 780 2900 monasterii
804 2882 826 2900 s.
846 2872 963 2907 Benigni
990 2871 1181 2901 lfivioncnsis,
1204 2879 1248 2897 or·

244 2922 318 2949 dinis
341 2931 362 2949 s.
381 2922 535 2953 benedieti,
559 2921 747 2956 Lingouensis
766 2921 898 2951 diocesis,
916 2920 1042 2955 indulget
1064 2923 1093 2947 nt
1112 2921 1148 2946 ad
1170 2919 1248 2946 solu-

245 2970 352 2998 tionem
369 2970 529 3005 aliquorum
548 2971 708 2998 debitorum
724 2969 858 3005 compelli
875 2969 995 2996 minime
1011 2968 1133 3002 valeant,
1147 2968 1200 2995 nisi
1214 2976 1247 2995 ea

1299 362 1326 389 in
1341 362 1495 390 utilitatem
1510 363 1638 398 ejusdem
1654 361 1823 389 monasterii
1839 369 1977 388 conversa
1993 360 2080 388 fuisse
2101 360 2229 396 legitime
2245 369 2307 395 pro-

1299 411 1429 438 baverint
1455 410 1621 438 creditores.
1650 412 1748 445 (Anca.
1770 418 1804 437 υε
1830 418 1866 436 LA
1890 409 2056 436 Corn-D'On.
2083 409 2165 436 fonds
2192 409 2310 436 &Bai-ni-

1299 468 1366 495 gnc‚
1381 469 1397 487 n
1414 461 1439 491 1,
1458 461 1497 495 1.)

1340 568 1355 587 «
1378 556 1516 587 Urbanus
1536 557 1709 596 episcopus,
1728 565 1830 585 servus
1847 565 2000 585 serrorum
2017 554 2083 590 Dei,
2102 554 2217 585 dilectis
2236 554 2311 593 filiis

1300 610 1404 640 abbati
1420 616 1447 640 ec
1473 610 1632 639 conventui
1652 609 1831 639 monasterii
1848 619 1872 638 s.
1888 608 2021 648 Beniynz'
2036 607 2244 645 Divionensis,
2261 618 2310 637 or-

1300 664 1379 694 dinis
1399 674 1421 692 s.
1442 663 1610 699 Benedicti,
1629 662 1826 702 Linyonensis
1850 661 1986 698 diocesis,
2006 661 2132 690 salutem
2147 666 2175 691 et
2188 667 2308 700 aposlo-

1268 721 1270 750 ς
1301 718 1389 747 liram
1403 717 1650 747 benedictionem.
1671 715 1912 754 Indempnitati
1929 714 2126 745 monasterii
2140 714 2244 745 vestri
2261 731 2310 743 —.

1300 771 1424 802 Datum
1443 769 1602 807 viterbii,
1621 778 1652 800 vi
1675 769 1752 800 idus
1764 768 1853 808 julii,
1870 768 2086 808 pontificatus
2103 767 2209 798 nostri
2226 776 2312 798 anno

1302 832 1423 864 primo.
1443 833 1458 853 n

1392 984 1490 1016 2920
1863 981 1989 1011 Viterbe‚
2010 979 2144 1015 leuillet
2163 980 2240 1007 1202.

1339 1067 1477 1102 Episcopo
1499 1066 1732 1094 Claromontensi
1755 1067 1874 1093 mandat
1894 1074 1950 1092 non
1971 1066 2122 1100 permittat
2139 1064 2312 1100 magistrum

1301 1117 1329 1142 et
1353 1115 1458 1143 fratres
1480 1115 1631 1150 hospitalis
1659 1124 1682 1142 s.
1697 1115 1826 1147 Antonii,
1853 1115 2024 1142 Viennensis
2052 1113 2186 1146 diocesis,
2212 1116 2313 1140 contra

1301 1164 1411 1192 indulta
1433 1164 1649 1200 privilegiorum
1670 1164 1746 1191 sedis
1764 1163 1949 1198 apostolicae,
1972 1164 2007 1190 ab
2029 1163 2170 1197 aliquibus
2187 1162 2313 1189 indebite

1302 1213 1573 1249 molestari.(.›⁴tncn.
1594 1221 1629 1240 nu
1645 1213 1868 1244 Pur-rm-Donn,
1880 1213 1961 1240 fonds
1973 1212 2194 1239 Commanderie
2211 1220 2236 1239 s.
2257 1212 2313 1238 An-

1301 1263 1404 1298 toine.)

1343 1367 1360 1388 «
1380 1358 1519 1388 Urbanus
1540 1358 1708 1398 episcopus,
1735 1367 1838 1387 servus
1865 1367 2020 1387 servorum
2049 1356 2116 1393 Dei,
2148 1357 2314 1387 venerabili

1302 1411 1413 1450 fratri.
1427 1433 1433 1439 .
1449 1411 1590 1451 episcopo
1606 1409 1991 1446 Claromonlensi,salutem
2009 1415 2037 1439 el
2053 1409 2250 1450 apostolicam
2267 1409 2311 1440 be-

1304 1464 1515 1494 nediccionem.
1544 1463 1752 1494 Vaeantibus
1770 1463 1834 1494 sul)
1850 1463 2027 1502 religionis
2040 1462 2157 1494 habitu
2174 1463 2228 1502 pie
2245 1463 2313 1493 vite

1304 1518 1428 1548 studiis
1447 1517 1496 1548 sic
1514 1517 1677 1548 debemus
1696 1525 1770 1548 esse
1795 1517 1934 1556 propitii
1957 1518 1994 1548 ut
2012 1516 2047 1546 in
2066 1516 2194 1547 divinis
2213 1516 2314 1547 bene—

1304 1571 1438 1610 placitis
1464 1571 1672 1610 exequendis
1698 1579 1763 1601 non
1791 1570 1924 1609 possint
1939 1569 2165 1609 malignorum
2181 1577 2315 1609 perver-

1304 1624 1462 1655 sitatibus
1480 1624 1649 1662 impediri.
1669 1624 1753 1654 Cum
1773 1623 1878 1662 igitur
1896 1623 2009 1653 dilecti
2027 1622 2089 1652 filii
2105 1647 2110 1652 .
2126 1646 2132 1651 .
2152 1622 2315 1662 magister

1304 1679 1336 1708 et
1360 1678 1482 1708 fratres
1504 1677 1685 1716 hospitalis
1704 1686 1731 1707 S.
1748 1676 1889 1708 Antonii
1909 1676 2115 1707 Viennensis
2132 1676 2278 1706 diocesis
2296 1684 2315 1706 a

1304 1731 1490 1767 nonnullis,
1517 1731 1603 1761 sieut
1628 1732 1796 1767 asserunt,
1824 1729 1882 1769 qui
1903 1738 2024 1760 nomen
2044 1729 2182 1760 Domini
2199 1729 2233 1759 in
2261 1738 2314 1760 va-

1304 1794 1403 1816 cuum
1424 1784 1572 1823 recipere
1602 1792 1667 1814 non
1688 1783 1882 1819 formidant,
1904 1782 2080 1813 molestias
2107 1782 2314 1822 multiplices

1304 1839 1487 1878 patiantur,
1513 1846 1573 1867 nos
1593 1838 1624 1868 et
1641 1837 1837 1867 eorumdem
1855 1836 2010 1876 magistri
2029 1838 2061 1867 et
2082 1835 2223 1866 fratrum
2240 1845 2315 1876 pro-

1304 1892 1419 1922 videre
1436 1891 1540 1930 quieti
1568 1892 1599 1921 et
1621 1890 1742 1920 talium
1771 1889 1947 1920 conatibus
1967 1889 2130 1929 refragari
2148 1889 2312 1926 volentes,

1305 1944 1510 1975 fraternitati
1543 1945 1598 1974 tue
1640 1952 1699 1983 per
1736 1943 1923 1982 apostoliea
1952 1943 2077 1982 scripta
2114 1943 2313 1973 mandamns

1305 1998 1465 2037 quatinus
1481 1997 1609 2028 eisdem
1632 1997 1795 2035 magistro
1815 1998 1847 2027 et
1865 1996 2027 2027 fratribus
2043 1996 2225 2027 efficaciter
2241 2004 2314 2035 pre-

1306 2051 1393 2081 sidio
1410 2050 1619 2081 defensionis
1645 2050 1822 2083 assistens,
1844 2058 1909 2080 non
1927 2049 2106 2088 permittas
2125 2057 2182 2079 eos
2199 2051 2314 2079 contra

1272 2116 1274 2128 ·
1307 2104 1437 2134 indulta
1465 2103 1719 2142 privilegiorum
1749 2103 1840 2134 sedis
1862 2102 2045 2142 apostolice
2072 2101 2112 2132 ab
2142 2101 2314 2141 aliquibus

1306 2157 1454 2187 indebite
1470 2157 1656 2187 molestari.
1677 2156 1912 2186 Molestatores
1929 2173 1979 2189 —,
1999 2154 2215 2194 presentibus
2238 2158 2314 2194 post

1305 2210 1489 2241 triennium
1513 2210 1652 2240 minime
1680 2209 1848 2240 valituris.
1865 2209 1988 2239 Datum
2015 2207 2173 2245 viterbii,
2188 2217 2220 2238 vi
2238 2209 2314 2239 idus

1303 2263 1390 2302 julii,
1409 2263 1623 2302 pontificatus
1642 2263 1747 2293 nostri
1766 2271 1852 2293 anno
1869 2263 1990 2301 primo.
2013 2272 2026 2289 ι»

1396 2424 1488 2455 292¹
1866 2421 1991 2448 Vilcrlm.
2013 2422 2042 2449 10
2056 2421 2151 2457 juillet
2167 2421 2244 2449 1262.

1342 2507 1473 2534 Decernit
1499 2507 1573 2541 quod
1602 2514 1651 2541 per
1678 2506 1789 2533 litteras
1813 2506 1980 2541 imperatori
1999 2506 2314 2541 Constantinopolitano

1306 2564 1322 2583 a
1338 2556 1404 2583 sede
1428 2555 1585 2590 apostolica
1600 2563 1750 2582 concessas
1772 2556 1883 2582 nullum
1901 2557 1995 2590 potest
2011 2555 2152 2590 magistro
2173 2558 2201 2582 et
2220 2555 2316 2583 fratri—

1307 2605 1357 2632 bus
1379 2604 1496 2632 Militiae
1526 2605 1636 2638 'l'cnipli
1669 2604 1903 2639 Jvrosolyinitani
1933 2603 2140 2640 praejudicium
2168 2604 2314 2640 generari.

1308 2655 1403 2688 (Anca.
1416 2653 1487 2680 Nu.
1506 2661 1520 2679 ι.
1538 2654 1601 2687 254,
1619 2658 1648 2679 n⁰
1665 2653 1723 2687 44.)

1347 2761 1362 2780 (ι
1383 2749 1694 2789 Πνὸαηιιευρὶεεοριιε,
1705 2759 1807 2779 servus
1823 2759 1975 2779 serrorum
1992 2749 2058 2785 Dei,
2073 2748 2190 2778 dilectis
2205 2747 2295 2787 filiis.
2306 2771 2312 2777 .

1274 2793 1276 2819 3
1306 2804 1450 2843 maqislro
1461 2809 1487 2833 el
1502 2803 1653 2842 frutribus
1670 2803 1780 2833 ,llilitie
1798 2801 1912 2842 Templi
1926 2801 2177 2838 jerosolimitani,
2187 2801 2315 2832 salutem

1307 2862 1334 2887 et
1358 2856 1556 2897 apostolicam
1576 2855 1819 2886 benedictionem.
1835 2855 2034 2886 Devotionis
2056 2856 2168 2886 vestre
2194 2855 2315 2886 meri’a

1306 2928 1355 2940 -.
1374 2910 1460 2940 Hinc
1481 2911 1532 2940 est
1551 2910 1650 2949 quod,
1669 2918 1743 2940 cnm
1767 2918 1828 2940 nos
1846 2908 2024 2940 carissimo
2041 2908 2075 2938 in
2095 2907 2227 2939 Clu-isto
2244 2908 2314 2939 filio

1308 2965 1467 2994 nostro..
1493 2962 1618 2994 illustri
1642 2962 1836 3002 imperatori
1856 2961 2243 3000 Constantinopolitano,
2267 2961 2313 2991 di·
