2519 3262
232 237 290 267 280

232 323 342 354 dictus
367 323 547 361 episcopus
569 319 599 350 ei
626 319 666 349 de
684 318 854 358 prebenda
882 318 915 348 in
937 317 1066 357 prefata
1084 316 1238 352 ecclesia,

231 385 307 408 cum
327 375 518 406 facultatem
546 372 711 408 habuerit,
731 371 918 410 neglexerit
937 370 1125 409 providere,
1151 369 1240 399 dicto

232 429 334 460 Petro
348 429 388 459 de
405 426 575 466 prebenda
597 426 681 456 nulli
703 425 762 455 alii
780 424 909 463 dejure
928 424 1052 460 debita,
1072 423 1100 453 si
1119 423 1152 452 in
1169 431 1241 461 pre-

234 482 337 513 libata
357 481 499 511 ecclesia
514 481 608 509 vacat
626 479 665 509 ad
684 486 823 517 presens
842 477 894 508 vel
909 485 1010 516 quam
1028 477 1176 516 primum
1200 475 1241 505 ad

234 535 265 564 id
283 534 442 565 obtulerit
459 542 495 563 se
521 532 676 568 facultas,
695 540 754 570 per
773 539 833 561 vos
853 531 905 561 vel
933 539 991 569 per
1016 530 1102 560 alios
1134 529 1243 568 provi-

233 588 311 618 dere
339 587 475 617 curetis.
513 585 787 616 Contradictores
818 603 866 614 —.
901 583 976 614 Non
1005 583 1158 613 obstante
1191 600 1239 611 —.

233 640 328 676 Quod
353 640 381 670 si
405 648 469 670 non
491 647 608 669 omnes
628 656 674 669 —.
697 638 821 668 Datum
840 637 929 676 apud
950 636 1240 673 Urbemveterem,

236 703 258 723 11
273 694 349 724 idus
368 693 500 732 aprilis,
518 700 605 723 anno
623 691 734 722 tertio.
755 700 772 720 »

325 871 421 902 1785
822 867 948 901 Orvieto,
965 868 1000 895 23
1017 866 1075 894 mai
1094 866 1170 894 1204.

271 954 478 981 Archidiacono
504 953 617 980 Mensae
638 953 666 979 in
686 951 807 980 ecclesia
832 951 1047 986 Pampilonensi
1077 951 1195 978 mandat
1215 952 1245 977 ut

236 1003 402 1032 Eximinum
420 1001 554 1034 Eximini,
573 1001 779 1036 portionarium
793 1001 980 1029 ecclesiarum
1004 1001 1149 1028 unitarum
1165 999 1246 1027 Cala·

237 1052 387 1088 guritanae
403 1053 431 1078 et
447 1051 648 1082 Calciaccnsis‚
663 1051 692 1077 in
702 1050 811 1078 eisdem
826 1050 963 1081 ecclesiis,
976 1050 1132 1077 dummodo
1150 1057 1246 1084 perso-

236 1102 340 1130 naliter
361 1100 485 1127 residere
519 1100 598 1131 velit,
618 1100 735 1126 obtentu
765 1099 958 1127 archidiaconi
986 1098 1191 1134 Calaguritani,
1217 1097 1246 1124 in

236 1151 417 1181 canonicum,
428 1158 495 1177 cum
512 1149 674 1184 praebenda
690 1149 808 1175 vacante
823 1155 872 1174 seu
887 1149 1032 1178 vacatura,
1044 1146 1131 1181 recipi
1150 1146 1245 1178 saciat,

238 1201 318 1236 (Rae.
333 1201 377 1232 29,
393 1199 440 1226 fol.
457 1199 508 1226 r182
526 1202 565 1229 v⁰,
585 1202 616 1224 n⁰
631 1197 709 1232 835.)

280 1317 297 1338 «
314 1306 540 1337 Archidiacono
560 1305 660 1336 Mense
676 1306 706 1335 in
730 1304 854 1335 ecclesia
872 1304 1115 1344 Pampilonensi.
1137 1303 1244 1334 Dilec-

238 1363 312 1392 tum
332 1360 440 1390 filium
462 1360 658 1390 Eximinum
689 1376 739 1388 -.
757 1359 882 1390 Datum
910 1358 998 1397 apud
1029 1357 1248 1389 Urbemvete-

239 1422 324 1448 rem,
343 1422 365 1443 x
382 1413 545 1443 kalendas
559 1412 658 1450 Junii,
677 1420 764 1442 anno
780 1411 892 1443 tertio.
913 1422 927 1440 »

330 1592 426 1623 1786

832 1589 957 1622 Orvicto,
974 1590 1007 1616 22
1019 1588 1081 1624 juin
1100 1588 1176 1616 1204.

276 1676 414 1710 Episcopo
435 1678 461 1701 ct
489 1674 613 1709 capitulo
637 1674 848 1701 Lodovensibus
874 1674 991 1701 mandat
1019 1677 1045 1700 ut
1066 1673 1250 1700 Guillclmum

240 1725 275 1751 «le
296 1725 408 1755 Pereto,
428 1724 563 1750 clericum
587 1723 683 1750 fratris
710 1722 866 1750 Ronccllini
892 1724 926 1749 dc
950 1723 1016 1754 Fos‚
1043 1722 1176 1757 magistri
1203 1723 1251 1749 do-

243 1781 357 1800 morum
378 1773 495 1799 Militiae
514 1772 622 1807 'l‘cmpli
647 1773 675 1799 in
688 1772 848 1803 Provincia,
870 1771 1099 1798 consideratione
1122 1772 1251 1807 ejusdem

243 1821 399 1849 Roncellini
415 1825 439 1849 et
460 1822 574 1848 obtentu
596 1822 693 1848 fratris
714 1821 851 1852 Gausridi,
871 1821 1034 1848 marescalli
1049 1821 1211 1856 apostolici,
1225 1821 1252 1848 in

243 1872 413 1899 canonicum
433 1871 583 1906 recipiant.
598 1871 731 1906 (Hectit),
745 1870 792 1897 sol.
814 1871 874 1904 183,
895 1876 926 1897 ΠΟ
946 1871 1020 1905 830.)

284 1987 300 2007 «
323 1977 481 2017 Episcopo
500 1981 526 2006 el
555 1976 673 2006 dilectis
695 1976 768 2016 filiis
786 1975 922 2016 capitulo
944 1976 1176 2005 Lodovensibus.
1198 1977 1252 2007 Di-

244 2031 332 2061 lecto
351 2031 420 2060 lilio
438 2030 620 2061 Guillelmo
638 2049 686 2060 —.
710 2030 834 2060 Datum
851 2029 939 2068 apud
963 2029 1252 2066 Urbeinveterem,

245 2093 267 2114 x
282 2084 444 2114 kalendas
459 2083 549 2122 julii,
569 2092 655 2114 anno
669 2084 778 2114 tertio.
800 2093 814 2111 n

336 2268 350 2297 1
361 2267 432 2297 787

835 2265 958 2295 Orvieto,
977 2266 1011 2292 22
1027 2264 1089 2299 juin
1109 2266 1183 2293 12111.

284 2350 427 2377 Bonil'acio
441 2351 475 2377 ‹lc
493 2351 648 2381 Coconato,
666 2350 769 2377 clerico
786 2350 969 2381 Verzcllensi,
987 2351 1081 2385 nepoti
1103 2351 1145 2384 U.‚
1163 2360 1176 2378 s
1193 2353 1259 2378 Eus-

248 2399 334 2426 tachii
353 2399 466 2426 diaconi
484 2399 649 2430 cardinalis,
666 2399 878 2430 canonicatum,
900 2400 1092 2434 praebendam
1109 2403 1138 2427 et
1161 2401 1258 2428 onmia

248 2447 459 2483 praestimonia
478 2448 607 2475 vacantia
621 2456 671 2483 pcr
697 2450 821 2475 mortem
838 2448 957 2482 Alberti,
978 2449 1105 2484 ejusdcm
1128 2450 1258 2477 cardina-

248 2497 283 2524 lis
304 2497 427 2532 nepotis,
445 2497 564 2524 confert.
584 2498 664 2532 (nm.
680 2498 725 2531 29,
742 2497 789 2524 sol.
807 2497 866 2529 183,
883 2502 915 2524 11ο
925 2498 1000 2533 837.)

290 2614 307 2634 «
330 2604 493 2643 Bonisacio
510 2603 545 2633 dc
567 2604 733 2641 coronato,
752 2603 858 2634 clerico
881 2604 1072 2642 ism-zellensi,
1094 2605 1198 2644 nepoti
1214 2604 1260 2635 de·-

251 2656 324 2686 Ieclt'
345 2656 404 2696 filii
426 2656 522 2686 nostri
543 2655 593 2692 0,,
623 2657 721 2686 sancei
736 2656 900 2686 Eustachii
925 2657 1048 2688 diaconi
1077 2657 1258 2688 cardinalis.

251 2709 399 2741 Grandis
412 2709 550 2740 affectus
565 2718 664 2748 quem
688 2710 729 2740 ad
747 2719 927 2749 personam
943 2710 1058 2741 dilecti
1073 2710 1134 2740 tilii
1153 2712 1260 2742 nostri

252 2763 306 2800 U.‚
333 2763 438 2792 sancti
459 2763 631 2793 Eustachii
650 2763 781 2794 diaconi
801 2764 995 2800 cardinalis,
1013 2764 1175 2803 gerimus,
1201 2774 1261 2796 nos

252 2816 382 2846 inducit
398 2817 433 2846 ut
449 2816 489 2846 ad
505 2825 595 2852 suos,
612 2816 684 2855 ejus
701 2817 837 2853 intuitu,
855 2817 1037 2856 apostolice
1054 2818 1261 2856 provisionis

253 2870 396 2908 gratiam
421 2870 653 2900 extendamus.
673 2870 759 2900 Sane
781 2870 978 2900 vacantibus
997 2870 1079 2901 olim
1102 2871 1135 2900 in
1159 2871 1262 2902 eccle-

253 2922 305 2952 sia
318 2922 481 2953 Toletana
494 2931 552 2961 per
562 2923 808 2961 promotionem
826 2923 1030 2954 venerabilis
1050 2923 1164 2954 fratris
1183 2933 1257 2955 nos-

982 230 1225 262 REGISTRES
1251 228 1468 260 D’URBAIN
1496 229 1552 260 lv.

1297 314 1341 345 tri
1356 314 1505 351 Viviani,
1520 313 1750 353 Calaguritani
1769 316 1801 345 et
1818 314 2046 345 Calciacensis
2062 315 2214 354 episcopi
2229 318 2308 346 tunc

1296 367 1406 403 electi,
1439 367 1713 398 archidiaconatu
1743 368 2059 407 Gualdafagerensi,
2095 368 2307 404 canonicatu,

1296 421 1466 460 prebenda
1481 423 1512 451 et
1529 421 1764 459 prestimoniis
1784 429 1848 460 que
1872 421 1960 452 idem
1987 421 2168 460 episcopus
2185 421 2218 451 in
2237 422 2310 460 ipsa

1296 474 1450 510 ecclesia,
1467 474 1692 512 promotionis
1707 483 1766 504 sue
1784 476 1948 513 tempore,
1966 473 2151 508 obtinebat,
2166 474 2310 505 dilectus

1296 528 1389 558 tilius
1411 530 1526 558 noster
1552 530 1603 561 A„
1624 527 1711 558 tituli
1731 529 1845 557 sancte
1866 527 2033 558 Praxedis
2054 527 2224 567 presbiter
2243 537 2310 558 car-

1297 581 1435 617 dinalis,
1462 581 1662 611 auctoritate
1691 582 1807 611 nostra
1836 581 1902 611 sibi
1923 590 1941 611 a
1964 580 2062 611 nobis
2079 581 2215 612 oraculo
2234 582 2309 611 vive

1298 634 1390 665 vocis
1408 634 1443 664 in
1468 634 1529 664 hac
1547 636 1641 672 parte
1664 634 1860 671 commissa,
1894 634 2140 670 canonicatum,
2171 634 2306 673 preben-

1297 688 1375 718 dam
1397 689 1429 718 et
1446 687 1560 718 omnia
1575 687 1800 726 prestiinonia
1815 687 1978 726 predicta,
1993 696 2070 718 cum
2090 687 2249 718 omnibus
2261 688 2309 725 ju-

1298 741 1394 772 ribus
1426 742 1459 771 et
1477 741 1694 779 pertinentiis
1717 741 1802 776 suis,
1831 741 2000 779 quondam
2030 740 2170 772 Alberto
2200 742 2311 779 nepoti

1298 794 1450 834 eJusdem
1472 794 1511 825 U.
1536 793 1733 830 cardinalis,
1754 794 1926 833 preposito
1949 794 2095 824 &Valteri
2120 793 2311 832 papiensis,

1299 856 1401 886 super
1417 848 1514 886 cujus
1528 847 1720 886 receptione
1733 856 1770 877 ac
1784 847 1980 885 provisione
1997 848 2030 877 in
2040 847 2157 878 eadem
2170 846 2313 878 ecclesia

1300 901 1342 932 ad
1360 903 1470 931 certos
1482 902 1681 931 executores
1696 901 1931 930 direxeramus
1950 901 2076 939 scripta
2094 902 2222 936 nostra,
2240 908 2314 930 con-

1300 954 1378 986 tulit
1399 954 1533 992 sibique
1550 954 1698 993 providit
1717 954 1757 984 de
1773 954 1844 984 illis
1863 956 1896 984 et
1913 954 2075 985 dilectum
2094 953 2202 984 filium
2217 954 2314 984 Jaco-

1301 1007 1382 1038 bum
1396 1007 1436 1038 de
1453 1007 1626 1046 Tonengo,
1641 1007 1856 1046 capellanum
1871 1009 2038 1043 nostrum,
2055 1007 2095 1037 de
2113 1007 2210 1046 ipsis,
2227 1007 2313 1046 ejus-

1302 1061 1378 1092 dem
1405 1060 1537 1092 Alberti
1566 1061 1714 1096 nomine,
1736 1069 1796 1100 per
1825 1069 1925 1090 suum
1954 1061 2094 1090 anulum
2124 1059 2312 1095 investivit,

1302 1114 1511 1145 decernendo
1536 1114 1673 1144 irritum
1691 1116 1723 1144 et
1748 1114 1847 1144 inane
1870 1114 1899 1144 si
1921 1122 2018 1144 secus
2039 1114 2079 1144 de
2096 1114 2168 1144 illis
2187 1113 2316 1143 contin-

1302 1169 1395 1207 geret
1418 1167 1624 1205 attemptari,
1649 1175 1779 1206 nosque
1801 1167 1889 1206 quod
1917 1176 2019 1206 super
2041 1167 2102 1197 hoc
2127 1166 2168 1197 ab
2197 1166 2315 1196 eodem

1303 1222 1342 1252 A.
1369 1220 1534 1251 cardinali
1560 1220 1685 1251 sactum
1702 1221 1826 1255 extitit,
1849 1222 1959 1250 ratum
1980 1223 2010 1251 et
2036 1220 2170 1250 firmum
2194 1219 2318 1250 haben-

1305 1276 1365 1310 tes,
1384 1274 1417 1304 id
1435 1274 1634 1305 auctoritate
1653 1274 1839 1312 apostolica
1854 1274 2017 1304 duximus
2035 1273 2316 1307 confirmandum,

1303 1327 1414 1358 eidem
1437 1326 1577 1357 Albcrto
1604 1327 1706 1357 certis
1722 1335 1824 1365 super
1841 1327 1902 1357 hoc
1922 1326 2162 1357 executoribus
2180 1326 2319 1365 deputa-

1304 1381 1360 1411 tis.
1379 1380 1476 1416 Sane,
1496 1379 1583 1410 sicut
1600 1380 1803 1418 accepimus,
1823 1380 1912 1410 idem
1930 1379 2091 1410 Albertus
2112 1380 2182 1419 qui,
2200 1388 2318 1419 procu-

1304 1433 1430 1464 ratorio
1448 1433 1584 1464 nomine
1602 1442 1675 1469 suo,
1694 1433 1735 1463 ad
1751 1433 1937 1472 predictam
1953 1433 2160 1472 prebendam
2177 1433 2210 1463 in
2229 1433 2319 1463 dicta

1305 1487 1449 1518 ecclesia
1466 1488 1621 1525 receptus
1639 1489 1710 1517 erat
1727 1487 1760 1517 in
1777 1487 1976 1517 canonicum
1994 1488 2026 1517 et
2042 1487 2076 1517 in
2092 1486 2244 1522 fratrem,
2259 1495 2317 1516 nu-

1305 1550 1364 1580 per
1382 1541 1470 1579 apud
1484 1540 1655 1570 civitatem
1672 1541 1854 1570 Astensem
1872 1540 1961 1570 diem
1980 1540 2103 1570 clausit
2116 1542 2318 1570 extremum.

1305 1595 1375 1625 Nos
1399 1594 1524 1632 itaque,
1552 1593 1695 1632 gratiam
1717 1602 1818 1632 quam
1841 1593 1992 1632 predicto
2019 1594 2074 1629 U.‚
2096 1593 2258 1623 cardinali
2284 1592 2319 1622 in

1306 1656 1450 1686 persona
1474 1647 1584 1685 ipsius
1606 1646 1737 1676 Alberti
1759 1647 1914 1680 fecimus,
1942 1655 1983 1676 ne
2000 1647 2110 1677 dictus
2134 1646 2319 1677 cardinalis

1306 1700 1407 1739 hujus
1425 1700 1532 1739 gratie
1556 1700 1738 1730 frustretur
1759 1700 1889 1735 effectu,
1909 1700 1944 1730 in
1961 1702 1992 1730 te
2005 1699 2190 1730 transferre
2209 1699 2320 1729 volen-

1307 1756 1370 1790 tes,
1400 1753 1646 1787 canonicatum,
1675 1753 1879 1792 prebendam
1904 1755 1936 1783 et
1963 1753 2076 1783 onmia
2097 1752 2321 1792 prestimonia

1308 1806 1471 1845 predicta,
1500 1815 1574 1836 cum
1602 1806 1760 1836 omnibus
1783 1805 1918 1845 juribus
1938 1808 1970 1836 et
1998 1805 2216 1844 pertinentiis
2236 1805 2320 1840 suis,

1309 1860 1462 1890 vacantia
1482 1868 1541 1898 per
1559 1859 1640 1889 dieti
1659 1859 1789 1890 Alberti
1809 1859 1951 1893 obitum,
1977 1859 2040 1889 tibi
2065 1859 2274 1890 conferimus
2290 1860 2323 1888 et

1309 1913 1527 1952 providemus
1547 1913 1586 1942 de
1612 1912 1695 1947 illis,
1716 1913 1877 1942 dilectum
1896 1912 2003 1942 tilium
2021 1912 2196 1947 Jacobum,
2217 1911 2323 1941 archi-

1310 1966 1539 2004 presbiterum
1553 1966 1789 2000 Vulteranum,
1805 1966 2028 1996 investientes
2045 1967 2102 1995 tuo
2114 1965 2249 1995 nomine
2266 1973 2324 2003 per

1311 2021 1464 2049 nostrum
1484 2019 1623 2048 anulum
1639 2019 1678 2049 do
1697 2019 1836 2052 eisdem,
1851 2028 1887 2048 ac
1902 2019 2121 2049 decernentes
2138 2018 2271 2048 irritum
2291 2020 2325 2047 et

1312 2073 1411 2102 inane
1436 2072 1464 2101 si
1483 2080 1580 2101 secus
1606 2072 1646 2101 tle
1667 2072 1747 2104 11115,
1769 2080 1967 2110 quacunque
1991 2071 2323 2102 auctoritate‚c011ti-

1312 2125 1397 2164 gerit
1415 2124 1620 2163 attemptari,
1647 2133 1713 2154 non
1737 2124 1889 2155 obstante
1916 2125 1944 2154 si
1971 2133 2031 2163 pro
2048 2124 2138 2160 aliis,
2156 2133 2217 2154 seu
2236 2123 2325 2163 quod

1313 2178 1398 2208 alias
1428 2177 1648 2208 beneficiatus
1667 2178 1789 2208 existis
1812 2196 1860 2208 -—.
1880 2178 1974 2208 Nulli
1993 2186 2071 2216 ergo
2089 2179 2204 2208 nostre
2227 2177 2325 2208 colla-

1313 2231 1429 2267 tionis,
1451 2231 1668 2269 provisionis,
1692 2231 1893 2262 investiture
1917 2233 1948 2261 et
1974 2231 2099 2262 decreti
2122 2248 2172 2260 —.
2201 2231 2325 2261 Datum

1314 2285 1401 2323 apud
1426 2284 1714 2318 Urbemveterffln,
1735 2294 1755 2314 x
1776 2285 1938 2315 kalendas
1959 2285 2049 2324 julii,
2068 2292 2155 2314 anno
2178 2285 2290 2314 tertio.
2311 2294 2326 2313 ›>

1407 2452 1502 2483 1788

1909 2451 2034 2483 Orvieto,
2050 2452 2083 2477 22
2096 2450 2158 2486 juin
2181 2450 2256 2477 1264.

1351 2534 1505 2562 Martinum
1535 2535 1683 2567 Johannis,
1701 2535 1936 2562 archidiaconum
1969 2536 2003 2562 de
2034 2536 2120 2570 Ccya,
2146 2535 2327 2569 capellanum

1315 2584 1504 2618 apostolicum
1520 2586 1547 2611 ct
1562 2587 1711 2611 cantorem
1725 2584 1862 2611 ecclcsiae
1881 2584 2078 2618 Legionensis,
2095 2584 2257 2618 praedictae
2270 2582 2328 2610 col·

1316 2633 1432 2660 lationis
1448 2634 1564 2668 deputat
1584 2635 1758 2660 executores.
1775 2634 1853 2668 (uso.
1872 2634 1916 2665 20,
1935 2633 1985 2660 t‘ol.
2005 2633 2063 2661 183,
2080 2637 2111 2659 n⁰
2130 2632 2203 2666 838.)

1358 2751 1372 2771 «
1389 2741 1524 2771 Martino
1553 2741 1715 2777 Johannis,
1738 2740 1956 2770 archidiacono
1978 2740 2014 2770 dc
2043 2739 2135 2780 Ccya,
2168 2739 2328 2779 capellano

1525 2795 1644 2823 cantori
1660 2794 1781 2824 ecclesie
1796 2794 2001 2833 Leyionc‘nsis.
2018 2793 2172 2824 Grandes
2189 2793 2329 2823 affectus

1319 2850 1380 2877 616.
1397 2866 1444 2878 -.
1466 2848 1590 2878 Datum
1608 2848 1696 2886 apud
1711 2847 2002 2882 Urbemveterem,
2021 2855 2041 2876 x
2061 2846 2224 2877 kalendas
2237 2845 2327 2884 julii,

1320 2909 1406 2931 anno
1424 2900 1536 2931 terlio.
1558 2910 1573 2929 1»

1318 2800 1418 2824 nostro
1435 2800 1460 2824 et
1476 2819 1481 2824 .
1499 2818 1504 2823 .
