2519 3262
1093 297 1347 328 APPENDICE
1371 298 1395 326 I.
2243 307 2280 336 49

200 392 288 426 ritis,
315 393 395 423 dum
418 393 604 424 novissime
629 394 804 427 veneritis,
831 393 935 423 nichil
962 393 995 422 in
1019 392 1112 422 vasis
1136 401 1211 431 por-

197 447 306 476 tantes
328 448 442 485 preter
464 447 728 486 ingratitudines
752 448 784 477 et
809 447 968 482 offensas,
998 446 1096 476 venie
1109 445 1212 484 janua

199 498 296 529 vobis
319 499 446 537 clausa,
468 508 527 530 vos
546 500 599 530 vel
618 501 780 539 tanquam
795 499 985 538 incognitos
1003 508 1079 528 cum
1096 498 1210 534 fatuis,

200 553 289 591 quod
315 552 415 589 absit,
437 553 639 592 virginibus,
663 553 833 592 contingat
858 552 997 582 omnino
1023 551 1142 590 repelli
1159 551 1212 581 vel

200 605 321 636 saltem
340 606 437 636 vobis
455 606 628 638 difficilior
652 607 709 636 vix
732 606 869 637 tandein
898 605 1065 644 pandatur
1084 604 1211 643 ingres-

201 668 272 689 sus.
294 670 308 688 ))

291 824 362 854 283
372 824 389 855 4

236 915 440 949 Margarctam,
454 914 585 949 reginam
598 915 787 947 Francorum,
802 913 936 940 hortatur
949 915 977 939 ut
987 921 1069 939 suum
1082 912 1211 939 animum

201 972 265 991 cum
292 965 404 998 Carolo,
425 964 530 991 comite
547 963 725 994 Provinciae,
742 970 880 997 germano
896 970 957 993 suo,
972 963 1005 988 ad
1028 963 1211 988 concordiam

202 1016 229 1040 ct
244 1012 483 1048 paccininclinet.
496 1013 663 1045 (Bonnffirx
674 1012 723 1038 761
737 1011 934 1045 n⁰205;.tncu.
950 1011 1048 1037 Varie.
1059 1011 1126 1038 Bac.
1137 1012 1170 1038 29
1182 1019 1210 1041 A,

203 1067 234 1088 n⁰
250 1062 320 1095 130;
337 1063 455 1088 VALLIG.
483 1069 497 1087 c
513 1061 558 1093 49,
585 1065 616 1087 n0
632 1061 680 1094 153
700 1061 779 1086 er.
806 1060 905 1086 Varie.
924 1060 995 1087 6735
1012 1064 1043 1086 n⁰
1059 1060 1112 1093 34;
1133 1060 1210 1086 Bim..

202 1111 274 1138 Nm.
288 1111 369 1144 4311,
387 1115 419 1137 n⁰
429 1110 478 1143 433
496 1110 644 1136 PorruAsr
663 1109 772 1144 19021.)

242 1216 257 1235 i(
277 1206 390 1245 Reqz'ne
410 1205 598 1235 Francorum
612 1204 739 1235 illustri.
756 1205 841 1236 Cum
861 1205 969 1235 simus
985 1205 1115 1243 pacifici
1132 1222 1181 1233 —.
1198 1214 1213 1233 »

291 1374 390 1404 2835

237 1465 425 1500 Ludovicum,
456 1473 555 1501 regem
582 1466 768 1499 Francorum,
787 1466 920 1493 hortatur
946 1469 975 1493 ut
1003 1466 1214 1493 auxiliatricem

203 1523 323 1542 manum
340 1523 422 1542 suam
439 1515 573 1542 extendat
598 1515 633 1542 ad
651 1516 859 1550 praestandum
877 1516 980 1542 Terrae
996 1516 1116 1542 Sanctae
1132 1515 1214 1542 auxi·

201 1564 290 1591 lium.
307 1565 471 1596 (Boanmcx
488 1564 550 1597 Tol,
571 1569 602 1590 n⁰
616 1564 780 1595 2443Affl111.
802 1565 903 1591 Vnae.
920 1565 985 1591 ΒΕΓ..
1003 1566 1037 1592 :29
1054 1574 1082 1596 A,
1099 1570 1130 1591 n⁰
1146 1565 1213 1598 260;

208 1614 326 1640 VALLm.
344 1622 358 1639 c
372 1613 452 1640 49110
465 1614 496 1645 93
514 1613 593 1639 Bissr.
614 1614 685 1640 Nar.
712 1615 782 1641 0735
800 1619 831 1640 n⁰
850 1615 902 1647 25;
930 1614 1008 1641 Buu„
1036 1615 1106 1642 Nn.
1133 1614 1214 1648 4311,

205 1668 236 1688 n⁰
257 1664 308 1693 33;
334 1663 410 1689 Blnt.
438 1662 537 1689 Varus.
560 1663 640 1695 3977,
664 1668 694 1688 n⁰
711 1663 770 1696 109,
788 1663 867 1690 Brut.
885 1663 956 1689 NAT.
978 1663 1074 1697 14173,
1095 1669 1127 1690 n⁰
1148 1664 1214 1695 107,-

204 1712 284 1738 er.
302 1711 374 1737 NAr.
390 1711 460 1739 4043
477 1717 507 1738 11⁸⁷
526 1712 577 1739 103
596 1721 601 1738 x
623 1711 769 1737 Porruixsr
786 1711 894 1747 18o24.)

247 1817 262 1837 «
296 1807 372 1847 Περί
392 1807 583 1838 Francorum
612 1807 737 1837 illustri.
766 1808 891 1838 Vocem
915 1809 1056 1839 terroris
1085 1809 1212 1839 audivi-

203 1870 278 1891 mus
296 1879 345 1892 ——.
367 1871 381 1889 >i

296 2021 394 2052 283ss

239 2114 378 2149 Episcopo
393 2114 561 2142 Belvaccnsi
573 2114 714 2150 significat
730 2123 759 2141 se
768 2115 921 2142 ecclesiam
936 2116 1136 2142 Belvacensem
1152 2123 1215 2151 gra-

203 2172 269 2190 vare
285 2172 341 2190 non
358 2164 516 2190 intendisse
530 2164 675 2191 nonnullis
688 2164 898 2199 provisionibus
910 2165 938 2191 in
954 2165 1054 2191 cadem
1071 2167 1098 2192 et
1113 2165 1215 2192 Gerbo-

202 2212 316 2239 radensi
342 2212 474 2240 ecclesiis
492 2213 665 2240 auctoritate
681 2213 839 2248 apostolica
857 2213 952 2241 sactis.
971 2214 1135 2247 (BounEAux
1152 2214 1214 2245 761,

202 2266 234 2287 n⁰
250 2262 319 2292 3155
333 2261 452 2288 varmo.
475 2270 488 2288 c
503 2262 548 2296 49,
563 2268 594 2288 n0
608 2262 679 2294 330;
697 2263 773 2289 131131„
791 2263 862 2289 NAT.
877 2262 988 2289 0735110
1002 2263 1060 2298 25.)

246 2365 261 2384 (ι
282 2355 440 2395 Episcopo
467 2355 655 2386 Beluacensz'.
675 2357 875 2387 Presentata
902 2357 999 2387 nobis
1025 2359 1083 2388 tua
1109 2367 1216 2397 nuper

202 2408 360 2447 epistola,
372 2417 436 2448 que
447 2409 508 2439 tibi
519 2410 692 2440 asserebat
705 2410 800 2440 illata
813 2410 968 2449 querelas
987 2411 1214 2450 ingeminans,

203 2462 238 2492 iu
256 2462 384 2501 grande
404 2462 488 2492 satis
509 2463 664 2501 quamvis
683 2472 742 2493 nec
767 2472 869 2493 causa
889 2464 1066 2494 suffultum
1086 2473 1146 2495 nec
1164 2474 1214 2496 ra-

203 2515 297 2546 tione
312 2515 481 2545 munitum
499 2524 652 2545 murmur
670 2515 870 2555 obstrepuit,
888 2525 929 2547 ex
944 2526 982 2547 eo
999 2518 1031 2548 te
1048 2518 1215 2557 repletum

203 2568 430 2598 amaritudine
444 2568 595 2598 referens
608 2570 638 2599 et
648 2571 825 2608 gravatum
837 2569 1012 2600 affirmans
1024 2571 1125 2610 quod,
1138 2571 1216 2602 licet

204 2622 238 2651 in
257 2621 456 2652 Belvaceusi
474 2621 590 2652 decem
607 2623 639 2652 et
657 2624 787 2660 septem
811 2623 845 2652 in
867 2623 1118 2655 Gerboradensi
1137 2634 1216 2656 vero

204 2675 371 2709 ecclesiis,
384 2675 417 2705 in
432 2674 556 2714 quibus
565 2675 813 2714 prebendarum
823 2676 959 2707 collatio
972 2677 1012 2707 ad
1026 2678 1057 2708 te
1073 2679 1214 2717 spectat,

204 2728 356 2767 quinque
370 2727 543 2758 obtineant
559 2728 743 2767 apostolice
757 2729 849 2759 sedis
861 2730 1060 2761 auctoritate
1078 2730 1220 2770 preben-

204 2781 276 2817 das,
296 2789 356 2811 nos
382 2782 495 2811 tamen
523 2781 753 2816 afflictionem,
779 2783 815 2812 ut
831 2782 899 2812 tuis
928 2782 1042 2813 verbis
1070 2785 1217 2821 utamur,

206 2834 369 2865 addentes
384 2834 521 2870 afflicto,
541 2834 662 2865 dilecto
677 2834 747 2865 filio
763 2835 896 2866 Matheo
910 2835 1043 2871 clerico,
1058 2845 1219 2876 germano

206 2888 334 2919 nobilis
353 2887 419 2917 viri
433 2887 597 2918 Johannis
616 2887 655 2918 de
673 2887 871 2927 Columpna,
886 2889 1089 2920 consobrino
1105 2890 1220 2921 dilecti

207 2928 270 2972 filii
288 2941 394 2972 nostri
411 2941 456 2975 J,‚
476 2949 502 2971 s.
523 2940 678 2971 Nicholai
698 2941 732 2971 in
749 2941 888 2972 Carcere
908 2942 1067 2973 Tulliano
1087 2943 1221 2973 diaconi

208 2994 406 3031 cardinalis,
417 2995 458 3024 de
470 2994 669 3024 canonicatu
681 2996 711 3025 et
723 2993 905 3033 prebenda,
920 2995 1101 3026 cardinalis
1111 2996 1221 3035 ipsius

1271 392 1419 428 obtentu,
1445 393 1589 422 (luidoni
1606 402 1684 423 vcro
1702 394 1741 423 de
1758 394 1928 432 (trebenna,
1953 397 2154 427 consobrino
2176 400 2279 429 caris-

1269 445 1354 475 sime
1371 445 1404 474 in
1416 445 1550 475 Christo
1567 446 1633 475 tilie
1649 449 1763 477 nostre
1782 471 1787 476 .
1810 449 1944 487 ‚regine
1960 450 2165 480 Francorum
2186 451 2278 481 illus-

1269 497 1342 531 tris,
1363 498 1402 527 ad
1423 498 1573 536 ejusdem
1598 500 1710 537 regine
1727 509 1855 538 preces,
1881 502 1913 531 in
1931 502 2061 540 prefata
2080 504 2276 534 Belvacensi

1268 549 1410 580 ecclesia
1437 551 1476 580 de
1497 551 1666 589 prebenda
1686 555 1715 582 et
1735 555 1917 591 personatu
1936 555 1988 585 vel
2005 555 2167 594 dignitate
2186 565 2279 586 man-

1268 603 1423 633 davimus
1434 604 1614 642 provideri.
1628 605 1722 636 Unde
1732 606 1868 644 petebas
1882 608 2048 638 instanter
2059 611 2089 639 ct
2101 610 2279 640 affectuose

1269 656 1410 694 rogabas
1428 659 1464 686 ut
1489 658 1521 687 te
1537 659 1594 687 tua
1618 658 1778 688 beneficia
1796 661 1951 698 personis
1969 662 2110 699 ydoneis
2128 663 2279 693 conferre

1269 709 1374 739 libere
1391 711 1594 748 pateremur.
1614 712 1711 747 Sane,
1730 712 1809 741 dum
1825 713 1915 743 subit
1928 714 2078 743 animum
2099 715 2154 745 ille
2174 715 2280 746 since-

1269 763 1381 792 ritatis
1398 763 1535 792 affectus
1551 772 1616 802 quo
1643 764 1684 794 ab
1702 765 1782 795 olim
1811 767 1970 804 specialis
1996 768 2143 798 amicitie
2167 768 2278 799 federe

1265 815 1491 854 jungebamur
1501 818 1532 846 et
1551 817 1944 855 diligenterattendimus
1960 822 2086 858 quanta
2103 823 2132 851 te
2145 830 2279 860 semper

1269 868 1433 898 fuerimus
1445 868 1679 899 benevolentia
1696 872 1876 909 prosecuti,
1895 873 2031 910 grandis
2046 874 2077 903 in
2094 873 2169 903 istis
2180 883 2281 904 causa

1269 921 1366 951 uobis
1394 922 1630 952 admiratiOnis
1657 923 1820 962 ingeritur
1836 926 1867 955 et
1888 925 2092 956 turbationis
2121 927 2278 965 quodam-

1268 975 1367 1004 modo
1387 975 1527 1005 materia
1540 976 1750 1014 propinatur.
1767 978 1851 1007 Cum
1869 979 1960 1008 enim
1975 980 2064 1009 certa
2082 979 2178 1009 nobis
2191 982 2281 1010 esset

1269 1028 1309 1058 de
1329 1028 1467 1067 antiqua
1490 1028 1721 1060 familiaritate
1741 1031 1863 1061 fiducia
1886 1032 1975 1070 quod
1999 1034 2035 1062 tu
2060 1033 2145 1062 alios
2165 1035 2281 1063 contra

1270 1090 1331 1111 nos
1351 1081 1602 1120 quomodolibet
1621 1085 1873 1114 murmurantes
1891 1085 2017 1116 intente
2037 1086 2281 1117 sollicitudinis

1271 1135 1383 1164 studio
1404 1135 1588 1173 reprimere
1605 1137 1787 1174 conareris,
1815 1138 1931 1168 mirari
1950 1139 2111 1169 nimirum
2127 1140 2280 1179 cogimur

1271 1188 1371 1226 quod,
1393 1190 1531 1227 propter
1553 1189 1768 1220 collationem
1795 1191 1900 1221 unius
1923 1191 2091 1230 prebende
2122 1193 2155 1222 in
2179 1201 2282 1224 causa

1271 1240 1441 1271 subditam
1460 1242 1707 1281 querimoniam
1722 1245 1922 1283 prorupisti.
1937 1245 2034 1276 Certe
2049 1255 2115 1276 non
2131 1246 2190 1276 hoc
2210 1255 2281 1285 pre-

1271 1294 1429 1324 tendebat
1461 1295 1610 1325 radicata
1643 1296 1732 1326 inter
1768 1306 1829 1327 nos
1861 1299 2026 1337 temporis
2057 1299 2281 1330 diuturnitate

1271 1347 1420 1384 dilecti0,
1442 1357 1508 1378 non
1530 1349 1564 1378 id
1585 1349 1805 1387 promittebat
1831 1351 2026 1390 idemptitas
2046 1352 2205 1388 nationiS,
2223 1352 2284 1382 sed

1271 1400 1386 1430 forsan
1406 1402 1496 1440 quod
1515 1402 1679 1440 scriptum
1695 1405 1745 1433 est
1767 1414 1772 1432 :
1791 1414 1807 1434 «
1826 1413 1924 1434 nemo
1944 1405 2107 1444 propheta
2125 1406 2282 1444 acceptus

1272 1454 1306 1483 in
1322 1454 1431 1492 patria
1448 1463 1518 1490 sua,
1536 1464 1550 1484 »
1564 1457 1611 1492 tu,
1629 1456 1663 1486 in
1680 1465 1741 1487 nos
1755 1458 1873 1496 pocius
1886 1466 1987 1496 quam
2004 1458 2038 1488 in
2055 1458 2180 1489 exteris
2194 1467 2281 1489 mur-

1271 1508 1448 1543 murando,
1468 1517 1529 1538 nos
1543 1510 1691 1548 experiri
1702 1511 1791 1549 apud
1802 1512 1834 1541 te
1847 1512 2153 1542 remurmuratione
2169 1511 2284 1551 hujus-

1272 1560 1364 1590 modi
1376 1561 1526 1591 voluisti.
1537 1562 1606 1592 Nec
1617 1563 1645 1592 si
1658 1563 1803 1594 Romani
1815 1573 1970 1594 essemus
1982 1568 2038 1596 aut
2050 1565 2116 1595 alia
2130 1574 2191 1595 nos
2203 1574 2283 1604 pars

1271 1613 1368 1644 Italic
1392 1614 1622 1652 produxisset,
1642 1618 1757 1647 contra
1772 1626 1834 1647 nos
1857 1618 1896 1648 de
1915 1618 2092 1649 collatione
2111 1619 2212 1649 unius
2229 1619 2284 1649 be-

1272 1667 1384 1697 neficii
1401 1668 1469 1697 tam
1486 1667 1598 1698 subito
1615 1678 1880 1706 murmurasses,
1901 1671 1958 1710 qui
1977 1673 2092 1702 contra
2109 1672 2281 1710 predeces-

1273 1728 1367 1750 sores
1388 1722 1523 1751 nostros
1541 1721 1581 1752 de
1599 1723 1647 1752 tot
1673 1731 1776 1761 supra
1798 1725 2073 1755 commemoratis
2093 1725 2224 1764 gratiis,
2242 1726 2281 1756 de

1272 1774 1320 1803 tot
1341 1773 1516 1804 beneficiis
1534 1775 1575 1804 ad
1595 1777 1626 1806 te
1646 1776 1877 1814 spectantibus
1898 1777 2031 1808 collatis
2049 1777 2090 1808 ab
2114 1778 2175 1813 eis,
2197 1778 2284 1809 sicut

1272 1828 1328 1856 tue
1346 1826 1458 1857 littere
1482 1827 1704 1865 testabantur,
1727 1829 1850 1860 tacitus
1869 1830 2008 1861 siluisti.
2027 1831 2167 1862 Nullum
2193 1832 2282 1862 enim

1272 1879 1313 1909 de
1324 1879 1386 1910 lioc
1401 1882 1516 1911 contra
1528 1890 1586 1911 cos
1600 1883 1926 1919 murmurinsonuit,
1940 1885 2033 1914 nulla
2044 1893 2193 1924 unquam
2206 1894 2284 1923 que-

1272 1933 1418 1963 rimonia
1433 1934 1557 1972 prodiit
1574 1944 1635 1965 nec
1653 1936 1770 1974 utique
1783 1937 1918 1974 prodire
1936 1937 2051 1968 debuit
2068 1938 2102 1968 in
2117 1940 2282 1977 apertum,

1273 1995 1348 2016 cum
1366 1995 1431 2016 non
1451 1987 1584 2025 ignores
1597 1988 1715 2018 sictibi
1730 1990 1948 2020 Belvacensis
1966 1991 2107 2021 ecclesie
2124 1991 2285 2021 adminis-

1272 2039 1453 2069 trationem
1475 2049 1549 2070 esse
1575 2042 1792 2072 commissam
1814 2045 1850 2073 ut
1871 2044 2060 2082 superioris
2083 2046 2285 2083 potestatem

1273 2092 1464 2131 intelligere
1479 2093 1614 2129 debeas,
1632 2103 1697 2124 non
1712 2095 1898 2129 exclusam,
1919 2105 1978 2127 nec
1996 2097 2030 2127 in
2043 2097 2102 2127 illa
2119 2098 2284 2128 extimare

1273 2145 1375 2176 debes
1403 2146 1563 2185 injuriam
1588 2147 1641 2177 vel
1664 2157 1844 2187 gravamen
1870 2150 1899 2179 si
1924 2151 2099 2180 Romanus
2118 2151 2284 2189 pontifex,

1273 2199 1326 2229 cui
1343 2201 1495 2230 omnium
1512 2201 1732 2232 ecclesiarum
1749 2203 1991 2234 sollicitudinis
2005 2204 2180 2243 plenitudo
2198 2213 2286 2234 com-

1273 2253 1431 2290 mittitur,
1451 2254 1560 2293 ipsius
1576 2257 1705 2293 partem
1726 2256 1894 2286 interdum
1913 2260 2110 2296 exequatur,
2127 2258 2169 2288 ad
2185 2266 2286 2296 quam

1274 2307 1360 2337 dicte
1378 2307 1469 2337 sedis
1484 2309 1719 2339 auctoritatem
1737 2318 1800 2348 que
1814 2310 1861 2340 sic
1878 2310 2050 2341 derivatur
2062 2311 2096 2341 iu
2106 2313 2235 2341 ceteros
2250 2312 2287 2342 ut

1274 2360 1362 2398 apud
1385 2361 1498 2399 ipsum
1519 2361 1708 2392 Romanum
1725 2363 1917 2401 pontificem
1935 2363 2033 2402 plene
2051 2364 2209 2399 resideat,
2226 2363 2286 2394 alii

1273 2416 1474 2448 evocantur3
1502 2415 1533 2444 et
1553 2414 1627 2445 ideo
1643 2415 1714 2445 sive
1737 2415 1900 2446 beneficia
1916 2425 1980 2455 que
1998 2425 2064 2446 non
2083 2419 2140 2447 tua
2157 2417 2284 2447 dixisse

1274 2466 1417 2497 deberes
1440 2468 1498 2497 sed
1524 2468 1573 2497 sic
1590 2468 1806 2506 dispositioni
1824 2469 1879 2498 tue
1907 2469 2089 2500 commissa
2114 2472 2232 2508 putare
2249 2472 2286 2500 ut

1275 2520 1451 2558 semperin
1468 2520 1517 2550 eis
1534 2530 1572 2550 eo
1584 2521 1780 2559 pleniorem,
1795 2530 1833 2552 eo
1847 2521 2043 2552 liberiorem
2055 2531 2120 2561 quo
2138 2524 2286 2562 superio-

1275 2582 1346 2603 rem
1368 2582 1587 2612 cognosceres
1614 2574 1758 2604 Romani
1784 2575 1954 2613 pontificis
1981 2577 2195 2614 potestatem,
2227 2576 2287 2606 ali—

1275 2626 1407 2665 quando
1425 2626 1585 2660 conferat,
1603 2626 1674 2656 sive
1699 2626 1785 2656 alias
1805 2627 1997 2657 commissis
2014 2628 2164 2667 generali
2182 2629 2286 2658 admi-

1276 2678 1469 2708 nistrationi
1507 2687 1566 2708 sue
1602 2680 1727 2713 utatur,
1762 2688 1900 2710 censere
1931 2689 1997 2710 non
2037 2680 2135 2711 debet
2175 2681 2286 2712 aliena

1276 2731 1425 2770 recipere
1440 2731 1491 2760 vel
1508 2731 1672 2762 conferre.

1316 2784 1390 2814 Non
1406 2786 1457 2814 est
1472 2784 1575 2822 igitur
1591 2784 1678 2815 unde
1696 2786 1728 2815 te
1745 2787 1923 2823 gravatum
1937 2787 2092 2825 queraris
2112 2787 2164 2817 vel
2179 2787 2285 2818 afflic-

1275 2837 1403 2868 tionem
1426 2837 1575 2867 additam
1606 2837 1668 2867 tibi
1694 2838 1847 2868 causeris
1874 2839 2010 2876 afflicto,
2041 2840 2222 2878 presertim
2252 2841 2286 2871 in

1276 2890 1471 2929 provisione
1494 2890 1672 2920 memorati
1689 2891 1858 2921 Guidonis
1880 2891 1915 2921 in
1933 2900 2011 2931 qua,
2029 2901 2105 2923 cum
2127 2893 2202 2932 ipsa
2220 2902 2286 2924 non

1276 2943 1339 2973 tibi
1356 2942 1408 2973 vel
1425 2942 1566 2973 ecclesie
1580 2945 1637 2974 tue
1661 2944 1854 2983 specialiter
1877 2945 2038 2984 imposita
2055 2945 2156 2976 fuerit
2177 2947 2236 2977 sed
2251 2947 2286 2978 in

1277 2995 1381 3026 variis
1399 2995 1553 3026 ecclesiis
1569 2997 1773 3036 generaliter
1788 2997 2000 3035 demandata,
2015 3000 2051 3029 ut
2067 2999 2099 3029 in
2115 2999 2175 3030 illa
2188 3001 2286 3031 sorti-
