2519 3262
231 194 289 223 276

234 275 397 310 Trecensv's,
421 274 536 305 ordinis
553 284 575 305 s.
602 273 778 313 Auqustini.
798 272 892 303 Viris
917 272 1157 303 ecclesiasticis
1181 272 1239 311 qui
1263 285 1265 315 3

232 348 279 359 —.
304 331 427 360 Datum
446 328 532 367 apud
550 326 826 358 Urbemveterem
848 326 924 356 idus
944 326 1044 364 junii,
1063 334 1149 356 anno
1172 327 1238 356 ter-

230 383 289 414 tio.
310 393 325 412 ))

824 565 948 595 orvieto,
966 565 996 591 17
1009 564 1071 599 juin
1089 565 1166 591 1204.

321 570 335 599 rl
344 569 416 599 7613

263 649 456 685 Infrascriptis
479 650 665 676 canonicatus
691 647 835 682 regulares
853 647 880 674 in
895 647 1018 675 ecclesia
1038 647 1186 683 Eugubina
1202 647 1237 674 ab

227 701 270 733 O.‚
285 709 307 727 s.
327 698 443 726 Adriani
460 698 580 725 diacono
596 697 747 731 cardinali,
764 697 895 728 collatos,
913 697 1075 724 confirmat.
1097 698 1176 732 (nm.
1190 697 1233 728 29,

228 748 339 776 101179
357 754 392 781 ν’,
411 753 441 774 n⁰
456 748 532 779 8113.)

267 870 281 884 «
312 856 421 886 Tliome
453 855 605 892 Munaldi,
629 856 793 895 Mai-qanto
828 855 1057 891 Bonaventure,
1092 855 1234 885 Ger-vasio

985 187 1229 219 REGISTRES
1256 186 1469 218 D'URBAIN
1499 186 1556 217 IV.

1295 271 1353 310 qui
1371 272 1483 301 tamen
1509 271 1549 301 de
1577 270 1725 309 capitulo
1744 271 1817 309 ipso
1835 279 1895 302 vos
1920 271 2082 310 recipere,
2098 279 2158 310 pro
2175 280 2234 303 sue
2248 281 2307 303 vo-

1295 324 1436 354 luntatis
1455 324 1564 360 libito,
1582 324 1799 363 denegantes,
1818 324 1859 354 ad
1882 325 1997 355 sedem
2015 325 2237 364 apostolicam
2251 335 2307 365 ap-

1262 385 1264 430 :
1294 377 1475 417 pellarunt.
1492 378 1602 413 Quare
1627 377 1803 408 humiliter
1821 377 1989 417 petebatis
2008 386 2026 408 a
2044 377 2143 408 nobis
2163 379 2210 415 ut,
2229 387 2305 410 cum

1294 439 1358 461 non
1376 431 1420 460 sit
1437 430 1642 460 conveniens
1660 430 1749 469 quod
1763 439 1823 461 vos
1847 439 1949 469 super
1966 430 2033 461 hiis
2051 431 2180 462 diutius
2198 431 2307 471 litige-

1292 484 1349 520 tis,
1373 484 1549 522 providere
1566 493 1668 522 super
1688 484 1749 514 hoc
1770 486 1909 522 paterna
1926 484 2157 515 sollicitudine
2174 494 2306 516 curare-

1262 531 1263 535 ’
1292 546 1380 567 muS.
1406 537 1476 567 Nos
1491 537 1624 576 litaque,
1653 537 1777 567 vestris
1803 537 2111 576 supplicationibus
2137 538 2302 573 inclinati,

1261 591 1263 616 ἶ
1292 589 1440 630 (1110131)
1458 590 1575 620 eodem
1601 590 1765 620 cardinali
1792 599 1894 629 super
1909 591 2088 629 premissis
2107 591 2231 622 sactum
2253 594 2303 622 est

228 911 425 950 Christosori,
453 915 479 940 el
512 909 638 939 Taniolo
667 909 816 949 Huyolini
851 908 887 938 cle
918 909 1053 944 Branca,
1083 909 1235 938 canonicis
1259 911 1260 914 ’

224 964 410 1004 Euqubiuis,
436 963 551 993 ordinis
577 963 676 993 sancti
699 962 874 1002 .-luqzislini.
902 965 985 993 Cum
1017 971 1036 992 a
1058 962 1157 993 nobis
1185 981 1232 994 —.

224 1018 321 1053 Sane,
348 1018 434 1048 sicut
459 1016 609 1047 exhibita
627 1016 725 1046 nobis
750 1019 864 1046 vestra
882 1016 1000 1055 petitio
1028 1015 1231 1053 continebat,

224 1080 285 1102 nos
304 1071 397 1108 olim,
417 1070 587 1101 intellecto
604 1070 693 1109 quod
711 1071 744 1099 in
763 1070 907 1100 ecclesia
925 1069 1105 1109 Eugubina
1122 1072 1233 1100 certus

224 1126 295 1155 erat
328 1125 565 1155 canonicorum
592 1132 754 1154 numerus
787 1123 980 1159 institutus,
1012 1123 1232 1162 jurejurando

223 1178 388 1214 firmatus,
408 1178 563 1217 quodque
579 1177 693 1216 plures
712 1177 752 1207 de
767 1185 907 1206 numero
923 1176 995 1216 ipso
1011 1177 1183 1211 dederant,
1200 1178 1232 1207 et

223 1231 432 1261 attendentes
451 1232 537 1270 quod
555 1230 661 1260 divini
680 1230 828 1259 nominis
845 1230 956 1260 cultus
974 1239 1039 1260 non
1056 1230 1154 1260 debet
1171 1230 1232 1260 mi-

223 1285 280 1314 nui
300 1285 357 1315 sed
380 1285 506 1323 augeri,
525 1284 647 1314 dilecto
671 1283 737 1312 lilio
756 1285 871 1313 nostro
890 1283 943 1317 O.‚
964 1283 1071 1313 sancti
1090 1283 1231 1313 Adriani

222 1338 362 1368 diacono
383 1337 557 1371 cardinali,
580 1337 715 1367 oraculo
742 1337 815 1366 vive
833 1336 925 1366 vocis
945 1337 1180 1367 commisimus
1197 1339 1231 1367 ut
1255 1363 1256 1377 ζ

221 1391 414 1429 hujusmodi
434 1399 611 1420 numerum
628 1390 796 1429 integrare
816 1399 853 1419 ac
878 1390 943 1428 ipsi
961 1390 1101 1420 ecclesie
1122 1390 1156 1420 in
1171 1390 1231 1420 hac

221 1446 315 1483 parte
331 1444 508 1483 providere
525 1443 708 1474 salubriter
724 1444 755 1473 et
772 1443 900 1473 utiliter
912 1446 1118 1482 procuraret.
1137 1444 1230 1474 Idem

220 1506 298 1528 vero
331 1497 513 1527 cardinalis
537 1496 724 1527 venerabili
748 1496 842 1526 fratri
868 1498 982 1526 nostro
1007 1519 1013 1525 .
1039 1521 1044 1526 ,
1072 1497 1230 1536 episcopo

220 1551 405 1586 Aversano,
418 1550 604 1589 coadjutori
620 1549 824 1579 venerabilis
839 1549 954 1579 fratris
969 1549 1075 1580 nostri
1096 1572 1102 1578 .
1123 1550 1230 1589 .epis-

219 1604 293 1643 copi
309 1603 491 1644 Eugubini,
506 1603 677 1634 commisit
700 1604 735 1633 ut
755 1603 794 1633 de
812 1602 1015 1641 quibusdam
1040 1603 1141 1633 certis
1157 1612 1228 1642 per-

219 1659 313 1689 sonis
327 1667 391 1697 que
410 1658 450 1688 ad
465 1658 495 1688 id
512 1657 751 1688 asserebantur
766 1656 907 1695 ydonee,
922 1656 1103 1696 diligenter
1120 1657 1228 1696 inqui·
1253 1658 1255 1695 Ῐ,

218 1720 307 1748 rens,
336 1712 496 1751 quicquid
527 1713 566 1742 de
595 1712 787 1751 ydoneitate
816 1720 1037 1750 personarum
1066 1711 1229 1750 reperiret
1253 1737 1254 1743 ,

218 1765 380 1803 ipsarum,
398 1765 507 1796 eidem
524 1765 687 1795 cardinali
705 1774 763 1804 per
779 1773 859 1795 suas
882 1765 1013 1795 litteras
1031 1765 1166 1803 plenius
1183 1765 1228 1795 in·
1252 1776 1254 1787 ›

216 1818 362 1849 timaret.
385 1819 503 1849 Dictus
522 1820 634 1849 autem
654 1820 849 1850 Aversanus
877 1818 1058 1857 episcopus
1073 1818 1160 1848 inter
1179 1827 1228 1849 ce-

216 1872 286 1902 tera
303 1881 360 1911 per
381 1873 513 1903 litteras
530 1881 610 1902 suas
627 1872 790 1902 cardinali
809 1872 959 1910 predicto
977 1872 1152 1910 rescripsit
1168 1881 1228 1902 vos

217 1926 357 1955 ecclesie
388 1927 537 1956 Romane
562 1926 701 1955 devotos
731 1925 878 1955 existere
902 1934 938 1955 ac
964 1925 1172 1955 sufficientes
1196 1927 1227 1956 et
1251 1930 1252 1956 1

217 1978 366 2017 ydoneos
389 1979 430 2008 ad
453 1979 685 2009 canonicatum
710 1978 861 2017 ejusdem
886 1978 1027 2008 ecclesie
1051 1978 1226 2017 Eugubine
1250 1993 1251 1998 =

1250 2036 1251 2044 ¹
1282 2046 1313 2065 no
1328 2038 1404 2072 818.)

217 2040 344 2062 necnon
376 2032 464 2070 quod
498 2040 557 2061 vos
585 2031 694 2061 eidem
726 2030 866 2061 ecclesie
899 2031 1001 2061 utiles
1030 2030 1224 2070 reputabat;

1255 1437 1256 1440 ¹
1287 1423 1383 1452 nostri
1408 1446 1413 1452 .
1437 1446 1442 1452 .

1292 643 1325 673 in
1343 643 1403 673 hac
1419 645 1524 683 parte,
1544 645 1653 674 ratum
1664 645 1695 674 et
1708 643 1844 674 firmum
1861 643 2034 680 habentes,
2053 645 2085 675 id
2104 645 2302 676 auctoritate

1291 696 1477 735 apostolica
1499 696 1741 727 confirmamus
1764 698 1796 727 et
1825 697 1995 736 presentis
2022 697 2139 736 scripti
2159 698 2304 736 patroci-

1290 750 1346 780 nio
1376 750 1637 780 communimus
1666 750 1762 780 Nulli
1789 758 1868 789 ergo
1894 751 2007 780 nostre
2034 751 2302 782 confirmationis

1291 806 1351 834 etc.
1377 803 1500 834 Datum
1528 803 1615 842 apud
1640 803 1930 839 Urbemveterem,
1958 812 2002 833 xv
2025 803 2188 834 kalendas
2211 805 2301 843 julii,

1291 865 1376 887 anno
1395 856 1506 887 tertio.
1528 867 1542 885 »

1381 1031 1475 1061 1767
1881 1030 2005 1061 Orvieto,
2025 1031 2055 1057 17
2068 1030 2132 1066 juin
2149 1031 2226 1058 1264.

1324 1113 1462 1148 Episcopo
1479 1114 1635 1147 Aversano,
1651 1114 1808 1150 coadjutori
1820 1115 1946 1150 episcopi
1963 1115 2114 1151 Eugubini,
2133 1117 2251 1143 mandat
2267 1119 2296 1144 ut

1287 1162 1438 1195 Thomam,
1464 1163 1657 1198 Margantum,
1678 1164 1845 1191 Gervasium
1870 1167 1898 1192 et
1924 1164 2088 1199 Taniolum,
2113 1174 2130 1192 a
2150 1165 2296 1193 canonicis

1288 1211 1454 1246 Eugnbinis,
1469 1212 1516 1247 qui
1542 1221 1589 1239 eos
1606 1213 1731 1248 recipere
1747 1216 1924 1241 recusarunt.
1940 1214 1968 1241 in
1984 1214 2137 1242 canonicos
2153 1215 2240 1250 recipi
2258 1215 2299 1242 sa-

1286 1260 1353 1288 ciat.
1373 1261 1451 1294 (linc.
1471 1262 1515 1293 29,
1534 1261 1582 1288 l'ol.
1604 1262 1661 1293 180,
1678 1268 1707 1288 ι]ο
1725 1263 1801 1291 817.)

1327 1380 1341 1398 «
1366 1394 1394 1398 ..
1416 1369 1556 1410 episcopo
1582 1371 1752 1407 <iver-sano,
1784 1370 1957 1410 coadjutori
1982 1370 2163 1400 venerabilis
2187 1370 2298 1409 fratris

1467 1424 1601 1463 episcopi
1631 1424 1803 1463 Euyubini.
1834 1424 1995 1455 Exhibita
2028 1424 2126 1455 nobis
2160 1425 2298 1456 dilecto-

1254 1477 1256 1507 }
1286 1485 1360 1506 rum
1377 1495 1423 1506 —.
1436 1477 1561 1508 Datum
1572 1478 1660 1516 apud
1675 1477 2018 1514 U1·bemveterem,xv
2031 1478 2195 1509 kalendas
2206 1478 2296 1518 julii,

215 2085 331 2123 sicque
350 2085 501 2123 prefatus
526 2084 708 2115 cardinalis
734 2093 793 2114 vos
818 2085 847 2114 et
869 2086 1017 2114 vestrum
1040 2084 1225 2122 quemlibet
1249 2102 1251 2127 3

215 2138 390 2177 cupientes
409 2138 442 2167 in
456 2138 618 2177 jamdicta
637 2137 779 2168 ecclesia
799 2137 975 2176 Eugubina
997 2137 1059 2167 sub
1077 2137 1222 2175 regulari
1249 2168 1250 2173 ¹

214 2191 329 2221 habitu
357 2191 502 2221 Domino
532 2190 700 2226 famulari,
722 2191 920 2220 auctoritate
947 2189 1012 2220 sibi
1035 2200 1052 2219 a
1075 2190 1172 2219 nobis
1191 2191 1222 2220 in

215 2245 273 2275 hac
298 2246 391 2283 parte
420 2245 614 2281 commissa,
643 2243 793 2274 instituit
814 2244 847 2273 in
877 2243 1056 2274 canonicos
1082 2244 1223 2274 ecclesie

214 2298 416 2337 supradicte,
428 2300 525 2337 prout
538 2298 570 2327 in
585 2298 719 2336 publico
732 2297 958 2328 instrumento
970 2297 1045 2327 inde
1060 2297 1222 2333 consecto,
1249 2339 1250 2349 η

214 2351 362 2390 sigillato
380 2351 493 2390 sigillo
509 2352 617 2390 ipsius
637 2351 832 2385 cardinalis,
852 2351 987 2389 plenius
1004 2351 1127 2381 dicitur
1151 2360 1225 2381 con-

213 2404 324 2434 tineri.
345 2404 568 2435 Postmodum
591 2406 715 2441 autem,
741 2404 957 2443 supradictus
975 2404 1159 2434 cardinalis
1180 2405 1224 2435 ei·
1248 2415 1249 2426 ¹

213 2457 287 2488 dem
308 2458 480 2487 Aversauo
497 2458 655 2496 episcopo
673 2466 732 2496 per
751 2466 831 2488 suas
853 2457 1025 2488 commisit
1042 2457 1174 2488 litteras
1193 2460 1224 2489 et

214 2510 383 2541 mandavit
410 2512 444 2541 ut
473 2520 531 2541 vos
564 2511 718 2541 indueret
747 2511 899 2541 habitum
931 2511 1133 2549 regularem,
1166 2512 1222 2550 qui
1248 2511 1249 2519 ¹

212 2563 284 2594 dari
321 2563 491 2593 canonicis
525 2564 633 2602 ipsius
667 2564 807 2594 ecclesie
842 2564 1028 2600 consuevit,
1059 2563 1222 2603 vobisque

213 2617 350 2647 stallum
373 2616 405 2646 in
426 2616 524 2646 choro
541 2618 572 2647 et
589 2617 699 2647 locum
721 2617 753 2647 in
774 2617 933 2655 capitulo,
962 2625 1079 2647 mensa
1100 2619 1132 2647 et
1149 2618 1223 2648 dor-

212 2670 347 2700 mitorio
361 2670 561 2709 assignaret,
580 2670 707 2700 faciens
721 2678 780 2700 vos
797 2679 815 2700 a
831 2670 979 2709 capitulo
996 2670 1105 2709 ipsius
1122 2670 1223 2701 eccle-

212 2723 261 2753 sie
280 2723 312 2753 in
333 2723 512 2753 canonicos
530 2723 633 2762 recipi
650 2724 682 2753 ct
705 2723 738 2753 in
763 2723 885 2754 fratres
906 2724 938 2754 et
955 2723 1086 2754 sincera
1106 2723 1139 2753 in
1158 2724 1221 2754 Do-

212 2776 304 2806 mino
334 2776 471 2806 caritate
509 2776 655 2806 tractari.
690 2777 730 2807 Et
762 2776 838 2807 licet
873 2776 1027 2806 nonnulli
1059 2776 1099 2806 de
1134 2776 1223 2807 dicto

211 2828 371 2867 capitulo,
398 2829 437 2858 ad
464 2829 659 2859 mandatum
685 2829 837 2867 ejusdem
866 2829 1016 2868 episcopi
1041 2830 1220 2866 Aversani,

212 2890 271 2911 vos
288 2882 321 2911 in
341 2881 462 2911 fratres
482 2884 513 2912 et
531 2882 708 2912 canonicos
727 2883 885 2913 duxerint
907 2883 1145 2918 admittendos,
1164 2883 1222 2913 ali·
1247 2875 1249 2900 1

1286 1538 1373 1560 anno
1392 1531 1504 1561 tertio.
1527 1540 1541 1559 »

1375 1710 1471 1740 ,1733
1891 1708 2015 1740 Orvieto,
2035 1709 2050 1736 2
2063 1709 2126 1744 juin
2142 1709 2221 1736 1264.

1321 1792 1458 1828 Episcopo
1479 1793 1692 1821 Constantiensi
1710 1795 1827 1821 mandat
1850 1796 1879 1820 ut
1902 1794 2024 1821 llenrico
2049 1795 2083 1821 de
2104 1795 2253 1822 Itos-sebert
2274 1796 2295 1827 ¹,

1283 1842 1420 1869 canonico
1437 1842 1574 1869 ecclesiae
1594 1843 1767 1876 turicensis,
1786 1843 2015 1871 Constantiensis
2033 1844 2166 1874 diocesis,
2183 1844 2230 1879 qui
2247 1844 2298 1871 diu

1284 1891 1387 1918 institit
1409 1891 1503 1918 studio
1521 1892 1667 1926 utriusque
1690 1892 1763 1928 juris
1777 1896 1803 1919 et
1823 1893 2004 1920 laudabiliter
2018 1893 2045 1920 in
2062 1897 2181 1928 utroque
2201 1893 2294 1928 prose-

1283 1940 1331 1971 eit,
1350 1941 1383 1967 de
1404 1940 1499 1975 aliquo
1523 1941 1661 1968 beneficio
1678 1943 1712 1968 ad
1733 1941 1917 1968 collationem
1939 1942 2102 1969 abbatissae
2123 1944 2150 1970 et
2173 1950 2296 1969 conven-

1282 1991 1326 2015 tus
1338 1989 1505 2016 monasterii
1517 1989 1678 2017 'l‘urieensis
1689 1993 1848 2024 spectante,
1859 1991 2016 2025 provideat.
2028 1991 2107 2025 (use.
2117 1991 2161 2023 29,
2172 1990 2219 2017 sol.
2234 1992 2292 2024 180,

1320 2154 1336 2174 ‹<
1356 2143 1511 2184 Episcopo
1526 2144 1763 2174 Constrozliensi.
1785 2145 1999 2176 Constitutus
2014 2145 2048 2175 iu
2063 2145 2291 2184 presentia-.

1280 2198 1403 2228 Datum
1434 2198 1521 2236 apud
1550 2197 1837 2234 Urbemveterem,
1867 2208 1914 2228 1111
1949 2207 2055 2229 nonas
2077 2199 2180 2238 junii,
2207 2207 2293 2230 anno

1280 2251 1390 2282 tertio.
1415 2261 1429 2280 ))

1373 2433 1465 2463 1769
1837 2432 1961 2464 Orvieto,
1981 2431 1996 2458 4
2010 2431 2123 2467 janvier
2141 2432 2219 2459 1264.

1314 2514 1480 2549 Praeposito
1498 2517 1523 2541 et
1543 2514 1667 2548 capitulo
1682 2514 1894 2545 Turicensihus,
1912 2514 2140 2542 constantiensis
2157 2514 2290 2546 diocesis,

1279 2563 1405 2597 indulget
1419 2566 1445 2590 ut
1465 2563 1628 2592 llenricum.
1643 2563 1752 2590 dictum
1767 2564 1908 2591 Marcium.
1924 2563 2061 2591 clericum
2076 2563 2104 2590 in
2120 2563 2291 2591 canonicum

1278 2611 1415 2646 recipiant
1443 2612 1525 2647 eique
1549 2613 1583 2638 de
1606 2612 1766 2646 praebenda
1795 2611 1972 2646 provideant.
1991 2612 2071 2647 (Rau.
2092 2614 2138 2646 29,
2161 2612 2209 2640 rol.
2231 2612 2290 2646 180,

1278 2665 1307 2686 11⁰
1323 2661 1400 2688 ⁸19.)

1318 2778 1333 2796 «
1358 2766 1517 2806 l’reposito
1535 2772 1563 2796 et
1587 2766 1720 2806 capitulo
1744 2766 1969 2797 T11›·icensibus.
1998 2767 2063 2798 Per
2087 2769 2217 2798 vestras
2235 2775 2289 2806 pa-

1312 2892 1332 2915 t.
1348 2892 1390 2916 En
1409 2898 1505 2922 marge
1520 2897 1525 2916 :
1544 2901 1552 2913 c
1574 2892 1639 2915 Bene
1656 2891 1791 2922 sufficiens
1805 2892 1852 2915 est.
1869 2901 1877 2913 ι
