2519 3262
1064 213 1306 251 TROISIEME
1336 219 1427 248 ANN
1435 210 1500 248 En.

243 307 321 337 (111111
334 307 472 343 viveret,
490 306 674 342 obtinebat,
693 306 732 336 de
748 314 832 336 novo
850 305 1027 338 6311161161,
1044 313 1080 333 ac.
1095 305 1205 333 tecum
1219 304 1253 331 ut
1280 310 1283 343 j

242 369 317 390 cum
339 360 482 390 ecclesia
506 360 591 398 ipsa,
611 368 727 389 curam
745 359 934 388 animarum
953 356 1107 391 habente,
1135 364 1253 394 posses
1280 383 1281 387 ,

244 413 602 452 archipresbiteratum
620 413 659 442 de
675 413 785 442 Monte
805 411 976 441 Andronis
990 418 1089 448 quem
1101 408 1252 443 obtines,
1280 406 1281 442 Ῐ

242 467 363 505 cuique
378 475 456 496 cura
475 466 601 495 similis
615 467 665 495 est
682 473 824 496 annexa,
844 463 988 493 retinere
1009 462 1100 491 licite
1120 461 1251 499 dispen-

241 522 342 552 saret.
362 519 571 549 decernendo
588 518 722 548 irritum
735 519 766 547 et
786 517 884 546 inane
900 516 928 545 si
944 523 1041 545 secus
1058 515 1098 544 de
1115 514 1190 552 ipsa
1206 522 1255 544 ec·

241 573 345 603 ciesia
370 573 476 602 sancti
497 572 655 611 lMedardi
681 573 713 600 et
743 570 821 600 aliis
846 568 1008 608 predictIs
1034 576 1052 597 a
1083 575 1253 606 quoquam
1280 590 1281 593 ,

242 626 451 664 contingeret.
484 623 690 662 attemptari,
721 631 787 652 non
822 621 977 652 obstante
1012 620 1281 658 constitutione¹

241 678 375 708 concilii
393 677 572 717 generalis,
591 677 668 706 viva
683 684 763 706 voce
781 675 942 705 duximus
960 673 1251 704 coniniittemlum.

282 731 374 761 [dem
402 739 479 760 vero
498 729 692 762 cardinalis,
711 728 941 761 canonicatus,
957 726 1127 765 prebende
1148 735 1184 756 ac
1202 735 1253 756 66-
1280 719 1281 759 f

241 784 343 814 616516
355 784 461 813 5311611
474 782 624 813 Medardi
640 782 866 820 predictarum
881 780 1000 810 liberis
1015 779 1251 818 resignationi·

240 837 315 873 11115,
335 837 533 867 auctoritate
551 834 804 865 commissionis
826 833 1032 872 hujusmodi,
1056 842 1074 862 a
1097 836 1128 863 te
1150 833 1251 863 dicto-

240 898 303 929 que
314 890 476 928 magistro
493 888 644 919 Johanne
660 888 815 926 receptis,
832 880 1009 918 ecclesiam
1022 887 1133 925 ipsam
1145 886 1253 916 sanc-ti

237 942 388 973 Medardi
416 943 490 978 tibi,
512 943 611 981 juxta
631 941 774 972 formam
801 940 1055 970 commissionis
1085 939 1250 978 ejusdem,

237 995 553 1030 contulit‚ettecum
571 995 673 1025 etiam
685 994 907 1033 dispensavit,
922 994 1105 1023 decernens
1117 993 1253 1023 irritum

238 1051 270 1079 et
287 1049 386 1079 inane
403 1049 432 1078 si
457 1057 554 1079 secus
582 1050 683 1086 super
710 1048 776 1077 hiis
795 1047 988 1086 attemptari
1007 1047 1215 1085 contingeret
1235 1055 1253 1076 a
1279 1056 1281 1085 j

238 1111 449 1141 quocunque,
471 1103 567 1140 prout
586 1102 617 1131 in
636 1101 762 1131 litteris
782 1101 858 1131 inde
874 1100 1037 1130 confectis
1057 1100 1168 1138 ipsius
1186 1108 1252 1130 car-
1279 1100 1281 1126 J

237 1155 362 1185 dinalis
387 1155 501 1194 sigillo
522 1155 675 1189 munitis,
694 1154 828 1192 plenius
843 1154 967 1183 dicitur
980 1153 1157 1188 contineri,
1175 1161 1251 1183 nos-
1279 1141 1280 1170 i

237 1218 300 1248 que
317 1208 550 1247 tandemquod
568 1208 608 1238 ab
624 1207 740 1238 eodem
757 1207 920 1237 cardinali
934 1215 1035 1245 super
1050 1206 1117 1236 hiis
1126 1206 1252 1236 factum

237 1262 362 1298 extitit,
381 1264 491 1292 ratum
520 1264 551 1291 et
579 1263 712 1300 gratum
743 1260 915 1296 habentes,
941 1260 1025 1289 illud
1051 1260 1251 1290 auctoritate

238 1315 424 1354 apostolica
437 1315 599 1345 duximus
615 1313 1041 1348 confirmandum,dilectis
1057 1313 1139 1343 filiis
1158 1339 1162 1343 .
1187 1338 1192 1342 .
1211 1313 1251 1343 de

236 1369 366 1404 Mauso,
383 1371 412 1399 et
435 1392 462 1398 ..

486 1369 525 1398 de
544 1369 674 1398 Naraco
696 1367 880 1406 prioribus,
906 1367 1118 1406 Agennensis
1146 1367 1252 1396 dioce-
1278 1399 1279 1408 ἵ

239 1421 299 1457 515,
331 1430 390 1460 per
408 1422 540 1452 litteras
559 1423 692 1451 nostras
715 1421 865 1459 injuncto
885 1423 920 1450 ut
941 1423 972 1450 te
991 1420 1023 1449 in
1041 1419 1250 1458 corporalem
1278 1430 1279 1436 ¹

237 1475 492 1513 possessionem
516 1475 625 1513 ipsius
655 1474 796 1504 ecclesie
824 1474 929 1504 sancti
948 1473 1097 1504 Medardi
1115 1473 1251 1503 induce-
1277 1468 1279 1491 ¹,

237 1531 310 1558 rent
330 1531 361 1558 et
382 1530 557 1558 tuerentur
577 1528 764 1562 inductum,
783 1526 1047 1557 contradictores
1064 1528 1126 1556 etc.
1144 1534 1250 1564 usque
1277 1529 1278 1547 ³

239 1581 492 1620 compescendo⁴
513 1581 553 1611 Et
568 1580 647 1610 licet
665 1580 767 1610 iidem
785 1580 916 1618 priores
934 1582 965 1609 te
990 1580 1022 1609 in
1041 1579 1250 1618 corporalem
1277 1571 1278 1595 1

238 1634 491 1673 possessionem
512 1634 664 1672 ejusdem
689 1633 829 1663 ecclesie
848 1633 954 1663 sancti
974 1632 1137 1668 Medardi,
1153 1632 1250 1671 juxta

236 1690 388 1718 tenorem
407 1688 598 1717 litterarum
617 1687 769 1725 ipsarum
788 1686 853 1715 sibi
873 1686 1089 1722 directarum,
1110 1685 1250 1715 inssluxe-
1276 1695 1278 1721 ’,ι

236 1742 315 1775 rint,
349 1743 452 1779 tuque
477 1741 588 1779 ipsam
606 1740 744 1779 pacitice
770 1739 947 1778 possideas
967 1741 998 1769 et
1016 1739 1140 1777 quiete,
1171 1739 1250 1777 quia
1276 1748 1278 1763 2

1276 1790 1277 1814 i
1309 1791 1409 1820 datis.
1432 1792 1516 1821 Cum
1542 1794 1653 1820 31116111
1674 1792 1781 1833 nostri
1813 1792 2026 1829 appositione
2059 1794 2194 1824 consilii
2219 1803 2321 1833 super

236 1796 361 1828 tamen,
380 1793 584 1833 quibusdam
609 1793 842 1823 asserentibus
862 1793 950 1831 quod
969 1792 1085 1822 eadem
1107 1792 1250 1822 ecclesia

237 1848 344 1877 sancti
369 1847 520 1877 Medardi
558 1846 620 1877 fuit
644 1846 827 1885 aliquando
852 1846 1035 1884 prioratus,
1055 1845 1190 1875 dubitas
1210 1854 1249 1875 ne
1276 1867 1277 1873 ,

237 1900 377 1939 perhoc,
397 1900 437 1930 de
456 1900 570 1939 quoin
585 1899 726 1938 prefatis
745 1899 871 1929 nostris
888 1901 920 1929 et
938 1899 1046 1937 ipsius
1066 1898 1249 1928 cardinalis

236 1953 362 1984 litteris
388 1953 502 1992 aliqua
524 1953 651 1983 mentio
673 1962 738 1983 non
756 1952 1043 1990 haberium-possit
1060 1951 1121 1982 tibi
1139 1952 1173 1981 in
1196 1960 1248 1981 su-

233 2007 387 2046 pradicta
405 2006 548 2037 ecclesia
568 2006 675 2037 sancti
702 2006 865 2041 Medardi,
891 2014 1052 2044 processu
1070 2005 1246 2044 temporis

235 2060 448 2090 obstaculum
467 2060 605 2099 aliquod
621 2059 803 2098 interponi,
823 2059 1002 2089 subvenire
1021 2059 1055 2088 in
1075 2058 1136 2088 hac
1153 2060 1248 2097 parte

233 2113 296 2143 tibi
315 2113 354 2144 de
371 2113 578 2152 benignitate
595 2113 781 2152 apostolica
799 2121 1006 2142 curaremus.
1030 2112 1102 2142 Nos
1121 2112 1246 2150 itaque,

234 2166 372 2197 obtentu
389 2166 705 2206 prefaticardinalis
720 2166 777 2205 qui
792 2168 930 2204 propter
948 2165 1008 2195 hoc
1027 2165 1248 2204 apostolicam

234 2221 377 2259 gratiam
407 2220 614 2259 imploravit,
641 2220 710 2250 tuis
739 2218 1047 2258 supplicationibus
1079 2218 1246 2255 inclinati,

234 2273 432 2304 auctoritate
448 2273 659 2312 presentium
680 2273 795 2303 nostre
815 2272 1015 2302 intentionis
1035 2271 1141 2302 t'uisse
1159 2271 1249 2310 quod

233 2327 429 2366 huJusmodi
456 2326 592 2357 collatio
618 2326 680 2356 tibi
699 2334 759 2364 per
783 2325 991 2356 cardinalem
1014 2324 1101 2355 facta
1119 2325 1249 2363 predic-

233 2382 319 2417 tum,
332 2380 372 2410 ad
388 2379 589 2418 prioratum,
607 2379 637 2409 si
654 2379 836 2418 aliquando
856 2379 890 2408 in
915 2379 1086 2417 sepedicta
1104 2378 1249 2409 ecclesia

233 2434 343 2464 sancti
374 2433 525 2464 Medardi
551 2432 676 2468 extitit,
705 2441 740 2462 se
771 2432 940 2467 extendat,
961 2432 1123 2462 duximus
1140 2431 1248 2461 decla-

233 2487 388 2517 randum.
420 2486 515 2516 Nulli
535 2494 613 2525 ergo
643 2487 755 2516 nostre
774 2485 1015 2516 declarationis
1037 2486 1099 2515 616.
1121 2484 1248 2514 Datum

233 2539 321 2579 apud
338 2539 630 2575 Urbemveterem,
648 2548 669 2569 11
690 2539 853 2569 kalendas
874 2538 967 2574 maii,
993 2546 1080 2568 anno
1098 2538 1211 2568 tertio.
1231 2546 1248 2566 »

326 2705 422 2736 1608
829 2702 953 2734 Ori-icto,
972 2701 988 2728 3
1004 2701 1075 2728 avril
1095 2702 1173 2729 1264.

268 2787 370 2815 Abbati
389 2787 624 2822 Campidonensi,
643 2786 875 2814 Constantiensis
892 2786 1025 2819 diocesis,
1043 2788 1162 2814 mandat
1180 2787 1247 2814 irri-

233 2840 294 2864 tum
314 2837 428 2864 nuntiet
447 2837 591 2871 quoddam
616 2838 756 2863 statutum
777 2834 894 2869 capituli
914 2835 1051 2862 eeclesiae
1070 2836 1245 2863 Turicensis.

234 2887 312 2920 (lxm
332 2887 377 2917 29,
391 2886 440 2913 fol.
460 2886 521 2919 158,
538 2890 570 2912 n0
588 2886 662 2919 058.)

2263 226 2320 254 2:3ss

1353 312 1367 329 <1
1389 301 1503 331 Abbati
1522 300 1769 339 Campitlmwnsi,
1789 300 2029 330 Constrmtiensis
2046 303 2182 332 (limam.
2205 306 2251 334 Ad
2266 316 2320 336 nu-

1312 354 1474 383 dientiani
1507 355 1670 384 nostram.
1707 362 1770 383 non
1801 354 1872 383 sine
1901 355 2136 391 admiratione,
2170 360 2321 395 pervenit

1311 407 1399 445 quod
1421 431 1450 436 ..
1474 407 1678 445 111-6110511115,
1701 409 1729 436 et
1747 407 1932 445 capitulum
1952 408 2092 438 ecclesie
2114 410 2320 447 turicensis,

1311 460 1585 490 Constantiensis
1609 460 1766 491 diocesis,
1785 463 1900 490 contra
1921 462 2140 492 513111111111116
2159 467 2248 493 66110
2273 475 2322 493 (3-

1312 513 1509 543 nonicorum
1538 522 1678 542 numero
1703 513 1811 551 ipsius
1831 514 1985 547 ecclesie,
2000 514 2192 552 juranwnto
2213 517 2320 547 111-1113Ἴ

1311 567 1395 599 111111,
1409 568 1535 596 temere
1545 567 1729 602 venientes,
1741 567 1773 596 111
1786 567 1899 596 odium
1911 568 2120 606 quorundam
2138 578 2321 608 pauperum

1312 619 1511 649 clericorum
1539 621 1569 649 et
1598 619 1742 649 aliorum
1769 620 1974 658 ydoneorum
2002 622 2216 659 provixicuies
2243 633 2321 653 suas

1312 671 1344 701 in
1366 672 1483 702 eadem
1503 671 1645 702 ecclesia
1665 681 1722 710 per
1741 673 1872 702 litteras
1896 673 1987 703 sedis
2005 675 2187 712 31105101166
2206 685 2321 714 prose-

1312 725 1499 763 quentium,
1510 726 1602 755 motu
1614 726 1750 763 proprio
1766 727 1953 756 statuerunt
1968 728 2055 765 quod
2068 728 2211 766 quilibet
2225 738 2322 760 cano-

1312 778 1463 808 nicorum
1482 778 1592 816 ipsius
1608 778 1760 815 ecclesie,
1778 788 1892 809 vocem
1908 780 1941 809 in
1959 781 2105 819 capitulo
2116 783 2188 820 ejus
2201 783 2321 813 haben·

1311 831 1408 868 tium,
1425 841 1529 861 uuum
1547 840 1606 870 pro
1636 841 1697 861 5113
1729 832 1901 863 voluntate
1925 834 2099 864 nominare
2127 836 2261 870 valeret,
2286 845 2322 866 ac

1312 885 1392 914 dicti
1418 885 1613 923 prepositus
1641 886 1673 915 61.
1698 885 1895 923 capitulum,
1911 886 1952 916 ad
1970 895 2055 925 quos
2083 888 2320 919 canonicorum

1312 938 1482 968 institutio
1498 939 1529 967 et
1543 938 1678 968 collatio
1692 938 1938 976 prebendarum
1950 940 2074 970 ibidem
2091 942 2248 978 pertinet,
2267 952 2321 972 uo-

1311 991 1458 1022 minatos
1482 991 1674 1030 hujusmodi
1687 993 2039 1031 tenerenturrecipere
2051 994 2083 1023 111
2099 998 2276 1025 canonicos
2291 998 2322 1026 et

1311 1044 1345 1074 in
1360 1044 1493 1081 fratres,
1523 1045 1562 1075 de
1579 1045 1645 1074 hiis
1669 1044 1890 1075 observandis
1915 1047 2056 1085 prestito
2083 1048 2322 1078 nichilominus

1308 1097 1512 1136 juramento.
1528 1098 1795 1136 Porrojamdicti
1808 1099 2038 1137 preposituset
2053 1101 2249 1138 capitulum,
2266 1102 2322 1131 1111-

1307 1151 1363 1190 jus
1376 1151 1675 1181 temerariistatuti
1687 1154 1854 1190 pretextu,
1873 1153 2092 1192 quamplures
2103 1154 2134 1184 111
2144 1156 2322 1186 canonicos

1310 1206 1521 1245 receperunt,
1549 1213 1693 1243 quorum
1720 1205 1857 1244 quidam
1884 1206 1996 1236 minus
2025 1207 2146 1245 ydonei
2182 1218 2323 1246 prorsus

1278 1254 1279 1262 ¹
1310 1258 1472 1288 existunt.
1490 1258 1595 1288 Iidem
1614 1267 1746 1297 quoque
1763 1259 1958 1297 prepositus
1975 1262 2006 1290 et
2025 1261 2210 1299 capitulum
2224 1271 2323 1300 quos-

1310 1311 1386 1341 dam
1399 1311 1523 1341 divites
1542 1314 1696 1349 potentes
1713 1320 1754 1341 ex
1772 1312 1927 1351 eis,quos
1943 1313 2057 1343 taliter
2074 1319 2269 1353 receperunt
2290 1316 2322 1345 in

1310 1365 1492 1403 prebendis
1506 1374 1590 1403 quas
1607 1366 1639 1395 in
1655 1365 1797 1395 ecclesia
1813 1366 1887 1404 ipsa
1902 1375 2020 1396 vacare
2039 1368 2189 1407 contigit,
2208 1377 2267 1407 pro
2285 1378 2322 1399 eo

1310 1419 1490 1448 instituere
1508 1419 1645 1457 propria
1663 1419 1853 1449 temeritate
1871 1423 2070 1457 presumunt
2092 1424 2137 1457 ut,
2159 1422 2322 1452 divitibus

1310 1474 1340 1502 et
1366 1471 1562 1510 potentibus
1581 1472 1667 1510 ipsis
1687 1481 1755 1507 eas,
1780 1475 1917 1511 propter
1940 1473 2172 1511 impotentiam
2194 1476 2321 1513 predic-

1309 1527 1420 1554 torum
1439 1533 1626 1563 pauperum
1643 1527 1674 1555 et
1692 1525 1901 1564 ydoneorum
1925 1526 2136 1563 clericorum,
2157 1528 2322 1559 violenter

1310 1577 1550 1612 detinentibus,
1583 1579 1709 1617 recepti
1741 1578 1875 1616 prefati,
1907 1588 2049 1618 quorum
2083 1581 2218 1619 quidam
2244 1584 2322 1613 sunt

1310 1631 1552 1669 consanguinei
1576 1631 1629 1661 vel
1651 1631 1770 1661 affines
1791 1631 1862 1661 illis
1881 1632 2001 1662 leviter
2018 1634 2052 1663 111
2071 1633 2321 1672 prebendarum

1309 1684 1461 1722 ipsarum
1489 1685 1701 1714 assecutione
1726 1685 1918 1720 succedant,
1942 1686 2042 1716 dictis
2067 1688 2274 1725 pauperibus
2289 1691 2321 1719 et

1310 1737 1453 1776 ydoneis
1472 1738 1605 1767 clericis
1632 1737 1885 1768 remanentibus
1906 1739 1998 1769 omni
2021 1741 2214 1778 provisione
2233 1742 2318 1772 frau-

1308 1844 1489 1882 premissis
1507 1844 1621 1874 deceat
1642 1843 1823 1874 salubriter
1846 1845 2028 1883 provideri,
2053 1846 2249 1878 discretioni
2265 1851 2321 1879 tue

1309 1897 1509 1926 mandamus
1527 1897 1699 1935 quatinus.
1721 1897 1749 1927 si
1767 1899 1818 1927 est
1833 1898 1890 1934 ita,
1912 1900 1981 1928 tam
1999 1898 2125 1929 dictum
2145 1903 2319 1938 statutum,

1308 1959 1408 1989 quam
1424 1950 1760 1988 receptionestalium
1780 1951 1889 1989 ipsius
1906 1952 2081 1982 occasione
2093 1956 2321 1992 presumptas,

1307 2005 1339 2034 et
1357 2003 1518 2042 quicquid
1535 2012 1575 2033 ex
1592 2004 1642 2034 eis
1660 2006 1812 2034 secutum
1830 2007 1892 2039 est,
1910 2006 2107 2036 auctoritate
2129 2009 2243 2037 nostra
2262 2017 2321 2046 per

1306 2058 1338 2086 te
1353 2057 1406 2087 vel
1421 2065 1479 2095 per
1497 2057 1602 2086 alium
1621 2057 1654 2086 111
1670 2057 1804 2087 irritum
1821 2066 1983 2088 revocans
1993 2061 2025 2089 et
2043 2059 2245 2090 denuntians
2264 2070 2321 2099 pe-

1307 2111 1398 2140 nitus
1420 2119 1485 2140 non
1514 2112 1639 2147 tenere,
1670 2111 1840 2149 predictos
1861 2111 1899 2141 de
1929 2121 2014 2142 novo
2031 2113 2065 2142 in
2087 2114 2228 2143 ecclesia
2247 2114 2321 2153 ipsa

1307 2166 1470 2202 receptos,
1490 2163 1612 2194 exinde
1625 2164 1761 2202 penitus
1776 2173 1934 2195 amoveas
1948 2173 2007 2195 nec
2020 2167 2208 2204 permittas,
2227 2176 2319 2198 occa-

1307 2217 1401 2247 sione
1417 2217 1528 2255 ipsius
1547 2217 1678 2254 statuti,
1694 2217 1733 2247 de
1751 2219 1860 2248 cetero
1880 2218 2013 2257 aliquos
2031 2219 2155 2250 ibidem
2171 2221 2205 2250 in
2222 2230 2318 2252 cano-

1307 2270 1402 2300 nicos
1426 2270 1531 2309 recipi
1549 2272 1581 2301 et
1596 2271 1629 2300 in
1646 2270 1779 2300 fratres.
1797 2271 1872 2301 Non
1890 2272 2044 2302 obstante
2060 2291 2108 2300 —.
2126 2274 2319 2304 Contradic-

1306 2326 1396 2354 tores
1419 2325 1494 2360 616,
1508 2332 1614 2362 usque
1625 2324 1879 2362 compescendo.
1895 2325 1965 2355 Nos
1976 2325 2066 2355 enim
2076 2326 2317 2357 nichilominus

1306 2376 1522 2406 decernimus
1541 2376 1676 2406 irritum
1694 2378 1725 2406 et
1742 2376 1841 2406 inane
1858 2377 1886 2406 si
1903 2386 2005 2415 super
2021 2377 2201 2416 premissis
2219 2386 2318 2408 566115

1306 2429 1409 2459 fuerit
1443 2431 1692 2468 attemptatum.
1722 2430 1845 2459 Datum
1862 2430 1950 2469 apud
1976 2430 2317 2467 Urbemveterem,111

1308 2491 1414 2513 1101135
1431 2483 1562 2522 aprilis,
1581 2491 1668 2513 anno
1688 2483 1798 2513 tertio.
1819 2493 1834 2512 »

1397 2656 1493 2687 1609
1883 2655 2008 2687 Orvieto,
2029 2656 2060 2683 11
2079 2656 2150 2683 avril
2170 2656 2245 2683 1264.

1339 2739 1442 2766 Abbati
1463 2738 1630 2766 monasterii
1649 2739 1683 2765 de
1699 2739 1851 2774 pomposa,
1870 2740 2068 2768 Comaclensis
2084 2740 2219 2774 diocesis,
2237 2749 2318 2767 man·

1303 2789 1351 2816 dat
1368 2791 1398 2815 ut
1413 2789 1517 2820 Marco,
1533 2788 1654 2823 plebano
1678 2787 1767 2822 plebis
1785 2789 1818 2814 de
1835 2789 1960 2822 Concha,
1977 2789 2168 2816 Ariininensis
2182 2790 2316 2821 diocesis,

1303 2838 1332 2865 in
1354 2838 1475 2864 eeclesia
1502 2837 1678 2864 Ariminensi
1704 2837 1732 2863 in
1758 2838 1928 2865 canonicum
1956 2838 2044 2872 recipi
2067 2838 2151 2865 faciat
2173 2838 2255 2873 eique
2282 2839 2316 2865 de

1302 2887 1464 2921 praebenda
1482 2886 1641 2921 provideat.
1660 2886 1738 2915 (neo.
1753 2887 1798 2919 29,
1815 2886 1863 2913 fol.
1882 2887 1942 2917 158,
1960 2891 1992 2913 11ο
2008 2888 2084 2919 659.)
