2519 3262
153 273 190 302 18
898 266 1141 299 REGISTRES
1174 266 1390 297 D'URBAIN
1422 266 1480 295 IV.

151 355 241 386 Petri
257 355 296 385 de
306 355 394 385 Oure
404 354 424 390 ¹,
436 354 595 384 clericum
605 352 877 392 Compostellane
889 351 1045 386 (11000515,
1055 358 1157 388 super

152 408 293 437 ecclesia
313 407 418 437 sancti
442 406 601 445 Stephani
627 406 665 435 de
685 405 820 441 Quintis
847 406 919 434 orta
946 403 1068 435 extitit,
1099 410 1158 440 per

151 461 410 499 appellationem
422 460 461 490 ad
475 460 589 490 sedem
603 459 821 498 apostolicam
836 457 985 495 legitime
1001 455 1158 485 devoluta

152 513 283 549 suisset,
294 516 396 553 11111110
408 513 541 543 tandem
559 521 668 542 coram
685 512 806 541 dilecto
816 510 978 547 magistro
992 509 1155 544 Navarro,

150 567 323 606 capellano
341 568 467 600 nostro,
484 565 631 603 generali
653 564 766 603 palatii
788 563 893 592 nostri
913 561 1066 591 auditore
1083 569 1158 590 cau-

151 629 275 655 sarum,
298 629 356 658 pro
373 629 473 649 causa
492 618 683 656 lmjusmodi
703 616 791 655 apud
806 616 919 645 sedem
936 614 1157 653 apostolicam

149 673 383 712 prosequenda
397 680 590 710 cmnparere
605 678 773 702 curasses,
793 670 910 707 petens
930 668 1095 697 instanter
1121 667 1158 696 ut

150 726 222 765 ipse
251 726 433 755 secundnm
465 725 552 761 juris
581 723 733 752 ordinem
767 722 799 751 in
833 730 933 751 causa
963 720 1158 758 procederet

1219 348 1343 384 FroiIe,
1356 348 1515 378 clericum
1528 348 1803 388 Compostellane
1817 349 1974 386 diocesis,
1989 358 2031 380 ex
2043 352 2138 389 parte
2154 359 2230 387 una,

1219 402 1251 431 et
1260 401 1473 431 Dominicum
1486 401 1755 435 Petri‚clericum
1762 402 1802 432 de
1810 401 2064 440 Oure‚predicte
2074 403 2231 438 diocesis,

1219 463 1259 484 ex
1279 454 1395 484 altera.
1417 463 1519 493 super
1542 455 1685 485 ecclesia
1711 455 1817 485 sancti
1845 455 2004 493 Stephani
2025 456 2065 485 de
2083 455 2231 492 Quintis,

1219 507 1367 546 ejusdem
1389 508 1545 544 diocesis,
1568 508 1746 547 questione
1765 509 1963 547 eademque.
1984 510 2081 547 prout
2101 508 2232 539 diceba·

1217 561 1283 596 tur,
1296 569 1355 599 per
1364 561 1627 599 appellationem
1643 562 1682 591 ad
1697 561 1811 591 sedem
1825 561 2046 600 apostolicam
2060 561 2229 597 devoluta,

1218 613 1329 643 dictus
1347 613 1518 644 Joliannes
1544 623 1655 644 coram
1676 614 1785 650 nobis,
1805 614 1968 653 magistro
1991 614 2155 645 Navarro.
2176 614 2233 644 do-

1219 667 1302 696 mini
1318 675 1402 705 pape
1412 667 1586 705 capellano
1601 669 1630 697 et
1645 667 1755 705 ipsius
1772 667 1888 706 palatii
1910 667 2058 706 generali
2078 667 2232 697 auditore

1187 735 1188 749 1
1218 728 1407 755 causarum,
1425 728 1485 758 pro
1505 728 1540 749 se
1560 720 1784 758 personaliter
1798 729 1993 759 comparere
2008 721 2150 755 curavit,
2165 720 2234 750 ins·

150 780 346 813 memorata,
365 778 449 807 idem
471 776 741 806 auditordictum
760 774 976 804 Dominicum
992 774 1024 802 et
1040 780 1157 802 omnes
1187 771 1188 793 ἶ

150 841 185 862 ac
213 831 364 871 singulos
394 830 449 868 11111
472 838 532 859 sua
561 829 734 858 crederent
762 828 938 859 interesse,
958 825 1055 856 citari
1080 825 1157 854 fecit

150 885 277 924 pluries
307 886 335 913 et
355 884 489 913 demum
514 881 739 921 peremptorie
758 881 791 910 111
809 880 982 910 audientia
1010 878 1155 917 publica,

150 939 185 967 ut
200 940 249 967 est
267 937 381 967 moris.
397 937 535 971 Verum,
556 943 630 964 cum
648 934 763 964 nullus
781 943 840 972 pro
857 933 961 963 altera
982 933 1075 971 parte
1094 939 1157 970 11110

150 991 277 1020 diutius
298 991 370 1028 post
392 991 525 1027 tempus
549 988 739 1027 legitimum
764 988 937 1025 expectata
960 985 1084 1020 extitit,
1105 993 1156 1014 co-

148 1052 218 1074 ram
249 1043 398 1073 auditore
426 1042 635 1080 compareret
663 1040 792 1075 eodem,
818 1040 902 1078 ipse.
922 1039 1006 1068 visis
1033 1038 1156 1067 instru-

150 1097 271 1127 mentis
290 1095 530 1134 appellationis
550 1103 613 1133 que
636 1093 810 1123 dicebatur
839 1092 945 1122 fuisse
968 1092 1008 1122 ad
1041 1091 1157 1121 sedem

150 1149 323 1188 interjecta
354 1148 552 1187 predictam,
589 1146 814 1176 consideratis
838 1146 939 1176 etiam
974 1144 1052 1175 aliis
1092 1152 1156 1182 11110

149 1203 392 1233 consideranda
410 1201 554 1237 fuerant,
573 1199 817 1239 pronuntiavit,
833 1199 994 1229 suadente
1009 1197 1155 1236 justitia,

148 1264 282 1285 causam
302 1255 410 1294 ipsam
436 1263 494 1293 per
516 1253 777 1292 appellationem
802 1252 841 1281 ad
870 1251 984 1281 sedem
1015 1250 1156 1281 eandem

147 1309 297 1348 legitime
315 1309 507 1338 devolutam
527 1307 634 1337 fuisse
658 1315 693 1336 ac
716 1305 841 1335 ibidem
860 1304 997 1335 tractari
1021 1303 1154 1341 debere,

147 1363 333 1402 reputando
345 1362 465 1392 dictam
478 1363 604 1399 partem
616 1360 755 1390 alteram
773 1360 1016 1388 contumacem.
1027 1357 1156 1387 Deinde

147 1425 226 1447 vcro
238 1416 388 1455 prefatus
401 1415 544 1449 auditor,
556 1423 573 1443 a
586 1416 616 1443 te
630 1412 881 1451 presentialiter
894 1410 1009 1441 libello
1025 1413 1156 1448 recepto

147 1471 179 1500 et
196 1469 371 1508 premissis
394 1467 611 1497 citationibus
634 1466 666 1495 in
691 1465 839 1504 predicta
867 1464 1039 1494 audientia
1060 1463 1157 1502 juxta

147 1532 287 1558 morem,
314 1531 349 1551 ac
383 1530 400 1551 a
428 1523 458 1551 te.
486 1521 677 1559 juramento
705 1520 850 1556 recepto,
869 1518 1053 1547 secundum
1069 1516 1158 1555 juris

148 1575 350 1615 exigentiam
369 1577 399 1605 ct
416 1574 539 1611 negotii
555 1573 764 1612 qualitatem,
777 1571 1005 1609 visisquoque
1020 1569 1157 1599 rationi-

147 1629 222 1666 bus,
248 1627 514 1667 probationibus,
549 1626 683 1665 juribus
713 1625 781 1655 tuis
816 1626 847 1654 et
878 1623 1096 1662 processibus
1123 1623 1157 1652 in

149 1692 250 1713 causa
280 1682 394 1712 eadem
427 1680 552 1710 habitis
581 1679 698 1718 01511110
728 1678 909 1716 diligenter
937 1676 1155 1711 examinatis,

148 1736 290 1767 consilio
308 1735 489 1774 peritorum
511 1736 539 1764 et
559 1741 670 1763 secum
686 1732 786 1771 plena
805 1731 1049 1761 deliberatione
1066 1729 1158 1759 habi-

148 1789 192 1819 tis
221 1788 373 1828 jurisque
407 1787 523 1817 ordine
549 1786 737 1820 observato,
764 1786 795 1814 te
828 1793 961 1822 11111111110
987 1784 1156 1822 presente,

148 1850 208 1880 pro
227 1842 320 1880 parte
352 1849 430 1869 vero
464 1839 570 1869 altera
604 1838 736 1867 nemine
763 1838 987 1875 comparente,
1008 1835 1157 1865 decrevit

149 1895 376 1933 supradictam
400 1892 576 1923 ecclesiam
602 1891 707 1921 sancti
736 1890 894 1928 Stephani
920 1898 993 1919 cum
1018 1888 1154 1927 juribus

149 1950 179 1978 et
200 1946 414 1986 pertinentiis
434 1945 505 1975 51115
525 1945 564 1973 ad
580 1946 610 1974 te
630 1946 781 1982 spectaro
800 1943 840 1972 de
865 1943 952 1980 jure,
976 1951 1074 1980 quam
1092 1941 1153 1971 tibi

150 2009 208 2040 per
229 2000 431 2030 senteutiam
460 1998 675 2027 distinitivam
707 1996 902 2034 adjudicans
926 1997 957 2025 ct
987 1995 1153 2034 prefatum

147 2053 363 2084 Dominicum
383 2052 423 2081 ab
447 2051 587 2081 ecclesia
615 2050 686 2088 ipsa
717 2049 964 2079 sententialiter
993 2056 1154 2078 amovens

147 2106 280 2145 sibique
300 2106 499 2144 perpetuum
518 2104 696 2141 imponens
715 2102 888 2132 silentium
912 2110 1013 2139 super
1036 2109 1086 2135 ea,
1107 2101 1154 2139 ip-

147 2169 221 2190 sum
241 2159 301 2189 tibi
321 2159 353 2188 in
374 2157 538 2187 fructibus
558 2157 668 2186 medio
685 2158 834 2194 tempore
864 2155 939 2184 inde
971 2155 1151 2193 perceptis,

148 2221 263 2243 eorum
280 2211 467 2250 quantitate
484 2211 514 2239 in
545 2209 742 2239 executione
769 2208 934 2238 sententie
959 2207 1153 2245 hujusmodi

147 2265 358 2298 declaranda,
381 2272 507 2294 necnon
527 2263 558 2292 in
576 2271 693 2292 novem
713 2261 817 2291 libras
835 2263 1001 2297 turonen,
1018 2261 1154 2290 nomine

146 2326 384 2357 expensarum,
419 2316 589 2347 taxatione
616 2314 789 2354 prehabita
815 2316 846 2344 et
871 2314 1063 2352 juramento
1088 2323 1104 2343 a
1124 2316 1155 2343 te

146 2371 301 2411 prestito,
317 2369 586 2408 condempnavit,
605 2370 704 2407 prout
724 2368 755 2397 111
775 2367 910 2406 publico
930 2367 1154 2397 instrumento

146 2425 295 2455 contecto
319 2423 452 2456 exinde,
471 2422 603 2461 signato
620 2421 733 2460 sigillo
759 2421 867 2459 ipsius
890 2420 1067 2457 aiulitoris,
1087 2420 1155 2458 ple-

146 2478 223 2508 nius
254 2477 453 2507 continetur.
485 2476 555 2506 Nos
589 2475 714 2513 itaque,
752 2475 817 2504 tuis
848 2473 1155 2512 supplicationibus

146 2530 310 2565 inclinati,
338 2528 610 2562 declarationem,
639 2527 841 2558 sententiam
869 2528 899 2557 et
933 2527 1155 2565 condempna-

145 2583 270 2613 tionem
290 2582 493 2621 hujusmodi,
519 2581 605 2611 sicut
622 2589 681 2619 per
706 2580 847 2610 eundem
871 2580 1058 2610 auditorem
1079 2588 1153 2618 pro-

146 2637 221 2667 vide
234 2636 299 2666 late
315 2637 403 2671 sunt,
420 2637 510 2665 ratas
526 2637 557 2665 et
574 2635 688 2665 firmas
699 2634 872 2668 habentes,
884 2642 941 2664 eas
955 2633 1155 2664 anctoritate

146 2689 331 2728 apostolica
345 2689 585 2718 confirmamus
600 2690 630 2718 et
648 2687 817 2726 presentis
834 2687 950 2726 scripti
968 2686 1155 2725 patrocinio

145 2742 404 2773 communimus.

185 2795 349 2826 Tenorem
383 2795 493 2823 autem
529 2794 636 2832 ipsius
671 2793 886 2823 instrumenti
916 2793 955 2822 de
982 2792 1083 2823 verbo
1113 2793 1154 2822 ad

143 2847 283 2880 verbum
306 2846 520 2886 presentibus
544 2847 685 2876 fecimus
707 2847 872 2881 annotari,
893 2846 949 2884 11111
970 2846 1048 2875 talis
1071 2847 1121 2875 est
1145 2856 1150 2875 :

184 2912 198 2930 11
219 2901 256 2931 111
281 2899 416 2930 1101111110
448 2899 581 2929 bomini
609 2908 716 2930 amen.
747 2899 827 2930 Orta
854 2899 940 2928 inter
964 2898 1150 2928 Johannem

175 2969 196 2993 1.
214 2967 255 2992 011
275 2968 341 2997 peut
358 2965 410 2989 lire
429 2965 508 2988 aussi
527 2965 604 2989 (hu-e.

1217 774 1326 803 tanter
1338 775 1455 811 petens
1468 774 1501 802 ut
1521 773 1552 802 in
1570 773 1686 803 eodem
1701 774 1834 811 negotio
1846 774 2025 811 procedere
2044 773 2230 803 secundum

1214 826 1302 865 Juris
1322 826 1474 856 ordinem
1490 825 1703 856 deberemus,
1728 826 1800 856 Nos
1827 827 1939 864 itaque
1974 826 2139 864 prefatum
2166 826 2231 857 Do-

1219 879 1379 908 minicum
1399 880 1430 908 et
1448 887 1564 908 omnes
1583 881 1611 908 et
1633 879 1785 917 singulos
1804 879 1861 917 qui
1879 887 1940 908 sna
1957 879 2128 908 crederent
2149 879 2232 909 inte-

1218 932 1462 970 resse‚pluries
1477 934 1506 962 et
1518 932 1652 961 tandem
1663 931 1888 970 peremptorie
1901 931 1997 961 citari
2012 932 2045 961 in
2056 932 2230 961 audientia

1218 985 1352 1024 publica
1380 985 1533 1021 fecimus,
1561 987 1594 1015 ut
1621 987 1671 1014 est
1698 979 1814 1014 moris.
1842 985 1939 1021 Sane,
1965 984 2054 1014 (licto
2075 985 2228 1015 Johanne

1218 1046 1329 1068 coram
1350 1038 1447 1067 nobis
1465 1047 1523 1076 per
1552 1047 1586 1067 se
1615 1038 1841 1076 personaliter
1870 1039 2096 1076 comparente,
2114 1038 2229 1068 nullus

1217 1099 1277 1129 pro
1305 1094 1400 1130 parte
1428 1091 1570 1121 adversa
1601 1090 1790 1129 comparuit
1820 1090 2022 1129 principalis
2048 1099 2107 1121 seu
2127 1091 2230 1121 etiam

1216 1147 1423 1183 procurator,
1444 1145 1601 1183 quamvis
1619 1145 1749 1174 diutius
1772 1144 1861 1174 ultra
1882 1146 2018 1183 tempus
2040 1144 2230 1183 legitimum

1217 1207 1274 1228 eos
1288 1198 1487 1228 duxerimus
1506 1198 1745 1236 expectandos.
1757 1197 1852 1227 Visis
1868 1197 1971 1236 igitur
1989 1198 2229 1228 instrumentis

1218 1251 1458 1290 appellationis
1476 1260 1539 1289 que
1557 1250 1731 1281 dicebatur
1752 1251 1791 1281 ad
1808 1251 1921 1280 sedem
1940 1251 2160 1289 apostolicam
2181 1251 2231 1280 in-

1217 1305 1367 1344 teriecta,
1387 1304 1611 1334 consideratis
1632 1305 1732 1334 etiam
1758 1304 1836 1334 aliis
1858 1313 1921 1342 que
1943 1304 2152 1334 considerari
2177 1305 2231 1334 de-

1217 1357 1375 1391 buerunt,
1407 1358 1530 1387 dictam
1567 1366 1703 1387 causam
1737 1357 2035 1396 pronuntiavimus
2064 1366 2139 1387 0550
2171 1366 2231 1396 per

1219 1411 1481 1450 appellationem
1495 1410 1535 1440 ad
1551 1410 1666 1440 sedem
1681 1410 1902 1449 apostolicam
1923 1410 2073 1448 legitime
2093 1410 2230 1440 devolu-

1218 1465 1287 1494 tam
1307 1466 1337 1493 et
1354 1464 1385 1493 in
1408 1464 1524 1494 eadem
1541 1463 1677 1493 tractari
1695 1463 1829 1499 debere,
1859 1463 1985 1492 dictum
2011 1463 2230 1493 Dominicum

1219 1519 1249 1547 et
1269 1526 1385 1547 omnes
1405 1520 1433 1547 et
1456 1516 1608 1555 singulos
1626 1525 1768 1555 quorum
1784 1518 1913 1554 poterat
1934 1516 2113 1550 interesse,
2131 1525 2231 1555 repu-

1218 1571 1319 1602 tando
1352 1570 1593 1600 nichilominus
1627 1571 1859 1603 contumaces3
1894 1578 1930 1598 ac
1964 1569 2085 1598 deinde
2119 1569 2233 1599 dictus

1217 1624 1388 1654 Johannes
1408 1632 1509 1662 super
1523 1623 1701 1662 principali
1719 1631 1831 1652 coram
1847 1622 1946 1652 nobis
1963 1622 2117 1652 libellum
2135 1621 2230 1653 obtu-

1218 1678 1256 1708 lit
1274 1677 1307 1707 in
1325 1677 1411 1707 hunc
1430 1677 1566 1707 moduni
1589 1686 1595 1706 z

1258 1742 1272 1760 «
1303 1731 1423 1761 Coram
1453 1730 1561 1766 vobis,
1596 1730 1758 1768 magistro
1790 1730 1953 1764 Navarro,
1984 1729 2111 1759 domini
2147 1737 2232 1767 pape

1219 1797 1234 1812 »
1253 1784 1427 1823 capellano
1440 1793 1476 1813 ac
1494 1784 1603 1822 ipsius
1616 1783 1744 1813 domini
1758 1783 1876 1822 palatii
1888 1791 2066 1812 causarum
2080 1782 2230 1821 generali

1219 1850 1233 1865 »
1254 1838 1418 1873 auditore,
1439 1837 1596 1876 proponit
1612 1836 1783 1866 Johannes
1808 1836 1942 1874 Froyle,
1962 1838 2070 1865 rector
2089 1835 2231 1865 ecclesie

1219 1901 1234 1919 1)
1254 1890 1361 1921 sancti
1380 1890 1539 1928 Stephani
1558 1890 1597 1920 de
1611 1889 1758 1924 Quintis,
1778 1888 2052 1927 (Iompostellane
2069 1888 2229 1924 diocesis,

1218 1956 1232 1971 »
1253 1945 1369 1973 contra
1383 1943 1599 1973 Dominicum
1616 1942 1719 1977 Petri,
1731 1941 1891 1971 clericum
1909 1941 1949 1971 de
1965 1941 2065 1974 Oure,
2077 1941 2229 1980 ejusdem

1218 2007 1233 2025 1)
1252 1997 1410 2029 diocesis,
1431 2005 1489 2026 5011
1522 1995 1708 2034 legitimam
1741 2003 1919 2033 personam
1947 1994 2228 2024 intervenientem

1218 2060 1232 2079 1)
1253 2058 1312 2088 pro
1330 2058 1379 2085 eo,
1391 2049 1506 2079 dicens
1522 2049 1621 2087 quod,
1634 2057 1708 2077 cum
1727 2047 1913 2086 predictam
1926 2047 2104 2077 ecclesiam
2122 2047 2229 2077 sancti

1218 2114 1232 2132 »
1251 2102 1410 2141 Stephani
1431 2103 1470 2131 de
1486 2102 1619 2137 Quintis
1636 2100 1856 2139 cuinjuribus
1873 2102 1903 2130 et
1924 2100 2140 2139 pertinentiis
2156 2100 2230 2130 suis

1216 2168 1231 2183 11
1250 2155 1408 2185 canonice
1426 2155 1467 2185 sit
1486 2154 1627 2192 adeptus
1646 2153 1829 2192 eademque
1850 2153 1891 2182 ad
1909 2161 1985 2182 011111
2003 2153 2042 2183 110
2055 2153 2131 2191 jure
2155 2161 2228 2191 per·

1218 2220 1232 2238 11
1251 2209 1391 2244 tineant,
1417 2207 1588 2246 predictus
1615 2209 1726 2236 tamen
1751 2206 1950 2236 Dominicas
1979 2206 2010 2235 in
2039 2206 2227 2244 predictam

1218 2276 1231 2289 »
1254 2262 1429 2292 ecclesiam
1449 2270 1484 2291 sc
1501 2261 1637 2290 intrusit
1655 2263 1684 2289 et
1704 2260 1844 2290 eandem
1858 2260 2033 2298 occupavit
2050 2262 2080 2289 et
2101 2259 2227 2289 detinet

1219 2330 1241 2351 »¹
1251 2317 1457 2354 occupatam,
1468 2315 1501 2344 in
1514 2315 1624 2344 anime
1638 2323 1697 2343 sue
1711 2313 1901 2352 periculum
1912 2314 1941 2343 et
1955 2313 2096 2351 predicti
2107 2312 2229 2343 doban-

1218 2383 1232 2398 »
1250 2370 1302 2400 nis
1319 2368 1544 2408 prejudicium
1558 2370 1589 2398 et
1603 2375 1807 2406 gravamem.
1827 2366 1937 2401 Quare
1953 2366 2037 2404 petit
2055 2366 2228 2404 predictus

1219 2434 1233 2449 »1
1252 2422 1423 2453 Johannes
1441 2421 1626 2460 predictam
1644 2419 1834 2450 ecclesiam.
1854 2427 1929 2448 cum
1944 2417 2079 2456 juribus
2100 2421 2130 2448 et
2155 2426 2229 2457 per-

1219 2486 1233 2505 »
1254 2475 1407 2506 tinentiis
1427 2474 1511 2508 suis,
1528 2474 1637 2503 eidem
1654 2471 1840 2511 adjudicari
1860 2473 1890 2501 et
1907 2471 1947 2501 ad
1969 2471 2081 2509 ipsum
2096 2471 2136 2501 de
2151 2471 2227 2510 jure

1218 2542 1233 2557 »
1251 2531 1404 2568 spectare
1423 2536 1482 2566 per
1502 2527 1648 2557 vestram
1667 2525 1871 2555 sententiam
1888 2524 2051 2554 declarari
2067 2527 2099 2554 et
2116 2523 2227 2555 eidem

1219 2593 1233 2611 »
1255 2581 1433 2613 Dominico
1453 2589 1555 2619 super
1569 2579 1658 2609 dicta
1674 2578 1828 2614 ecclesia,
1845 2577 1982 2616 juribus
2000 2580 2030 2608 et
2058 2578 2228 2616 pertinen—

1218 2646 1233 2665 »
1251 2636 1309 2666 tiis
1329 2635 1401 2665 suis
1418 2635 1617 2672 perpetuum
1636 2631 1810 2662 silentium
1828 2631 1953 2669 imponi
1976 2633 2006 2661 et
2027 2630 2170 2661 eundem
2186 2630 2227 2661 ab

1218 2701 1232 2718 »
1252 2689 1369 2719 eadem
1386 2686 1634 2717 sententialiter
1650 2684 1812 2719 amoveri,
1831 2693 1907 2714 cum
1927 2684 2058 2714 nullum
2081 2684 2137 2722 jus
2158 2683 2225 2714 sibi

1218 2752 1233 2772 11
1253 2742 1419 2780 competat
1437 2740 1470 2770 in
1496 2739 1625 2770 eadem.
1645 2739 1728 2768 Item
1744 2737 1825 2777 petit
1850 2738 1961 2776 ipsum
1983 2737 2223 2776 condempnari

1218 2806 1233 2824 1)
1252 2796 1284 2825 111
1302 2793 1467 2824 fructibus
1486 2793 1562 2823 inde
1577 2791 1746 2830 perceptis
1762 2791 1793 2821 et
1811 2791 1868 2830 (1111
1886 2790 2013 2829 percipi
2029 2791 2222 2829 potuerunt,

1215 2857 1232 2878 »
1253 2851 1282 2879 et
1302 2849 1335 2878 in
1351 2846 1509 2885 dampnis
1520 2848 1549 2876 et
1569 2845 1729 2883 expensis
1749 2844 1847 2874 tactis
1866 2845 1897 2873 et
1913 2844 1954 2873 de
1974 2842 2136 2873 faciendis
2151 2851 2226 2881 pro-

1217 2912 1231 2931 »
1252 2902 1406 2935 testatur,
1425 2908 1488 2938 que
1507 2898 1620 2929 omnia
1644 2898 1677 2927 in
1702 2905 1863 2936 processu
1886 2895 2005 2935 judicii
2024 2895 2222 2929 declarabit,

1213 2964 1230 2984 1)
1249 2954 1343 2984 salvo
1357 2953 1431 2992 jure
1451 2954 1513 2983 etc.
1533 2962 1547 2980 1)

2516 669 2519 695 --
2513 573 2519 649 -ᾳ
2512 395 2519 560 *-“-
