2519 3262
288 193 349 222 400

288 278 399 306 catum
419 275 560 305 ecclesie
580 283 605 303 s.
623 273 800 311 Gaugerici
817 272 1083 308 Cameracensis,
1103 281 1178 301 cum
1196 271 1299 310 pleni-

288 329 405 359 tudine
424 327 513 367 juris
535 326 698 362 canonici,
713 335 749 356 ac
773 325 1015 355 nichilominus
1032 325 1236 363 prebendam
1260 324 1300 354 ad

289 381 505 411 collationem
534 380 683 419 ejusdem
713 378 864 418 episcopi
895 379 1133 417 pertinentem,
1165 378 1193 407 si
1222 378 1300 407 tunc

290 434 428 464 vacabat
445 433 584 468 ibidem,
599 432 784 471 apostolica
800 431 865 461 sibi
881 432 1079 462 auctoritate
1094 431 1300 461 contulimus

289 489 321 517 et
341 488 451 526 ipsum
471 486 722 525 presentialiter
745 493 803 524 per
824 486 977 515 nostrum
1000 484 1137 514 anulum
1163 484 1302 514 investi-

289 541 401 570 vimus
432 540 470 569 do
503 539 643 575 eisdem,
683 538 835 576 alioquin
870 537 1063 576 hujusmodi
1096 536 1300 575 prebendam

291 592 373 622 inibi
399 593 555 630 proximo
577 591 1033 626 vacaturam,conferendam
1061 591 1181 626 eidem,
1197 591 1301 620 dona-

290 646 373 676 tioni
401 645 585 684 apostolice
615 646 841 680 reservantes,
872 644 1086 674 decernimus
1109 644 1245 674 irritum
1271 646 1301 675 et

291 699 388 729 inane
407 699 435 728 si
457 699 496 728 de
513 698 683 736 prebenda
703 698 915 736 ipsa,nostra
934 697 985 727 vel
1007 697 1072 727 alia
1089 697 1209 736 quavis
1226 706 1298 727 auc-

290 752 437 787 toritate,
455 760 553 781 secus
578 751 786 789 contingeret
817 751 1021 789 attemptari.
1044 751 1120 780 Non
1148 750 1302 780 obstante

291 806 416 835 statuto
444 822 491 839 —-‚
514 804 584 834 sive
608 804 696 843 quod
719 804 828 834 eidem
849 803 1007 842 episcopo
1029 803 1069 833 ab
1088 803 1204 834 eadem
1223 804 1302 835 sede

291 858 415 888 dicitur
439 866 514 887 esse
544 866 740 887 concessum
772 858 805 886 ut
836 857 868 886 in
901 857 1037 887 civitate
1067 856 1302 887 Cameracensi

293 911 375 941 nulli
406 911 444 940 de
469 911 622 940 canoniis
650 910 702 940 vel
736 909 917 949 prebendis
946 910 1054 948 possit
1084 919 1142 948 per
1171 910 1303 940 litteras

292 964 496 1003 apostolicas
514 963 695 1002 provideri,
708 964 740 993 in
760 962 883 1002 quibus
899 963 987 993 idem
1009 963 1189 1002 episcopus
1205 963 1303 993 datus

293 1026 356 1060 non
378 1017 477 1047 fuerit
496 1018 655 1047 executor
672 1017 725 1047 vel
743 1016 809 1046 nisi
829 1017 868 1047 de
890 1025 951 1046 sua
969 1017 1171 1055 processerit
1190 1017 1305 1047 volun-

293 1072 358 1100 tate
381 1072 413 1100 et
438 1070 588 1109 qualibet
607 1070 673 1100 alia
698 1070 908 1109 indulgentia
932 1070 1019 1100 dicte
1039 1070 1130 1100 sedis
1155 1070 1302 1109 generali

294 1123 343 1153 vel
362 1123 512 1162 speciali,
530 1141 567 1145 —-
581 1124 653 1153 sive
677 1123 763 1162 quod
786 1123 874 1153 idem
893 1124 928 1153 R.
953 1131 1017 1153 non
1036 1125 1086 1154 est
1107 1132 1246 1162 presens
1263 1123 1303 1153 ad

294 1177 510 1215 prestandum
527 1177 566 1207 de
586 1176 807 1206 observandis
824 1176 965 1206 ecclesie
982 1176 1110 1215 prefate
1126 1178 1302 1207 consuetu-

293 1229 430 1259 dinibus
462 1231 493 1259 et
525 1229 662 1259 statutis
696 1229 833 1259 solitum
863 1229 1108 1268 juramentum,
1141 1230 1181 1259 ad
1214 1230 1304 1269 quod

294 1283 511 1322 prestandum
533 1283 769 1321 personaliter,
796 1283 978 1312 dummodo
999 1283 1083 1312 illud
1110 1292 1168 1321 per
1187 1291 1302 1321 procu-

293 1338 437 1366 ratorem
462 1336 506 1365 sit
529 1337 679 1374 prestare
697 1337 846 1374 paratus,
865 1336 976 1374 ipsum
999 1336 1156 1366 volumus
1174 1345 1239 1366 non
1257 1337 1304 1366 te-

294 1389 376 1419 neri.
408 1389 572 1424 Quocirca
605 1388 800 1418 discretioni
827 1390 882 1418 tue
907 1389 1109 1418 mandamus
1138 1392 1304 1428 quatenus

292 1443 418 1473 dictum
431 1443 466 1472 Γ).
482 1442 534 1471 vel
551 1442 805 1480 procuratorem
823 1450 934 1477 suum,
947 1442 1019 1480 ejus
1035 1442 1184 1477 nomine,
1199 1442 1304 1472 facias

292 1504 350 1534 per
367 1496 398 1525 te
415 1495 467 1526 vel
485 1504 543 1534 per
561 1495 665 1525 alium
691 1495 725 1524 in
744 1495 873 1534 prefata
893 1495 1036 1525 ecclesia
1053 1495 1087 1525 in
1104 1495 1303 1525 canonicum

292 1548 395 1587 recipi
414 1550 446 1579 et
464 1549 497 1578 in
515 1548 666 1584 fratrem,
679 1548 824 1578 stalloin
840 1548 939 1578 choro
955 1550 987 1579 et
1002 1549 1074 1579 loco
1090 1549 1123 1579 in
1141 1549 1303 1588 capitulo,

292 1610 366 1631 cum
390 1601 600 1640 plenitudine
624 1601 711 1640 juris
740 1601 1115 1641 canonici,assigmitis,
1142 1602 1304 1632 inducens

292 1664 367 1685 cum
394 1655 446 1685 vel
474 1656 727 1693 procuratorem
753 1655 865 1694 ipsum
891 1664 950 1693 pro
978 1664 1016 1685 eo
1043 1655 1075 1685 in
1095 1655 1305 1695 corporalem

292 1708 541 1747 possessionem
559 1707 726 1747 prebende
747 1709 786 1738 ad
806 1709 1022 1739 collationem
1046 1709 1198 1748 ejusdem
1218 1709 1305 1748 epis-

291 1761 364 1799 copi
384 1761 595 1800 pertinentis,
613 1761 642 1792 si
659 1770 724 1800 qua
736 1765 886 1800 tempore
899 1762 1093 1801 hujusmodi
1111 1762 1304 1792 collationis

291 1813 429 1844 vacabat
446 1814 585 1849 ibidem,
601 1823 638 1845 ac
661 1814 844 1845 defendens
869 1815 1054 1845 inductum.
1075 1815 1171 1851 Quod
1192 1815 1220 1845 si
1241 1815 1305 1845 for-

291 1876 350 1897 san
377 1868 494 1898 eodem
518 1869 669 1906 tempore
695 1868 809 1907 aliqua
830 1868 910 1898 talis
931 1868 1102 1907 prebenda
1130 1868 1214 1898 inibi
1239 1877 1304 1898 non

291 1920 441 1956 vacabat,
458 1922 495 1950 tu
512 1920 717 1959 prebendam
735 1921 942 1960 huJusmodi,
966 1921 994 1951 si
1019 1930 1086 1960 qua
1101 1930 1233 1952 exnunc
1250 1931 1306 1951 va—

291 1973 379 2003 cavit
396 1973 520 2003 ibidem
534 1974 606 2004 sive
621 1974 873 2013 quamprimum
892 1975 931 2004 ad
951 1975 983 2004 id
997 1984 1032 2005 sc
1050 1975 1193 2005 facultas
1212 1974 1305 2005 obtu-

292 2026 380 2061 lerit,
409 2026 508 2065 juxta
543 2027 764 2065 prescriptam
795 2027 950 2065 formam,
981 2028 1153 2058 nominato
1182 2029 1218 2058 Β.
1249 2029 1305 2058 aut

292 2079 401 2109 eidem
417 2079 639 2117 procuratori,
658 2088 718 2109 suo
738 2080 885 2116 nomine,
904 2089 963 2118 per
984 2081 1016 2110 te
1040 2081 1092 2110 vel
1116 2089 1175 2119 per
1199 2081 1303 2111 alium

291 2132 443 2162 conseras
457 2134 488 2162 et
503 2132 667 2171 assignes,
680 2133 859 2172 ipsumque
877 2133 930 2163 vel
950 2135 1203 2173 procuratorem
1223 2143 1304 2164 eun-

291 2185 365 2215 dem
385 2194 445 2224 pro
463 2186 536 2224 ipso
556 2186 587 2215 in
609 2185 760 2223 ejusdem
778 2186 947 2224 prebende
973 2196 1009 2216 ac
1028 2186 1157 2225 jurium
1180 2189 1212 2217 et
1230 2196 1304 2225 per-

291 2238 512 2268 tinentiarum
533 2239 743 2277 corporalem
764 2239 1031 2278 possessionem,
1052 2241 1163 2270 amoto
1185 2239 1225 2272 ab
1244 2240 1304 2270 illa

291 2291 443 2330 quolibet
461 2291 646 2327 detentore,
669 2292 809 2322 inducas
827 2294 858 2323 et
876 2293 1005 2323 tuearis
1024 2293 1208 2323 inductum.
1228 2294 1304 2324 Non

291 2344 502 2375 obstantibus
526 2363 575 2373 —.
601 2345 875 2376 Contradictores
901 2364 949 2375 —.
978 2347 1102 2377 Datum
1128 2347 1216 2386 apud
1242 2347 1301 2377 Ur-

290 2397 529 2434 bemveterem,
551 2407 574 2427 11
594 2399 670 2428 idus
686 2399 893 2434 novembris,
913 2408 1000 2429 anno
1022 2400 1133 2430 tertio.
1155 2410 1169 2429 1)

380 2554 478 2585 2382

793 2553 917 2584 Orvieto,
940 2555 969 2582 18
983 2555 1135 2581 decembre
1151 2555 1230 2582 1263.

325 2637 442 2664 JotTrido
456 2637 531 2664 dicto
547 2638 693 2671 Villekant,
708 2639 846 2665 canonico
863 2639 1047 2672 Virdunensi,
1068 2641 1186 2667 mandat
1210 2642 1239 2667 ut
1258 2640 1304 2667 Jo-

292 2685 378 2712 liunui
391 2686 424 2712 de
439 2686 645 2718 'l'rainblecort,
658 2687 796 2714 canonico
814 2687 954 2715 ccclesiae
966 2688 1120 2723 l‘nIlensis,
1133 2692 1179 2724 qul
1191 2690 1227 2716 ad
1239 2689 1304 2716 sub-

291 2734 502 2762 tliesuurariam
517 2736 645 2771 ejusdcm
667 2736 806 2764 ccclesiae
821 2737 1045 2772 assequendum,
1064 2738 1117 2764 iter
1139 2738 1174 2765 ad
1196 2739 1304 2765 lloma—

292 2791 358 2810 nam
386 2783 495 2810 curiam
519 2784 690 2819 arripuerat,
718 2786 896 2820 praebendae
921 2794 989 2813 suue
1013 2789 1168 2821 proventus
1193 2787 1220 2814 iu
1242 2787 1302 2823 ejus

292 2832 422 2859 absentia
449 2836 598 2868 perceptos
632 2833 777 2869 assignari
804 2834 901 2862 saciat.
926 2835 1008 2870 (lino.
1030 2836 1076 2869 29,
1107 2835 1154 2862 sol.
1184 2837 1236 2864 273
1260 2841 1301 2868 v0,

293 2885 323 2906 n0
345 2881 434 2917 1131.)

1041 187 1286 218 REGISTRES
1313 187 1528 218 D'URBAIN
1558 188 1615 217 IV.

1399 281 1413 299 (τ
1432 270 1575 309 Joffrido,
1594 270 1675 299 dicto
1692 271 1879 306 Villekant,
1902 271 2048 299 canow'ro
2068 270 2260 301 Virdunensi.
2284 271 2368 301 Cum

1358 324 1502 354 dilectus
1520 324 1611 353 iilius
1631 341 1680 352 —.
1698 324 1822 354 Datum
1838 324 1927 362 apud
1945 323 2233 360 Urbemveterem,
2252 333 2296 354 xv
2314 324 2370 353 ka-

1358 377 1476 407 lendas
1493 376 1652 415 januarii,
1675 385 1761 406 anno
1782 377 1894 406 tertio.
1914 386 1928 405 »

1449 558 1546 588 2383
1851 555 1975 588 Orvieto,
1997 556 2027 583 ’11
2045 556 2197 583 decembre
2221 556 2298 583 1203.

1395 640 1510 667 Cuntori
1531 640 1668 667 ecclcsiae
1691 639 1905 666 salamantinae
1925 640 2043 666 mandat
2065 642 2093 666 ut
2112 639 2256 674 Stephano
2279 640 2373 667 Domi-

1359 689 1426 723 nici,
1437 689 1576 716 canonico
1589 689 1726 716 ecelesiae
1738 689 1934 721 Zamorensis‚
1945 688 2053 715 fructus
2068 689 2216 724 cujusdam
2232 689 2374 723 portionis

1359 738 1387 765 in
1404 740 1504 765 eadem
1521 739 1643 765 ecclesia
1658 738 1768 765 tamdiu
1782 738 1943 764 ministrari
1962 738 2047 765 saciat
2062 739 2153 765 donec
2168 738 2274 765 ibidem
2292 746 2374 773 prae-

1359 788 1482 814 bendam
1501 788 1585 815 suerit
1602 790 1762 814 assecutus.
1783 788 1861 821 (Ilm.
1880 788 1925 820 29,
1942 787 1991 814 l'ol.
2009 787 2073 821 274,
2089 793 2119 814 n⁰
2138 788 2230 819 1432.)

1401 901 1415 920 «
1436 890 1563 921 Cantori
1582 890 1701 920 ecclesie
1717 890 1943 920 Salamancine.
1961 890 2029 921 Sua
2045 890 2142 920 nobis
2161 890 2307 921 dilectus
2324 907 2372 920 —.

1360 945 1482 975 Datum
1504 944 1592 983 apud
1619 944 1906 979 tereuiveterem,
1922 953 1957 973 111
1975 944 2053 974 idus
2069 943 2269 979 decembris,
2287 951 2374 974 anno

1360 997 1470 1028 tertio.
1491 1007 1505 1026 i>

1449 1174 1546 1205 2384
1862 1172 1988 1206 Orvieto,
2007 1172 2037 1200 18
2053 1173 2205 1199 decembre
2223 1172 2302 1200 1203.

1397 1257 1534 1292 Episcopo
1560 1255 1714 1284 l‘arisiensi
1731 1257 1848 1283 mandat
1865 1259 1905 1288 ut,
1930 1257 2048 1284 obtentu
2077 1257 2210 1292 magistri
2235 1257 2374 1292 Philippi,

1360 1305 1526 1332 cancellarii
1545 1305 1620 1340 regis
1638 1305 1786 1338 Franciae,
1805 1306 1978 1340 Raymundo
2003 1305 2141 1333 Johannis
2162 1306 2278 1338 clerico,
2303 1314 2374 1333 con-

1361 1354 1520 1389 sanguineo
1547 1354 1686 1389 praedicti
1713 1354 1891 1388 cancellarii,
1907 1355 1941 1381 de
1960 1355 2125 1389 praebenda
2149 1355 2178 1382 in
2207 1355 2330 1383 ecclesia
2348 1363 2372 1383 s.

1362 1402 1476 1430 Martini
1494 1404 1528 1430 de
1544 1402 1702 1438 Campellis
1721 1403 1750 1430 in
1774 1403 1851 1437 Bria,
1876 1404 1904 1430 in
1931 1412 1985 1438 qua
2007 1404 2236 1439 praebendarum
2258 1404 2376 1432 collatio

1361 1453 1395 1479 ad
1414 1453 1548 1479 eumdem
1565 1452 1732 1487 episcopum
1754 1452 1890 1487 pertinet,
1901 1452 2051 1488 providere
2065 1455 2207 1488 procuret.
2228 1453 2299 1488 (aaa
2330 1454 2375 1485 29,

1362 1501 1409 1528 sol.
1428 1502 1490 1533 274,
1510 1507 1539 1528 n⁰
1556 1502 1648 1537 1433.)

1403 1618 1416 1635 α
1439 1607 1596 1647 Episcopo
1614 1606 1795 1638 parisiense
1820 1607 1951 1638 Inducti
1970 1607 2150 1646 probitatis
2175 1607 2307 1638 meritis
2323 1625 2376 1638 —.

1363 1661 1489 1691 Datum
1516 1660 1605 1700 apud
1631 1660 1920 1698 Urbemveterem,
1951 1670 1995 1691 xv
2022 1661 2186 1692 kalendas
2211 1661 2376 1700 januarii,

1363 1723 1449 1744 anno
1466 1714 1577 1745 tertio.
1598 1724 1613 1743 ))

1454 1884 1550 1915 2385

1862 1883 1986 1915 Orvieto,
2003 1884 2038 1911 23
2056 1883 2209 1910 decembre
2228 1883 2304 1911 1263.

1399 1968 1524 1994 Plebano
1543 1967 1633 2002 plebis
1652 1969 1685 1994 de
1711 1969 1815 1995 Lasaro
1829 1968 1925 1995 Turris
1943 1969 2060 1996 mandat
2082 1971 2112 1995 ut
2135 1968 2313 1995 §lanfredum
2341 1969 2376 1995 de

1362 2016 1485 2048 Mirolio,
1516 2017 1652 2044 clericum
1680 2017 1790 2044 nullum
1822 2017 1914 2044 adhuc
1947 2018 2119 2044 beneficium
2146 2017 2377 2045 ecclesiasticum

1361 2069 1536 2096 assecutum,
1558 2067 1675 2093 obtentu
1697 2066 1922 2097 L'berti,diaconi
1941 2067 2096 2094 cardinalis
2122 2075 2144 2093 s.
2170 2066 2329 2099 Eustachii,
2346 2066 2376 2093 in

1362 2114 1442 2148 plebe
1453 2123 1475 2141 s.
1490 2114 1635 2141 Laurentii
1650 2115 1685 2141 de
1704 2114 1843 2148 Montilio,
1857 2115 2048 2142 vercellensis
2064 2115 2201 2147 diocesis,
2215 2115 2244 2142 in
2259 2115 2376 2142 canoni-

1361 2171 1425 2189 cum
1441 2165 1469 2189 et
1486 2164 1513 2189 in
1532 2164 1652 2190 tratrem
1667 2164 1755 2198 recipi
1771 2163 1866 2191 faciat.
1886 2164 1965 2199 (Rau.
1983 2166 2029 2198 229,
2044 2164 2092 2192 t'ol.
2110 2165 2163 2192 274
2180 2171 2216 2196 νο,
2233 2170 2262 2191 n⁶
2283 2164 2374 2194 1434.)

1402 2279 1416 2299 t(
1437 2269 1571 2299 Plebano
1581 2269 1681 2309 plebis
1699 2269 1735 2300 de
1751 2271 1866 2300 Lusum
1885 2271 2002 2307 Turris,
2027 2271 2221 2301 Vercellcnsis
2238 2271 2375 2302 diocesis.

1360 2322 1532 2361 Ascriptis
1556 2323 1678 2354 militie
1697 2323 1846 2354 clericali
1864 2340 1913 2355 -.
1937 2324 2061 2355 Datum
2079 2324 2166 2363 apud
2188 2324 2376 2357 Urbemve-

1360 2377 1477 2412 terem,
1499 2385 1520 2406 x
1534 2376 1697 2406 kalendas
1710 2377 1870 2415 Januarii‚
1889 2386 1975 2408 anno
1998 2379 2109 2408 tertio.
2127 2387 2141 2406 n

1451 2557 1549 2587 2380
1858 2557 1983 2589 orvieto,
2005 2558 2036 2585 18
2049 2559 2202 2585 decembre
2225 2558 2300 2587 1263.

1394 2639 1506 2667 Decauo
1521 2641 1658 2668 eeclesiae
1678 2642 1845 2669 Werdeusis
1867 2644 1985 2670 mandat
2008 2646 2048 2670 ut.
2063 2643 2181 2670 obtentu
2206 2643 2306 2671 decani
2323 2651 2374 2671 ec-

1359 2688 1464 2715 clesiae
1481 2699 1502 2716 s.
1528 2690 1634 2717 Mariae
1659 2691 1693 2718 ad
1714 2692 1820 2718 Gradus
1843 2691 2030 2723 Coloniensis,
2056 2693 2266 2727 Rosmanuum,
2287 2700 2373 2720 cano-

1359 2737 1455 2764 nicum
1477 2738 1605 2773 ejusdem
1627 2739 1777 2772 ecclesiae,
1795 2740 1822 2767 in
1844 2740 1966 2767 eeclesia
1984 2741 2128 2768 Bunnensi
2155 2741 2182 2767 in
2201 2741 2373 2769 canonicum

1359 2787 1446 2821 recipi
1462 2787 1557 2818 saciat,
1576 2799 1589 2813 u
1611 2796 1666 2815 uon
1683 2789 1816 2816 obstante
1832 2790 1907 2823 quod
1926 2789 2089 2817 Coloniensi
2108 2789 2324 2825 archiepiscopo
2338 2791 2375 2818 ab

1358 2836 1460 2862 eadem
1478 2837 1544 2863 sede
1560 2837 1672 2864 dicatur
1687 2845 1751 2864 esse
1769 2838 1914 2865 indultum
1932 2839 2007 2874 quod
2025 2839 2053 2866 in
2076 2839 2239 2866 Coloniensi
2256 2839 2374 2867 civitate

1359 2885 1402 2911 vel
1421 2885 1527 2913 diocesi
1544 2893 1594 2920 per
1611 2886 1723 2914 litteras
1743 2887 1917 2922 apostolicas
1932 2896 1988 2914 non
2006 2888 2094 2922 possit
2123 2888 2208 2915 alicui
2232 2889 2267 2915 de
2291 2889 2373 2917 bene-
