2519 3262
213 209 270 238 246

212 292 364 322 nitudinc
376 291 464 329 juris
481 290 644 327 canonici,
664 289 815 320 conferre
830 291 862 320 et
880 289 1054 329 assignare
1072 297 1220 325 curares,

212 345 445 383 supradictum
468 344 575 374 Adam
593 343 626 373 in
647 343 757 382 ipsius
783 342 924 373 ecclesie
948 343 987 373 de
1010 343 1123 379 Brai0‚
1143 351 1222 372 eun-

212 398 285 428 dem
303 406 435 436 quoque
447 398 476 426 J.
492 397 525 426 111
536 397 763 435 predictorum
782 396 998 426 canonicatus
1011 397 1039 425 et
1053 395 1220 434 prebende

210 450 464 490 possessionem
479 450 653 483 inducens,
671 458 730 488 per
746 451 777 479 te
791 449 1038 488 velperaHum,
1053 457 1090 478 ac
1107 448 1217 479 desen-

211 504 293 534 dens
311 503 497 538 inductum,
515 512 552 533 ac
574 503 703 532 taceres
723 502 913 540 sepefatum
933 503 963 531 J.
983 502 1017 532 in
1037 502 1152 532 eadem
1171 511 1221 531 cc-

211 557 315 587 clesia
328 566 354 586 s.
371 556 556 586 Clementis
569 556 602 585 in
620 554 819 585 canonicum
833 557 863 585 et
879 556 914 585 111
925 555 1063 585 fratrem
1074 555 1219 584 admitti.

211 609 482 640 contradictores
496 610 556 638 etc.
570 617 678 647 usque
696 608 952 647 compescendo.
968 608 1054 638 Sane
1074 609 1221 646 postmo-

211 663 302 696 dum,
345 663 523 700 antequam
575 660 637 691 tibi
678 661 822 691 fuissent
868 660 1062 699 hujusmodi
1109 660 1220 690 littere

210 716 413 754 presentate,
428 715 560 744 dilectis
577 715 678 744 liliis.
696 737 702 742 .
718 714 849 748 abbate,
864 715 896 744 et
908 715 1073 744 conventu
1090 722 1221 743 monas-

210 769 286 798 terii
307 778 334 797 s.
360 767 511 798 Richarii
530 768 564 797 in
591 768 734 798 Pontivo
764 768 805 797 ad
830 767 1019 797 Romanam
1041 767 1220 797 ecclesiam

210 821 302 851 nullo
318 821 428 851 medio
446 821 662 859 pertinentis,
680 820 809 851 ordinis
825 829 853 850 3.
882 820 1067 855 Benedicti,
1090 820 1220 858 prefate

209 874 367 908 diocesis,
379 874 435 913 qui
447 874 656 913 me[mo]rate
669 874 708 904 de
720 873 820 904 Braio
831 873 972 904 ecclesie
988 874 1218 912 suntpatroni,

209 926 468 966 suggerentibus
484 926 581 957 nobis
599 927 688 966 quod
706 927 855 965 prefatus
875 926 1219 965 magisterJohannes

209 982 239 1010 et
260 980 482 1018 quarumdam
508 980 653 1010 aliarum
673 982 820 1010 rectores
842 979 1075 1016 ecclesiarum,
1093 979 1125 1009 in
1147 980 1220 1018 qui-

208 1033 272 1063 bus
299 1033 401 1063 iidem
430 1033 534 1063 abbas
554 1035 585 1064 et
612 1035 795 1063 conventus
823 1033 880 1071 jus
901 1034 1101 1071 patronatus
1123 1032 1221 1063 habe-

208 1086 299 1122 bant,
324 1087 487 1117 rector-ias
507 1096 587 1117 suas
607 1086 826 1117 ecclesiarum
850 1095 990 1116 suarum
1009 1089 1218 1116 commutare

208 1149 283 1170 cum
309 1140 387 1170 aliis
404 1140 530 1178 absque
555 1140 708 1178 ipsorum
734 1139 942 1170 conabantur
960 1148 1114 1174 assensu,
1134 1140 1219 1178 ipsis

209 1192 321 1223 abbati
346 1194 378 1223 et
396 1193 573 1223 conventui
591 1201 649 1231 per
675 1194 810 1222 nostras
829 1193 991 1223 duximus
1018 1193 1151 1223 litteras
1173 1193 1219 1222 in-

209 1246 413 1285 dulgendum
431 1248 466 1276 ut
484 1245 677 1283 hujusmodi
696 1246 914 1276 commutatio
938 1246 988 1275 eis
1009 1246 1127 1276 invitis
1146 1246 1217 1276 fieri

208 1308 275 1329 non
299 1299 425 1329 valeret
441 1308 500 1337 per
516 1299 649 1329 litteras
671 1300 875 1337 apostolicas
902 1307 967 1329 non
994 1299 1156 1329 facientes
1179 1299 1218 1329 de

209 1352 339 1382 indulto
372 1352 563 1390 hujusmodi
595 1352 814 1388 mentionem,
858 1355 994 1390 propter
1023 1352 1112 1390 quod
1138 1352 1217 1382 dicti

209 1405 363 1444 magistri
394 1404 491 1435 nobis
518 1405 693 1434 humiliter
721 1405 956 1443 supplicarunt
976 1407 1011 1434 ut
1040 1405 1218 1443 providere

209 1458 294 1496 ipsis
311 1467 362 1493 ne,
374 1458 523 1496 ejusdem
542 1457 664 1487 indulti
679 1460 847 1496 pretextu,
862 1458 1005 1497 gratiam
1023 1458 1217 1496 hujusmodi

209 1511 361 1550 deperire
383 1511 565 1548 contingat,
593 1511 859 1541 misericorditer
882 1511 1112 1549 dignaremur.
1132 1511 1218 1546 Quia

208 1564 310 1602 igitur
336 1564 534 1594 intentionis
555 1566 669 1594 nostre
686 1572 751 1594 nou
775 1565 887 1594 extitit
909 1573 968 1594 nec
995 1564 1113 1594 existit
1130 1564 1218 1602 quod

208 1626 266 1656 per
288 1617 457 1647 indultum
476 1617 680 1656 hujusmodi,
702 1617 844 1656 pretatis
865 1617 1001 1652 litteris,
1024 1619 1100 1647 ante
1122 1617 1218 1647 illius

207 1670 479 1708 impetrationem
504 1680 606 1709 super
633 1671 749 1700 eadem
775 1671 1038 1701 commutatione
1058 1670 1217 1707 obtentis,

207 1723 422 1762 aliquatenus
433 1724 624 1762 derogetur,
634 1732 693 1754 nos
706 1726 843 1762 propter
856 1723 930 1758 hoc,
945 1723 1217 1754 consideratione

207 1777 320 1806 dilecti
338 1776 398 1806 lilii
420 1777 575 1815 magistri
592 1777 832 1812 Bartholomei,
852 1776 1095 1807 Ambianensis
1112 1777 1219 1807 archi-

207 1830 351 1866 diaconi,
371 1830 561 1860 litterarum
587 1832 779 1860 nostrarum
797 1830 975 1866 auditoris,
995 1830 1216 1869 apostolicam

207 1892 308 1920 super
341 1883 401 1912 1100
427 1883 569 1921 gratiam
605 1883 833 1921 implorantis,
864 1892 922 1922 per
951 1883 1077 1913 favoris
1110 1884 1217 1914 nostri

207 1936 407 1965 beneficium
433 1936 644 1965 obstaculum
668 1935 864 1967 submoveri
883 1937 1035 1966 volentes
1051 1945 1111 1976 per
1130 1937 1218 1975 quod

207 1988 355 2027 predicte
398 1989 674 2018 commutationis
716 1989 853 2018 effectus
896 1989 1005 2019 valeat
1046 1989 1216 2027 impediri,

208 2041 403 2071 discretioni
424 2043 479 2071 tue
498 2042 699 2071 mandamus
716 2043 893 2080 quatenus,
919 2041 1130 2080 indulgentia
1146 2051 1219 2080 pre-

207 2093 295 2124 dicta
323 2103 535 2133 nequaquam
563 2095 728 2130 obstante,
750 2095 783 2124 111
807 2095 990 2125 commisso
1019 2095 1052 2124 in
1075 2095 1134 2125 1100
1156 2095 1217 2125 tibi

208 2147 341 2186 negotio
358 2147 537 2186 procedere
551 2148 807 2187 studeas‚j11xta
824 2148 1029 2178 directarum
1041 2148 1100 2178 tibi
1117 2157 1218 2186 super

205 2200 266 2230 hoc
290 2200 516 2238 predictarum
540 2201 783 2231 continentiam
806 2201 997 2231 litterarum
1020 2218 1068 2231 —.
1097 2201 1217 2231 Datum

207 2254 294 2291 apud
317 2253 605 2289 Urbemveterem,
622 2263 664 2283 xv
682 2254 844 2284 kalendas
858 2254 950 2290 maii,
969 2263 1056 2284 auno
1074 2255 1184 2284 tertio.
1203 2266 1217 2283 1)

804 2442 928 2473 Orvicto,
946 2443 979 2470 15
994 2442 1052 2469 mai
1068 2443 1146 2470 1201.

296 2443 313 2473 l
321 2442 393 2474 (3311

242 2524 397 2551 Abbatibus
414 2534 436 2552 s.
457 2525 594 2552 ,1011110013
610 2525 637 2552 10
655 2526 750 2552 Vincis
768 2525 981 2554 suessionensis
998 2528 1026 2553 et
1043 2535 1066 2554 3.
1089 2527 1217 2562 Dionysii

205 2573 365 2604 Remensis,
381 2573 488 2600 ordinis
505 2582 527 2600 s.
540 2574 701 2609 Augustini.
712 2574 907 2602 visitationem
927 2575 1132 2603 monasteriis.
1147 2577 1218 2612 Lupi

205 2621 366 2653 Trecensis,
397 2622 505 2649 ordinis
532 2622 672 2658 ejusdem,
707 2623 877 2651 committit.
908 2624 985 2660 (linc.
1016 2626 1060 2656 29,
1085 2624 1134 2652 fol.
1159 2626 1216 2653 102.

206 2675 235 2696 n⁰
249 2670 325 2705 (581.)

246 2792 260 2811 1(
280 2782 313 2813 S.
338 2783 489 2813 ,Iohannis
509 2783 542 2813 in
565 2783 666 2813 Vincis
685 2784 911 2815 Suessionensis
929 2790 955 2814 e!
977 2810 983 2816 .
1006 2808 1012 2814 .
1035 2795 1058 2815 s.
1082 2785 1219 2816 Dionisii

207 2835 361 2865 li'emensis
390 2836 558 2873 abbatibus,
590 2836 705 2866 ordinis
728 2847 752 2866 s.
776 2838 955 2877 Augustini.
982 2839 1020 2868 In
1037 2838 1217 2869 desideriis

207 2889 390 2927 apostolice
401 2907 447 2920 —.
459 2890 556 2926 Sane,
568 2890 839 2929 significantibus
853 2891 934 2922 olim
945 2891 1076 2922 nobis..
1091 2892 1214 2930 priore,

966 205 1212 237 REGISTRES
1238 205 1452 236 D'URBAIN
1480 205 1538 235 lv.

1280 297 1316 319 ac
1334 288 1412 318 aliis
1426 288 1460 318 in
1474 288 1534 318 hac
1545 290 1640 327 parte
1656 288 1721 318 31111
1734 288 1986 325 adherentibuS‚
1997 288 2169 319 canonicis
2185 289 2292 320 eccle-

1279 342 1328 372 sie
1348 350 1375 371 3.
1396 342 1483 380 Lupi
1505 341 1698 376 Trecensis,
1717 342 1847 372 ordInis
1870 350 1897 372 3.
1917 342 2114 381 Augustini,
2135 342 2225 381 quod
2242 343 2292 372 di-

1278 395 1386 425 lectus
1406 394 1498 424 filius
1521 395 1613 430 Milo,
1633 394 1736 424 abbas
1764 395 1875 434 ipsius
1894 395 2048 429 ecclesie,
2069 395 2188 425 multis
2204 395 2294 425 desi-

1278 448 1376 486 piens
1404 447 1610 482 insolentiis,
1639 447 1726 477 bona
1749 448 1901 486 ejusdem
1920 448 2061 478 ecclesie
2080 448 2290 487 dilapidabat

1279 501 1464 531 enormiter
1496 503 1529 530 et
1564 501 1832 539 irreparabiliter
1874 501 2095 531 consumebat
2134 501 2291 540 quodque

1279 554 1367 584 idem
1385 554 1502 588 abbas,
1529 554 1756 592 appellatione
1783 555 1988 592 contempta,
2021 557 2157 593 propter
2174 554 2235 584 hoc
2251 555 2293 584 ad

1279 607 1419 637 eandem
1461 607 1575 638 sedem
1602 608 1788 645 interjecta,
1814 607 2178 638 excommunicationis
2219 615 2291 638 sen-

1278 660 1418 691 tentiam
1443 660 1505 691 hac
1532 661 1708 691 occasione
1738 661 2013 700 promulgaverat
2038 661 2073 690 in
2099 660 2237 691 eosdem
2259 661 2292 690 et

1278 713 1472 751 privaverat
1488 714 1582 752 ipsos
1599 713 1952 744 administrationibus
1972 713 2044 743 suis
2063 723 2148 752 quas
2166 713 2206 743 ab
2219 714 2294 752 ipsa

1278 767 1422 797 ecclesia
1442 767 1651 803 obtinebant,
1681 767 1770 806 quod
1788 767 1890 797 etiam
1916 767 2120 806 quibusdam
2146 767 2244 806 equis
2260 769 2293 797 et

1279 820 1358 849 aliis
1387 820 1498 854 bonis,
1517 829 1581 859 que
1611 821 1741 850 ratione
1771 820 2105 850 administrationum
2137 820 2292 858 ipsarum

1278 872 1457 908 habebant,
1475 882 1533 903 eos
1557 874 1706 904 indebite
1729 874 1904 912 spoliarat,
1924 882 1997 904 nos.
2028 873 2069 903 ad
2093 873 2292 903 instantiam

1278 927 1358 956 dicti
1387 927 1513 965 prioris
1531 927 1588 966 qui
1606 929 1742 966 propter
1761 927 1821 956 hoc
1838 935 1899 965 pro
1919 935 1954 956 se
1973 935 2009 956 30
2025 926 2088 956 sibi
2105 926 2291 957 adherenti-

1278 981 1341 1010 bus
1360 981 1400 1010 ad
1419 980 1534 1010 sedem
1551 981 1691 1010 accessit
1706 980 1858 1016 eandem,
1879 980 1989 1019 primo
2007 980 2167 1010 dilectum
2183 980 2292 1010 filium

1278 1036 1432 1064 nostrum
1451 1034 1497 1068 S.,
1516 1033 1607 1064 tituli
1624 1042 1650 1063 s.
1671 1033 1795 1064 Cecilie
1817 1033 2054 1072 presbyterum
2071 1033 2291 1067 cardinalem,

1277 1087 1510 1118 concessimus
1538 1087 1692 1126 partibus
1722 1087 1911 1117 auditorem
1939 1088 1971 1117 et
1999 1086 2216 1125 postmodum
2243 1087 2293 1116 in·

1278 1140 1500 1180 quisitionem
1517 1141 1633 1171 contra
1655 1140 1782 1170 dictum
1805 1139 1961 1170 abbatem
1985 1148 2086 1179 super
2105 1140 2172 1169 hiis
2189 1140 2292 1170 certis

1275 1193 1447 1233 judicibus
1473 1193 1634 1223 duximus
1654 1193 1888 1231 delegandam,
1915 1193 1968 1223 cui
1995 1193 2210 1231 postmodum
2239 1201 2292 1222 su-

1277 1246 1449 1284 persederi
1469 1246 1696 1285 precepimus,
1713 1246 1816 1276 donec
1835 1255 1936 1284 super
1958 1246 2017 1276 hoc
2042 1245 2135 1275 aliud
2155 1245 2291 1275 manda-

1277 1308 1403 1329 remus.
1423 1299 1550 1329 Eodem
1570 1308 1647 1329 vero
1668 1299 1801 1338 negotio
1826 1308 1886 1338 per
1905 1299 2167 1338 appellationem
2185 1299 2225 1328 ad
2242 1307 2290 1330 se-

1275 1352 1351 1382 dem
1371 1351 1593 1390 apostolicam
1611 1351 1762 1390 legitime
1778 1351 1949 1388 devoluto,
1967 1352 2081 1382 dilecti
2100 1352 2162 1382 filii
2183 1353 2292 1382 nostri

1277 1405 1330 1441 A„
1344 1405 1437 1435 tituli
1447 1413 1474 1434 3.
1488 1405 1653 1434 Praxedis
1665 1405 1854 1443 presbyter,
1867 1406 1898 1435 et
1908 1405 1952 1441 .1.‚
1967 1407 2157 1435 sanctorum
2170 1405 2292 1436 Cosme

1276 1460 1308 1488 et
1326 1458 1657 1488 Damianidiaconus
1674 1458 1876 1492 cardinales,
1894 1458 2094 1488 auctoritate
2107 1460 2224 1489 nostra
2241 1458 2292 1488 eis

1275 1511 1309 1541 in
1328 1511 1388 1541 hac
1411 1513 1505 1549 parte
1524 1511 1719 1547 commissa,
1740 1513 1771 1541 et
1786 1511 1825 1542 de
1845 1511 1986 1550 speciali
2000 1512 2158 1542 mandato
2175 1513 2290 1542 nostro

1275 1565 1352 1594 viva
1366 1573 1445 1595 voce
1462 1564 1528 1594 sibi
1546 1564 1645 1601 sacto,
1666 1573 1726 1603 per
1742 1566 1868 1595 certam
1895 1565 2143 1595 ordinationem
2161 1565 2289 1595 dictum

1276 1618 1449 1657 negotium
1468 1618 1706 1654 terminarunt,
1719 1620 1818 1657 prout
1842 1619 1876 1648 in
1901 1619 2127 1649 instrumento
2152 1618 2290 1658 publico

1275 1672 1352 1701 inde
1375 1671 1539 1706 consecto,
1567 1671 1733 1702 dictorum
1755 1672 1979 1702 cardinalium
2003 1672 2134 1702 munito
2151 1671 2290 1710 sigillis,

1274 1725 1410 1763 plenius
1427 1724 1629 1754 continetur.
1646 1725 1716 1755 Nos
1730 1725 1857 1764 itaque,
1874 1725 2049 1763 cupientes
2065 1724 2154 1764 quod
2171 1725 2289 1755 eadem

1276 1778 1419 1808 ecclesia
1438 1786 1464 1807 s.
1489 1777 1576 1816 Lupi
1598 1779 1629 1808 et
1647 1778 1807 1817 degentes
1832 1778 1867 1808 in
1891 1778 1965 1816 ipsa
1984 1779 2110 1808 statum
2132 1777 2288 1812 habeant,

1276 1831 1346 1861 Deo
1364 1831 1525 1869 propitio,
1544 1831 1721 1869 pat-ilicum
1741 1833 1771 1861 et
1794 1830 2018 1870 tranquillum
2035 1840 2071 1861 ac
2092 1831 2218 1861 ibidem
2242 1831 2289 1861 lo—

1277 1893 1351 1914 011111
1381 1884 1525 1914 virtutes
1552 1884 1617 1914 sibi
1641 1884 1828 1918 vendicent,
1859 1884 2030 1915 destructa
2059 1883 2289 1923 quarumlibet

1275 1937 1420 1967 macerie
1448 1936 1665 1975 pravitatum,
1697 1937 1736 1967 de
1764 1939 1877 1967 vestra
1907 1945 2040 1976 quoque
2066 1937 2290 1976 circumspec-

1275 1990 1366 2019 tione
1385 1990 1519 2028 plenam
1541 1989 1574 2018 iu
1592 1990 1738 2019 Domino
1759 1989 1916 2019 fiduciam
1940 1989 2142 2025 obtinentes,
2165 1990 2288 2019 discre-

1276 2043 1360 2072 tioni
1375 2044 1486 2072 vestre
1505 2042 1705 2072 mandamus
1722 2045 1899 2081 (103ῐο11113,
1919 2042 1960 2072 ad
1983 2042 2161 2072 ecclesiam
2179 2042 2290 2080 ipsam

1275 2095 1501 2134 personaliter
1528 2095 1722 2126 accedentes
1743 2098 1775 2126 et
1799 2096 1960 2126 habentes
1978 2105 2037 2135 pre
2056 2096 2164 2127 oculis
2178 2095 2290 2127 solum

1274 2150 1383 2179 Deum
1407 2158 1443 2178 ac
1462 2148 1543 2178 inibi
1561 2150 1760 2179 auctoritato
1779 2151 1895 2179 nostra
1912 2149 2119 2179 visitationis
2137 2149 2289 2180 officium

1275 2203 1483 2236 exercentes,
1511 2202 1690 2241 corrigatis
1717 2204 1747 2232 et
1773 2202 1966 2232 reformetis
1995 2203 2028 2232 in
2061 2202 2136 2241 ipsa
2159 2205 2227 2232 tam
2253 2202 2289 2232 in

1275 2255 1383 2293 capite
1401 2263 1502 2294 quam
1521 2255 1555 2284 111
1579 2255 1742 2285 membris
1764 2264 1828 2294 que
1844 2255 2065 2286 correctionis
2084 2258 2115 2286 et
2129 2256 2290 2286 reforma-

1275 2308 1378 2338 tionis
1405 2307 1516 2338 officio
1535 2308 1698 2338 noveritis
1716 2308 1880 2348 indigere.
1905 2308 1940 2339 Si
1958 2311 2069 2340 autem
2088 2308 2290 2342 inveneritis

1275 2361 1389 2400 aliqua
1416 2362 1532 2400 gravia
1551 2364 1582 2391 et
1608 2362 1761 2392 enormia
1788 2363 1924 2401 propter
1946 2371 2010 2401 que
2034 2362 2141 2401 aliqui
2161 2362 2289 2393 subditi

1276 2415 1327 2444 vel
1346 2415 1468 2453 prelati
1487 2414 1639 2453 ejusdem
1658 2414 1800 2445 ecclesie
1817 2415 1886 2446 sint
1904 2423 1922 2445 a
1939 2415 2011 2445 suis
2034 2415 2119 2446 locis
2139 2415 2191 2446 vel
2214 2415 2288 2447 offi-

1275 2468 1337 2498 ciis
1354 2468 1474 2499 merito
1491 2468 1680 2502 amovendi,
1700 2468 1741 2498 ad
1755 2469 1960 2499 amotionem
1972 2468 2123 2505 illorum,
2139 2469 2290 2508 quicum-

1275 2530 1339 2560 que
1370 2521 1450 2557 sint,
1485 2530 1630 2560 persona
1661 2521 1741 2552 dicti
1772 2521 1906 2552 abbatis
1937 2522 2113 2553 dumtaxat
2135 2524 2288 2562 excepta,

1275 2574 1380 2605 libere
1411 2574 1615 2613 procedatis,
1641 2576 1741 2613 prout
1758 2574 1845 2605 bono
1870 2575 1980 2614 ipsius
2013 2575 2156 2606 ecclesie
2183 2575 2290 2606 statui

1276 2628 1461 2658 secundum
1492 2628 1602 2658 Deum
1637 2628 1794 2658 videritis
1830 2628 2004 2668 expedire,
2038 2637 2102 2659 non
2134 2628 2289 2660 obstante

1275 2681 1505 2720 cujuscunque
1527 2680 1647 2711 frivole
1671 2681 1912 2720 appellationis
1930 2681 2073 2721 obJectu.
2096 2681 2291 2713 Contradic-

1276 2736 1367 2765 tores
1383 2736 1445 2764 etc.
1468 2743 1576 2773 usque
1594 2735 1849 2773 compescendo.
1873 2735 1937 2765 Illa
1954 2744 2032 2766 vero
2050 2743 2114 2774 que
2131 2734 2288 2766 abbatem

1277 2788 1388 2826 ipsum
1403 2796 1462 2818 seu
1479 2789 1604 2818 statum
1621 2788 1694 2826 ejus
1713 2790 1849 2827 tangere
1860 2788 2076 2825 videbuntur,
2094 2788 2192 2819 nobis
2209 2788 2289 2820 fide-

1276 2840 1354 2871 liter
1371 2840 1529 2871 intimare
1545 2841 1683 2876 curetis,
1703 2843 1737 2871 ut
1757 2850 1798 2872 ex
1811 2841 1974 2872 relatione
1990 2844 2101 2872 vestra
2116 2842 2286 2877 instructi,

1276 2893 1499 2932 procedamus
1512 2893 1552 2923 ad
1571 2894 1775 2924 amotionem
1791 2894 1985 2933 hujusmodi
2004 2894 2057 2925 vel
2073 2894 2160 2925 alias
2177 2895 2287 2933 provi-
