2519 3262
1033 171 1272 209 TROISIEME
1300 170 1462 209 ANNFJE.

304 262 396 292 1827
809 261 932 291 Orvieto,
946 261 1051 297 sojuin
1072 262 1148 288 1202.

247 345 284 371 De
300 345 484 379 proventibus
507 345 683 372 Veronensis
704 346 789 372 electi
820 345 967 379 exigendis
995 348 1023 372 et
1047 344 1220 380 recipiendis

211 393 299 427 ipsius
316 393 444 421 nomine.
460 394 536 427 (Risu.
555 395 599 427 29,
619 394 668 421 sol.
686 394 734 421 187
750 398 790 426 ΥΟ,
809 399 838 419 n⁰
850 394 927 426 877.)

251 511 266 530 (‹
289 500 442 531 Universis
467 502 582 532 Christi
598 502 740 542 fidelibus
756 507 911 541 presentes
936 501 1054 530 litteras
1070 502 1221 540 inspectu-

213 554 263 584 ris.
295 555 435 586 Noverit
463 556 669 586 universitas
704 557 814 585 vestra
844 555 945 593 quod,
969 563 1044 584 cum
1077 553 1221 583 dilectus

213 607 302 637 tilius
331 608 538 644 Mant'reduS,
566 608 775 638 Veronensis
805 608 944 642 electus,
964 607 1153 637 detineatur
1181 606 1221 636 ab

212 660 368 690 hostibus
386 661 527 691 ecclesie
543 661 745 699 captivatus,
766 669 840 695 nos,
862 660 901 689 de
925 660 1087 690 fidelitate
1107 659 1222 689 dilecti

213 714 273 743 filii
291 714 444 752 magistri
461 714 584 752 Egidii‚
601 713 778 743 camerarii
797 713 861 748 sui,
881 713 1012 742 firmam
1028 712 1061 742 in
1075 713 1222 742 Domino

212 767 369 796 fiduciam
385 766 590 802 obtinentes,
610 767 729 796 damus
751 766 817 796 sibi
843 766 979 804 plenam
998 765 1169 795 licentiam
1192 767 1223 796 et

213 819 355 849 liberam
386 820 588 858 potestatem
611 819 769 858 exigendi
797 820 829 848 et
856 818 1054 856 recipiendi,
1086 818 1222 848 nomine

212 873 321 911 ipsius
331 872 439 907 electi,
452 872 630 902 universos
644 872 796 902 redditus
807 873 838 901 et
852 873 1048 910 proventus,
1059 871 1100 901 ad
1110 872 1222 910 ipsum

212 926 354 956 electum
372 934 572 964 quocunque
582 925 657 964 jure
672 926 874 964 spectantes,
888 926 920 955 et
941 934 1138 964 quecunque
1157 925 1224 955 alia

211 979 361 1017 ejusdem
393 979 491 1009 electi
525 978 637 1009 debita
664 979 948 1017 computandique
981 987 1041 1009 seu
1075 979 1223 1017 ponendi

211 1033 406 1070 computum
429 1040 505 1062 cum
527 1031 677 1066 vicariis,
696 1031 881 1070 judicibus,
906 1032 1049 1062 notariis
1077 1031 1223 1070 aliisque

211 1084 426 1120 officialibus,
446 1093 531 1124 quos
549 1085 639 1115 idem
658 1085 784 1115 electus
801 1085 895 1120 olim,
914 1086 995 1115 dum
1012 1085 1222 1116 Anconitane

210 1137 357 1168 Marchie
389 1139 420 1168 et
451 1138 593 1168 ducatus
619 1137 793 1177 Spoletani
822 1140 975 1177 preesset
1000 1138 1170 1177 regimini,
1189 1138 1223 1168 in

210 1191 403 1230 hujusmodi
420 1191 606 1230 provinciis
624 1190 753 1227 habuit,
779 1192 964 1230 recipiendi
983 1192 1124 1231 insuper
1141 1201 1160 1222 a
1176 1191 1225 1221 vi-

211 1245 313 1275 cariis
334 1245 478 1284 aliisque
497 1245 661 1283 predictis
680 1253 719 1274 ea
743 1254 806 1283 que
824 1245 918 1283 ipsos
940 1254 999 1284 per
1028 1245 1223 1284 hujusmodi

212 1299 368 1337 computa
390 1298 500 1328 eidem
515 1298 620 1328 electo
640 1298 760 1328 debere
779 1299 980 1335 constiterit,
996 1300 1027 1329 et
1050 1298 1224 1329 refutatio-

214 1360 287 1382 nem
298 1351 337 1381 de
352 1351 418 1382 hiis
435 1360 497 1390 que
514 1352 678 1390 receperit
695 1352 851 1386 faciendi,
863 1352 921 1381 bns
935 1352 1044 1382 eidem
1060 1352 1223 1391 magistro

213 1405 332 1444 Egidio
350 1405 383 1434 in
398 1404 594 1444 huJ'usmodi
611 1405 659 1434 rei
678 1405 913 1435 testimonium
933 1405 1153 1436 concedentes
1173 1423 1221 1436 —.

214 1459 338 1489 Datum
364 1459 451 1497 apud
475 1457 766 1494 Urbemveterem,
790 1468 812 1486 11
836 1458 999 1488 kalendas
1015 1459 1106 1497 julii,
1136 1467 1223 1488 anno

214 1514 322 1542 tertio.
345 1523 359 1540 n

305 1694 400 1724 1828

771 1692 894 1720 Orvieto.
911 1693 948 1719 μ’
960 1692 1054 1728 juillet
1073 1693 1149 1719 1264.

248 1776 349 1803 Abbati
369 1775 537 1803 monasterIi
556 1776 788 1806 Claravallensis,
805 1776 1005 1803 Cisterciensis
1029 1776 1151 1808 ordinis,
1171 1777 1226 1802 Me-

212 1825 386 1852 ‹liolanensis
404 1825 537 1857 diocesis,
554 1826 673 1852 mandat
690 1829 719 1852 ut
736 1826 824 1852 nobili
844 1825 956 1852 mulieri
973 1826 1087 1855 Pomae,
1105 1825 1223 1852 relictae

213 1875 355 1909 quondam
371 1875 511 1902 Wiseardi
529 1876 562 1901 *le
578 1876 773 1907 Petrasaneta,
788 1875 858 1901 civis
874 1874 1106 1905 Mediolanensis,
1118 1875 1146 1901 in
1165 1883 1225 1901 mo-

214 1924 337 1950 nasterio
349 1924 408 1950 sive
417 1925 503 1950 domo
520 1925 655 1951 Sororum
666 1924 846 1950 Casneuovae
860 1924 934 1950 ultra
953 1924 1094 1955 Ticinum,
1108 1923 1226 1958 Pupien-

213 1973 252 2000 sis
276 1973 410 2007 diocesis,
431 1973 656 2000 Humiliutorum
679 1973 800 2006 ordinis,
824 1981 972 1999 cameram
993 1975 1021 1999 et
1046 1982 1062 1999 a
1084 1973 1224 2007 magistro

213 2023 339 2056 generali
365 2031 397 2049 ac
420 2022 554 2049 domibus
579 2022 708 2058 ejusdem
733 2022 844 2049 ordinis
872 2022 1066 2057 provisionem
1094 2030 1223 2049 annuam

212 2072 331 2107 triginta
356 2073 495 2099 librarum
516 2071 712 2106 imperialium
735 2081 786 2106 pro
811 2072 887 2098 victu
907 2075 936 2098 et
957 2072 1062 2099 vestitu
1077 2072 1222 2107 assignari

214 2121 308 2148 faeiat.
326 2122 405 2157 (lino,
421 2122 465 2154 20,
485 2121 534 2148 sol.
553 2122 601 2148 1157
618 2130 656 2151 vo,
676 2126 707 2147 n⁰
725 2121 802 2155 878.)

253 2242 267 2260 ι(
289 2231 399 2261 Abbati
415 2231 591 2261 monasterii
604 2230 856 2268 Claravalletzsis,
868 2230 1080 2260 Cisterciensis
1093 2231 1222 2268 ordinis,

213 2285 446 2315 Mediolanensis
477 2285 614 2315 diocesis.
640 2285 756 2324 Nuper
783 2285 845 2315 tibi
872 2285 999 2315 nostris
1027 2302 1076 2316 ——.
1100 2285 1224 2315 Datum

213 2338 301 2377 apud
317 2338 605 2373 Urbemveterem,
621 2338 777 2368 kalendis
791 2338 880 2378 Julii,
901 2346 992 2368 anno
1006 2338 1118 2368 tertio.
1138 2348 1153 2367 ³>

308 2524 403 2555 1829

808 2523 931 2553 Ori-leto,
950 2524 984 2551 20
995 2523 1058 2558 juin
1075 2523 1152 2549 1202.

251 2605 470 2640 Archiepiscopo
486 2605 718 2640 Compostelluno
732 2606 860 2638 mundat,
877 2607 912 2632 ad
925 2606 1164 2641 supplicationem
1183 2614 1228 2632 ca-

216 2654 308 2688 pituli,
326 2658 354 2681 ut
364 2654 518 2681 Martinum
536 2654 661 2683 Martini,
673 2654 921 2688 compostellanae
935 2655 1074 2682 ecelesiae
1085 2655 1226 2690 majorem

216 2704 436 2737 portionarium,
450 2703 478 2729 in
498 2704 597 2729 eadem
610 2703 733 2730 ecclesia
747 2702 775 2728 in
792 2703 962 2730 canonicum
981 2712 1046 2729 euni
1064 2704 1227 2738 praebenda

216 2753 302 2787 recipi
320 2753 414 2779 t'uciut.
432 2753 510 2787 (lieo.
527 2753 573 2785 29,
591 2752 639 2778 fol.
662 2752 720 2782 188,
736 2757 767 2778 n⁰
782 2752 856 2784 8745.)

258 2878 272 2892 «
298 2864 534 2904 ,tr-clziepiscopo
562 2862 818 2903 Compostaellano.
841 2864 934 2893 Licet
953 2872 1013 2893 nos
1036 2863 1221 2894 intendere-

2227 179 2284 207 287

1280 269 1356 291 mus
1383 277 1432 289 -.
1463 261 1586 290 Datum
1617 259 1705 298 apud
1738 258 2024 295 Urbemveterem,
2045 268 2093 288 xu
2122 259 2285 290 kalendas

1275 313 1366 351 julii,
1384 321 1470 342 anno
1487 312 1598 342 tertio,
1618 322 1631 340 η

1373 484 1466 515 1830

1866 482 1990 514 Orvieto,
2009 483 2042 509 2⁴]
2057 482 2118 517 juin
2140 483 2216 509 thii.

1315 567 1453 601 Magistro
1473 568 1589 602 Symoni
1613 568 1647 593 de
1666 567 1869 601 ltupecavardi,
1889 568 1996 593 decano
2009 567 2150 593 ecclesiae
2174 568 2200 594 b.
2220 569 2287 594 ¹lus-

1279 616 1411 650 tregisilii
1425 617 1459 642 de
1473 619 1567 643 castro
1587 616 1769 648 Bituricensi,
1786 617 1820 642 ad
1836 616 2005 642 instantiam
2025 616 2141 649 capituli
2159 616 2287 651 ejusden]

1278 665 1417 692 ecclesiae
1435 665 1563 692 concedit
1579 668 1607 691 ut
1627 665 1655 691 in
1673 665 1773 691 eadem
1790 665 1911 691 ecclesia
1929 673 2016 690 unum
2036 672 2186 698 personant
2201 665 2288 698 recipi

1280 714 1366 740 saciat,
1387 715 1415 740 in
1437 713 1607 740 canonicum
1628 713 1710 748 eique
1735 714 1768 740 de
1789 714 1951 747 praebenda
1972 713 2130 747 provideat.
2146 714 2225 746 (lim.
2244 716 2288 741 κν,

1282 763 1330 789 fol.
1352 764 1411 795 iss,
1430 768 1460 788 n⁰
1480 763 1556 797 880.)

1320 877 1335 896 «
1354 867 1502 906 Magistro
1520 867 1646 906 Symoui
1671 866 1706 896 de
1731 866 1957 906 Rupecavardi‚
1984 866 2097 895 decano
2122 865 2242 895 ecclesie
2261 866 2289 897 b.

1279 920 1488 960 Auslreyisilii
1509 920 1545 950 de
1568 920 1676 950 Castro
1693 920 1891 950 Bituricensi.
1910 919 2067 950 Decrevit
2087 922 2201 950 nostra
2217 928 2289 950 cen-

1281 983 1361 1004 sura
1376 991 1425 1002 —.
1444 974 1568 1004 Datum
1586 973 1674 1012 apud
1691 973 1980 1009 Urbemveterem,
1998 982 2045 1002 xn
2065 973 2227 1003 kalendas
2241 973 2290 1012 ju-

1280 1027 1330 1063 lii,
1351 1035 1437 1057 anuo
1453 1027 1564 1057 tertio.
1585 1036 1599 1055 »

1373 1202 1467 1233 1831

1892 1198 2019 1232 Orvieto,
2033 1200 2049 1226 9
2059 1198 2123 1234 juin
2143 1198 2219 1225 1202.

1316 1285 1418 1312 Abbati
1444 1294 1466 1311 s.
1494 1284 1593 1311 Isidori
1617 1284 1803 1318 Legionensis
1832 1283 1951 1310 mandat
1979 1285 2010 1309 ut
2032 1283 2126 1315 Petro,
2151 1281 2292 1317 magistro

1281 1335 1425 1362 scolarum
1447 1333 1626 1366 Zamorensi,
1644 1333 1816 1360 subdiacono
1837 1335 1865 1359 et
1886 1332 2036 1366 capellano
2059 1331 2228 1366 apostolico,
2245 1338 2294 1357 ne-

1282 1384 1340 1418 poti
1358 1383 1491 1417 magistri
1507 1383 1652 1417 Stephani,
1671 1382 1811 1416 eapellani
1824 1381 1987 1416 apostolici,
2003 1381 2115 1414 nepotis
2134 1381 2222 1406 bonae
2234 1388 2292 1405 ine-

1282 1431 1390 1459 moriae
1404 1433 1494 1465 E.‚ss.
1510 1432 1630 1458 Cosmne
1646 1434 1671 1457 et
1689 1431 1819 1457 Damiani
1834 1431 1950 1457 ‹liaeoni
1964 1429 2199 1464 csir‹linaliS‚jain
2213 1428 2240 1454 in
2250 1437 2292 1455 ec·

1282 1481 1367 1508 clesia
1386 1481 1545 1511 Palentina,
1561 1481 1733 1507 auctoritate
1754 1480 1917 1507 litterarum
1941 1479 2095 1505 Alexandri
2114 1486 2203 1512 papae
2221 1472 2291 1507 iiiii,

1282 1530 1419 1557 canonico
1437 1533 1562 1563 recepto,
1582 1529 1610 1555 in
1628 1530 1727 1555 eudem
1750 1528 1870 1555 ecelesia
1894 1536 1981 1561 quam
2001 1528 2057 1554 cito
2074 1529 2107 1554 de
2129 1528 2292 1561 praebenda

1283 1579 1441 1614 provideat.
1462 1579 1542 1613 mec.
1559 1579 1603 1609 29,
1622 1578 1669 1604 sol.
1689 1579 1748 1610 iss,
1763 1583 1791 1603 n⁰
1804 1578 1883 1611 881.)

1324 1697 1337 1715 «
1357 1686 1470 1716 Abbati
1485 1696 1507 1716 s.
1531 1685 1653 1715 Ysidort'
1666 1685 1873 1724 Leqionensis.
1894 1685 2060 1723 Exposuit
2079 1684 2175 1714 nobis
2192 1684 2294 1714 dilec-

1283 1742 1338 1770 tus
1353 1758 1401 1768 -—.
1419 1740 1542 1770 Datum
1557 1739 1645 1778 apud
1660 1738 1949 1773 Urbemveterem,
1966 1747 1985 1767 v
2001 1738 2076 1767 idus
2089 1738 2188 1776 junii,
2206 1746 2291 1768 anno

1284 1794 1395 1823 tertio.
1418 1804 1431 1818 »

1376 1971 1390 2000 1
1398 1969 1469 1999 832

1873 1966 1998 1998 Orvieto,
2015 1966 2047 1992 21
2064 1966 2126 2001 juin
2145 1966 2222 1992 1202.

1319 2052 1485 2087 Praeposito
1508 2054 1533 2078 et
1558 2051 1681 2086 capitulo
1704 2051 1843 2078 eeclesiae
1860 2051 2049 2081 Arelatensis,
2073 2050 2182 2077 ordinis
2198 2059 2220 2077 s.
2241 2051 2294 2077 Au-

1283 2101 1402 2136 gustini,
1418 2101 1546 2128 concedit
1573 2100 1737 2127 facultatem
1756 2108 1894 2134 personae
1922 2100 2040 2126 idoneae
2066 2099 2235 2126 conferendi
2251 2108 2294 2126 ee-

1283 2151 1401 2177 clesiam
1419 2159 1440 2177 S.
1460 2150 1612 2181 vincentii,
1635 2149 1811 2176 Arelatensis
1825 2149 1958 2180 diocesis,
1975 2157 2046 2183 quae
2064 2151 2142 2175 tanto
2161 2150 2294 2183 tempore

1279 2199 1340 2234 jam
1357 2200 1467 2226 vacavit
1481 2200 1555 2233 quod
1568 2199 1604 2225 ad
1619 2199 1717 2225 sedem
1738 2198 1926 2232 apostolieum
1942 2197 2002 2232 ejus
2019 2197 2134 2224 collatio
2151 2200 2193 2223 est
2210 2198 2295 2223 devo·

1284 2248 1352 2275 luta.
1372 2249 1451 2283 (Rae.
1467 2249 1510 2279 29,
1529 2248 1577 2275 fol.
1598 2248 1646 2275 iss
1664 2252 1703 2277 ΥΟ,
1720 2253 1747 2273 n⁰
1760 2247 1834 2279 882.)

1323 2367 1340 2387 «
1358 2356 1518 2396 Praeposito
1540 2360 1566 2384 et
1587 2354 1721 2395 capitulo
1739 2354 1858 2383 ecclesie
1876 2353 2074 2383 Arelatensis.
2096 2354 2218 2384 Vestra
2236 2361 2294 2382 no-

1284 2410 1337 2440 bis
1352 2410 1485 2440 devotio
1504 2427 1551 2438 —.
1570 2410 1693 2439 Datum
1713 2408 1801 2446 apud
1817 2406 2106 2443 Urbemveterem,
2125 2415 2157 2436 xi
2177 2406 2292 2436 kalen-

1284 2465 1344 2494 das
1358 2463 1447 2503 J'ulii‚
1467 2471 1552 2493 anno
1571 2462 1681 2492 tertio.
1704 2471 1718 2490 »

1376 2636 1472 2666 1833
1877 2630 2002 2663 Orvieto,
2017 2631 2050 2657 22
2063 2630 2125 2665 juin
2141 2630 2219 2657 1202.

1320 2719 1488 2745 Abbatissae
1498 2720 1524 2744 et
1536 2715 1686 2743 conventui
1702 2714 1870 2742 monasterii
1887 2723 1909 2741 s.
1929 2715 2032 2741 Mariae
2049 2715 2082 2741 de
2101 2716 2188 2742 Cerco
2205 2715 2292 2742 Plano

1280 2768 1363 2803 juxta
1378 2768 1524 2794 civitatem
1543 2767 1769 2796 Mussunenseni,
1789 2764 1896 2790 ordinis
1913 2773 1936 2790 s.
1955 2764 2064 2795 Clarae,
2080 2765 2115 2790 ad
2135 2772 2204 2797 quas
2225 2772 2294 2790 non-

1285 2817 1363 2844 nulla
1376 2818 1409 2843 de
1426 2816 1506 2843 bonis
1517 2815 1660 2849 quondum
1676 2813 1941 2844 Dulcebenae‚civis
1956 2813 2158 2844 Massanensis,
2171 2814 2295 2847 quando-

1285 2874 1338 2900 que
1354 2865 1486 2897 usururii,
1497 2873 1529 2891 ex
1544 2863 1723 2890 successione
1738 2862 1881 2894 Daniel-de,
1899 2866 1983 2889 natae
2000 2862 2089 2896 ipsius
2104 2865 2132 2889 et
2148 2862 2216 2889 dieti
2233 2871 2293 2889 mo-
