<?xml version="1.0" encoding="UTF-8"?>
<!DOCTYPE html PUBLIC "-//W3C//DTD XHTML 1.0 Transitional//EN"
    "http://www.w3.org/TR/xhtml1/DTD/xhtml1-transitional.dtd">
<html xmlns="http://www.w3.org/1999/xhtml" xml:lang="en" lang="en">
 <head>
  <title>
</title>
<meta http-equiv="Content-Type" content="text/html;charset=utf-8" />
  <meta name='ocr-system' content='tesseract 3.04.00' />
  <meta name='ocr-capabilities' content='ocr_page ocr_carea ocr_par ocr_line ocrx_word'/>
</head>
<body>
  <div class='ocr_page' id='page_1' title='image "./lesregistresdurb34cath/lesregistresdurb34cath_0603.png"; bbox 0 0 2519 3262; ppageno 0'>
   <div class='ocr_carea' id='block_1_1' title="bbox 1103 266 2304 305">
    <p class='ocr_par' dir='ltr' id='par_1_1' title="bbox 1103 266 2304 305">
     <span class='ocr_line' id='line_1_1' title="bbox 1103 266 2304 305; baseline 0.007 -9"><span class='ocrx_word' id='word_1_1' title='bbox 1103 266 1359 296; x_wconf 82' lang='lat' dir='ltr'>APPENDICE</span> <span class='ocrx_word' id='word_1_2' title='bbox 1381 266 1424 296; x_wconf 87' lang='lat' dir='ltr'>II.</span> <span class='ocrx_word' id='word_1_3' title='bbox 2268 277 2304 305; x_wconf 78' lang='lat'>73</span> 
     </span>
    </p>
   </div>
   <div class='ocr_carea' id='block_1_2' title="bbox 230 356 1240 704">
    <p class='ocr_par' dir='ltr' id='par_1_2' title="bbox 230 356 1240 704">
     <span class='ocr_line' id='line_1_2' title="bbox 230 356 1239 395; baseline 0 -9"><span class='ocrx_word' id='word_1_4' title='bbox 230 356 274 386; x_wconf 90' lang='lat' dir='ltr'>lis</span> <span class='ocrx_word' id='word_1_5' title='bbox 294 356 456 391; x_wconf 83' lang='lat' dir='ltr'>accensis,</span> <span class='ocrx_word' id='word_1_6' title='bbox 477 356 786 386; x_wconf 87' lang='lat' dir='ltr'>excommunicatos</span> <span class='ocrx_word' id='word_1_7' title='bbox 808 356 941 395; x_wconf 89' lang='lat' dir='ltr'>publice</span> <span class='ocrx_word' id='word_1_8' title='bbox 960 357 1128 387; x_wconf 86' lang='lat' dir='ltr'>nuncietis</span> <span class='ocrx_word' id='word_1_9' title='bbox 1151 358 1183 387; x_wconf 89' lang='lat' dir='ltr'>et</span> <span class='ocrx_word' id='word_1_10' title='bbox 1199 356 1239 387; x_wconf 89' lang='lat' dir='ltr'>ab</span> 
     </span>
     <span class='ocr_line' id='line_1_3' title="bbox 231 408 1238 448; baseline 0 -9"><span class='ocrx_word' id='word_1_11' title='bbox 231 409 309 439; x_wconf 90' lang='lat' dir='ltr'>aliis</span> <span class='ocrx_word' id='word_1_12' title='bbox 327 418 386 447; x_wconf 88' lang='lat' dir='ltr'>per</span> <span class='ocrx_word' id='word_1_13' title='bbox 403 409 516 439; x_wconf 89' lang='lat' dir='ltr'>omnia</span> <span class='ocrx_word' id='word_1_14' title='bbox 529 408 603 438; x_wconf 90' lang='lat' dir='ltr'>loca</span> <span class='ocrx_word' id='word_1_15' title='bbox 617 409 650 438; x_wconf 89' lang='lat' dir='ltr'>in</span> <span class='ocrx_word' id='word_1_16' title='bbox 665 408 788 447; x_wconf 85' lang='lat' dir='ltr'>quibus</span> <span class='ocrx_word' id='word_1_17' title='bbox 802 409 960 448; x_wconf 81' lang='lat' dir='ltr'>expedire</span> <span class='ocrx_word' id='word_1_18' title='bbox 978 409 1142 445; x_wconf 72' lang='lat' dir='ltr'>videritis,</span> <span class='ocrx_word' id='word_1_19' title='bbox 1159 418 1238 439; x_wconf 91' lang='lat' dir='ltr'>nun-</span> 
     </span>
     <span class='ocr_line' id='line_1_4' title="bbox 231 461 1240 496; baseline 0.001 -5"><span class='ocrx_word' id='word_1_20' title='bbox 231 462 313 492; x_wconf 83' lang='lat' dir='ltr'>ciari</span> <span class='ocrx_word' id='word_1_21' title='bbox 338 461 470 492; x_wconf 88' lang='lat' dir='ltr'>faciatis</span> <span class='ocrx_word' id='word_1_22' title='bbox 490 463 521 491; x_wconf 87' lang='lat' dir='ltr'>et</span> <span class='ocrx_word' id='word_1_23' title='bbox 541 462 581 491; x_wconf 91' lang='lat' dir='ltr'>ab</span> <span class='ocrx_word' id='word_1_24' title='bbox 601 462 759 492; x_wconf 88' lang='lat' dir='ltr'>omnibus</span> <span class='ocrx_word' id='word_1_25' title='bbox 774 462 881 492; x_wconf 88' lang='lat' dir='ltr'>artius</span> <span class='ocrx_word' id='word_1_26' title='bbox 899 462 1032 496; x_wconf 82' lang='lat' dir='ltr'>evitari,</span> <span class='ocrx_word' id='word_1_27' title='bbox 1058 462 1142 492; x_wconf 84' lang='lat' dir='ltr'>alias</span> <span class='ocrx_word' id='word_1_28' title='bbox 1164 471 1240 492; x_wconf 86' lang='lat' dir='ltr'>con-</span> 
     </span>
     <span class='ocr_line' id='line_1_5' title="bbox 231 515 1238 554; baseline 0 -9"><span class='ocrx_word' id='word_1_29' title='bbox 231 517 283 546; x_wconf 89' lang='lat' dir='ltr'>tra</span> <span class='ocrx_word' id='word_1_30' title='bbox 306 523 364 545; x_wconf 89' lang='lat' dir='ltr'>eos</span> <span class='ocrx_word' id='word_1_31' title='bbox 394 515 586 553; x_wconf 85' lang='lat' dir='ltr'>agravaturi</span> <span class='ocrx_word' id='word_1_32' title='bbox 609 523 745 545; x_wconf 88' lang='lat' dir='ltr'>manum</span> <span class='ocrx_word' id='word_1_33' title='bbox 774 516 934 552; x_wconf 84' lang='lat' dir='ltr'>vestram,</span> <span class='ocrx_word' id='word_1_34' title='bbox 960 517 1059 554; x_wconf 90' lang='lat' dir='ltr'>prout</span> <span class='ocrx_word' id='word_1_35' title='bbox 1089 515 1238 553; x_wconf 87' lang='lat' dir='ltr'>ipsorum</span> 
     </span>
     <span class='ocr_line' id='line_1_6' title="bbox 230 567 1239 607; baseline 0.001 -10"><span class='ocrx_word' id='word_1_36' title='bbox 230 567 435 606; x_wconf 76' lang='lat' dir='ltr'>proterviam</span> <span class='ocrx_word' id='word_1_37' title='bbox 468 567 631 598; x_wconf 85' lang='lat' dir='ltr'>noveritis</span> <span class='ocrx_word' id='word_1_38' title='bbox 658 568 856 607; x_wconf 88' lang='lat' dir='ltr'>promereri.</span> <span class='ocrx_word' id='word_1_39' title='bbox 887 568 1159 599; x_wconf 87' lang='lat' dir='ltr'>Contradictores</span> <span class='ocrx_word' id='word_1_40' title='bbox 1190 587 1239 597; x_wconf 80' lang='lat'>—.</span> 
     </span>
     <span class='ocr_line' id='line_1_7' title="bbox 230 620 1240 660; baseline 0.001 -10"><span class='ocrx_word' id='word_1_41' title='bbox 230 621 355 651; x_wconf 88' lang='lat' dir='ltr'>Datum</span> <span class='ocrx_word' id='word_1_42' title='bbox 379 620 469 659; x_wconf 87' lang='lat' dir='ltr'>apud</span> <span class='ocrx_word' id='word_1_43' title='bbox 491 620 781 657; x_wconf 60' lang='lat' dir='ltr'>Urbemveterem</span> <span class='ocrx_word' id='word_1_44' title='bbox 800 621 882 660; x_wconf 29' lang='lat' dir='ltr'>*idus</span> <span class='ocrx_word' id='word_1_45' title='bbox 904 621 1003 660; x_wconf 88' lang='lat' dir='ltr'>junii,</span> <span class='ocrx_word' id='word_1_46' title='bbox 1025 621 1240 660; x_wconf 84' lang='lat' dir='ltr'>pontificatus</span> 
     </span>
     <span class='ocr_line' id='line_1_8' title="bbox 231 673 610 704; baseline 0 0"><span class='ocrx_word' id='word_1_47' title='bbox 231 673 339 704; x_wconf 82' lang='lat' dir='ltr'>nostri</span> <span class='ocrx_word' id='word_1_48' title='bbox 359 682 444 703; x_wconf 87' lang='lat' dir='ltr'>anno</span> <span class='ocrx_word' id='word_1_49' title='bbox 463 674 575 704; x_wconf 88' lang='lat' dir='ltr'>tertio.</span> <span class='ocrx_word' id='word_1_50' title='bbox 597 685 610 701; x_wconf 86' lang='lat'>»</span> 
     </span>
    </p>
   </div>
   <div class='ocr_carea' id='block_1_3' title="bbox 321 836 417 866">
    <p class='ocr_par' dir='ltr' id='par_1_3' title="bbox 321 836 417 866">
     <span class='ocr_line' id='line_1_9' title="bbox 321 836 417 866; baseline 0 0"><span class='ocrx_word' id='word_1_51' title='bbox 321 836 417 866; x_wconf 76' lang='lat'>2937</span> 
     </span>
    </p>
   </div>
   <div class='ocr_carea' id='block_1_4' title="bbox 823 834 1170 870">
    <p class='ocr_par' dir='ltr' id='par_1_4' title="bbox 823 834 1170 870">
     <span class='ocr_line' id='line_1_10' title="bbox 823 834 1170 870; baseline 0 -9"><span class='ocrx_word' id='word_1_52' title='bbox 823 834 948 865; x_wconf 78' lang='lat' dir='ltr'>Orvieto,</span> <span class='ocrx_word' id='word_1_53' title='bbox 969 835 1000 862; x_wconf 74' lang='lat'>14</span> <span class='ocrx_word' id='word_1_54' title='bbox 1012 834 1074 870; x_wconf 88' lang='lat' dir='ltr'>juin</span> <span class='ocrx_word' id='word_1_55' title='bbox 1096 835 1170 862; x_wconf 72' lang='lat'><strong>1204.</strong></span> 
     </span>
    </p>
   </div>
   <div class='ocr_carea' id='block_1_5' title="bbox 231 918 1243 1198">
    <p class='ocr_par' dir='ltr' id='par_1_5' title="bbox 231 918 1243 1198">
     <span class='ocr_line' id='line_1_11' title="bbox 269 918 1241 946; baseline 0 -1"><span class='ocrx_word' id='word_1_56' title='bbox 269 919 443 945; x_wconf 79' lang='lat' dir='ltr'><strong>Narnienses</strong></span> <span class='ocrx_word' id='word_1_57' title='bbox 463 918 585 945; x_wconf 83' lang='lat' dir='ltr'>absolvit</span> <span class='ocrx_word' id='word_1_58' title='bbox 606 926 623 945; x_wconf 82' lang='lat' dir='ltr'>a</span> <span class='ocrx_word' id='word_1_59' title='bbox 638 918 766 945; x_wconf 81' lang='lat' dir='ltr'><strong>censuris</strong></span> <span class='ocrx_word' id='word_1_60' title='bbox 785 922 813 945; x_wconf 86' lang='lat' dir='ltr'>et</span> <span class='ocrx_word' id='word_1_61' title='bbox 830 918 1162 946; x_wconf 76' lang='lat' dir='ltr'>excommunicationum</span> <span class='ocrx_word' id='word_1_62' title='bbox 1182 927 1241 945; x_wconf 89' lang='lat' dir='ltr'>sen-</span> 
     </span>
     <span class='ocr_line' id='line_1_12' title="bbox 231 966 1241 1002; baseline 0.001 -8"><span class='ocrx_word' id='word_1_63' title='bbox 231 968 332 995; x_wconf 75' lang='lat' dir='ltr'><strong>tentiis</strong></span> <span class='ocrx_word' id='word_1_64' title='bbox 350 968 379 994; x_wconf 92' lang='lat' dir='ltr'>in</span> <span class='ocrx_word' id='word_1_65' title='bbox 392 976 451 999; x_wconf 86' lang='lat' dir='ltr'>eos,</span> <span class='ocrx_word' id='word_1_66' title='bbox 469 967 579 994; x_wconf 85' lang='lat' dir='ltr'>ratione</span> <span class='ocrx_word' id='word_1_67' title='bbox 592 966 765 1002; x_wconf 88' lang='lat' dir='ltr'>injuriarum</span> <span class='ocrx_word' id='word_1_68' title='bbox 781 967 817 993; x_wconf 86' lang='lat' dir='ltr'>ab</span> <span class='ocrx_word' id='word_1_69' title='bbox 839 967 879 994; x_wconf 82' lang='lat' dir='ltr'>cis</span> <span class='ocrx_word' id='word_1_70' title='bbox 898 967 1121 994; x_wconf 87' lang='lat' dir='ltr'>Sancti-Gemini</span> <span class='ocrx_word' id='word_1_71' title='bbox 1139 968 1241 995; x_wconf 89' lang='lat' dir='ltr'>incolis</span> 
     </span>
     <span class='ocr_line' id='line_1_13' title="bbox 232 1016 1241 1048; baseline 0.001 -5"><span class='ocrx_word' id='word_1_72' title='bbox 232 1016 391 1048; x_wconf 88' lang='lat' dir='ltr'>illatarum,</span> <span class='ocrx_word' id='word_1_73' title='bbox 411 1017 570 1043; x_wconf 73' lang='lat' dir='ltr'>revocando</span> <span class='ocrx_word' id='word_1_74' title='bbox 590 1016 687 1043; x_wconf 83' lang='lat' dir='ltr'>omnia</span> <span class='ocrx_word' id='word_1_75' title='bbox 705 1025 721 1043; x_wconf 86' lang='lat' dir='ltr'>a</span> <span class='ocrx_word' id='word_1_76' title='bbox 744 1016 956 1043; x_wconf 78' lang='lat' dir='ltr'><strong>Narniensibus</strong></span> <span class='ocrx_word' id='word_1_77' title='bbox 974 1019 1076 1043; x_wconf 89' lang='lat' dir='ltr'>contra</span> <span class='ocrx_word' id='word_1_78' title='bbox 1095 1017 1241 1044; x_wconf 70' lang='lat' dir='ltr'>libertates</span> 
     </span>
     <span class='ocr_line' id='line_1_14' title="bbox 232 1065 1242 1099; baseline 0 -7"><span class='ocrx_word' id='word_1_79' title='bbox 232 1065 455 1092; x_wconf 84' lang='lat' dir='ltr'>Sancti-Gemini</span> <span class='ocrx_word' id='word_1_80' title='bbox 471 1067 643 1099; x_wconf 69' lang='lat' dir='ltr'>attemptata</span> <span class='ocrx_word' id='word_1_81' title='bbox 660 1067 687 1092; x_wconf 86' lang='lat' dir='ltr'>et</span> <span class='ocrx_word' id='word_1_82' title='bbox 714 1065 886 1092; x_wconf 85' lang='lat' dir='ltr'>declarando</span> <span class='ocrx_word' id='word_1_83' title='bbox 901 1065 938 1092; x_wconf 83' lang='lat' dir='ltr'>ab</span> <span class='ocrx_word' id='word_1_84' title='bbox 955 1065 1057 1092; x_wconf 89' lang='lat' dir='ltr'>incolis</span> <span class='ocrx_word' id='word_1_85' title='bbox 1075 1066 1242 1093; x_wconf 85' lang='lat' dir='ltr'>Sancti-Ge-</span> 
     </span>
     <span class='ocr_line' id='line_1_15' title="bbox 233 1113 1243 1142; baseline 0.002 -2"><span class='ocrx_word' id='word_1_86' title='bbox 233 1114 305 1141; x_wconf 86' lang='lat' dir='ltr'>mini</span> <span class='ocrx_word' id='word_1_87' title='bbox 326 1114 532 1141; x_wconf 80' lang='lat' dir='ltr'>Narniensibus</span> <span class='ocrx_word' id='word_1_88' title='bbox 554 1113 712 1140; x_wconf 88' lang='lat' dir='ltr'>exercitum</span> <span class='ocrx_word' id='word_1_89' title='bbox 731 1115 934 1141; x_wconf 83' lang='lat' dir='ltr'>tantummodo</span> <span class='ocrx_word' id='word_1_90' title='bbox 952 1116 980 1142; x_wconf 89' lang='lat' dir='ltr'>et</span> <span class='ocrx_word' id='word_1_91' title='bbox 1002 1115 1173 1142; x_wconf 82' lang='lat' dir='ltr'>masnadam</span> <span class='ocrx_word' id='word_1_92' title='bbox 1191 1116 1243 1142; x_wconf 83' lang='lat' dir='ltr'>de—</span> 
     </span>
     <span class='ocr_line' id='line_1_16' title="bbox 232 1162 718 1198; baseline 0 -9"><span class='ocrx_word' id='word_1_93' title='bbox 232 1163 303 1189; x_wconf 86' lang='lat' dir='ltr'>beri.</span> <span class='ocrx_word' id='word_1_94' title='bbox 321 1163 419 1198; x_wconf 63' lang='lat' dir='ltr'>(Anca.</span> <span class='ocrx_word' id='word_1_95' title='bbox 437 1170 526 1189; x_wconf 66' lang='lat' dir='ltr'>emur.</span> <span class='ocrx_word' id='word_1_96' title='bbox 544 1170 579 1189; x_wconf 81' lang='lat' dir='ltr'>DE</span> <span class='ocrx_word' id='word_1_97' title='bbox 598 1162 718 1198; x_wconf 70' lang='lat' dir='ltr'>NAnxi.)</span> 
     </span>
    </p>
   </div>
   <div class='ocr_carea' id='block_1_6' title="bbox 230 1260 1243 1513">
    <p class='ocr_par' dir='ltr' id='par_1_6' title="bbox 230 1260 1243 1513">
     <span class='ocr_line' id='line_1_17' title="bbox 271 1260 1243 1301; baseline 0.001 -10"><span class='ocrx_word' id='word_1_98' title='bbox 271 1270 288 1291; x_wconf 90' lang='lat'>«</span> <span class='ocrx_word' id='word_1_99' title='bbox 314 1260 454 1291; x_wconf 74' lang='lat' dir='ltr'>Urbanus</span> <span class='ocrx_word' id='word_1_100' title='bbox 475 1262 482 1281; x_wconf 87' lang='lat'>¹</span> <span class='ocrx_word' id='word_1_101' title='bbox 504 1261 670 1301; x_wconf 75' lang='lat' dir='ltr'>episcopus,</span> <span class='ocrx_word' id='word_1_102' title='bbox 687 1271 789 1290; x_wconf 79' lang='lat' dir='ltr'>servus</span> <span class='ocrx_word' id='word_1_103' title='bbox 806 1271 960 1291; x_wconf 71' lang='lat' dir='ltr'>servorum</span> <span class='ocrx_word' id='word_1_104' title='bbox 988 1262 1055 1298; x_wconf 78' lang='lat' dir='ltr'>Dei,</span> <span class='ocrx_word' id='word_1_105' title='bbox 1081 1262 1243 1292; x_wconf 73' lang='lat' dir='ltr'>venerabili</span> 
     </span>
     <span class='ocr_line' id='line_1_18' title="bbox 230 1313 1241 1354; baseline 0.001 -11"><span class='ocrx_word' id='word_1_106' title='bbox 230 1314 327 1352; x_wconf 80' lang='lat' dir='ltr'>fratri</span> <span class='ocrx_word' id='word_1_107' title='bbox 347 1315 484 1354; x_wconf 81' lang='lat' dir='ltr'>episcopo</span> <span class='ocrx_word' id='word_1_108' title='bbox 507 1320 535 1343; x_wconf 81' lang='lat' dir='ltr'>et</span> <span class='ocrx_word' id='word_1_109' title='bbox 559 1313 675 1344; x_wconf 84' lang='lat' dir='ltr'>dilectis</span> <span class='ocrx_word' id='word_1_110' title='bbox 694 1313 771 1352; x_wconf 81' lang='lat' dir='ltr'>filiis</span> <span class='ocrx_word' id='word_1_111' title='bbox 789 1315 944 1354; x_wconf 74' lang='lat' dir='ltr'>potestati,</span> <span class='ocrx_word' id='word_1_112' title='bbox 964 1315 1091 1345; x_wconf 82' lang='lat' dir='ltr'>consilio</span> <span class='ocrx_word' id='word_1_113' title='bbox 1112 1321 1139 1345; x_wconf 82' lang='lat' dir='ltr'>et</span> <span class='ocrx_word' id='word_1_114' title='bbox 1161 1326 1241 1346; x_wconf 79' lang='lat' dir='ltr'>conz-</span> 
     </span>
     <span class='ocr_line' id='line_1_19' title="bbox 234 1367 1240 1407; baseline 0.002 -11"><span class='ocrx_word' id='word_1_115' title='bbox 234 1367 319 1396; x_wconf 82' lang='lat' dir='ltr'>muni</span> <span class='ocrx_word' id='word_1_116' title='bbox 334 1367 566 1404; x_wconf 77' lang='lat' dir='ltr'>Narniensibus,</span> <span class='ocrx_word' id='word_1_117' title='bbox 587 1367 715 1397; x_wconf 80' lang='lat' dir='ltr'>salutem</span> <span class='ocrx_word' id='word_1_118' title='bbox 731 1373 762 1397; x_wconf 84' lang='lat' dir='ltr'>et</span> <span class='ocrx_word' id='word_1_119' title='bbox 779 1368 975 1407; x_wconf 81' lang='lat' dir='ltr'>apostolicam</span> <span class='ocrx_word' id='word_1_120' title='bbox 993 1368 1240 1399; x_wconf 76' lang='lat' dir='ltr'>benedictionem.</span> 
     </span>
     <span class='ocr_line' id='line_1_20' title="bbox 232 1420 1240 1460; baseline 0.002 -9"><span class='ocrx_word' id='word_1_121' title='bbox 232 1420 322 1452; x_wconf 90' lang='lat' dir='ltr'>Olim</span> <span class='ocrx_word' id='word_1_122' title='bbox 338 1421 426 1451; x_wconf 90' lang='lat' dir='ltr'>inter</span> <span class='ocrx_word' id='word_1_123' title='bbox 447 1430 507 1451; x_wconf 84' lang='lat' dir='ltr'>vos</span> <span class='ocrx_word' id='word_1_124' title='bbox 528 1438 578 1450; x_wconf 89' lang='lat'>—.</span> <span class='ocrx_word' id='word_1_125' title='bbox 603 1421 729 1452; x_wconf 86' lang='lat' dir='ltr'>Datum</span> <span class='ocrx_word' id='word_1_126' title='bbox 752 1421 840 1460; x_wconf 87' lang='lat' dir='ltr'>apud</span> <span class='ocrx_word' id='word_1_127' title='bbox 855 1422 1142 1459; x_wconf 87' lang='lat' dir='ltr'>Urbemveterem,</span> <span class='ocrx_word' id='word_1_128' title='bbox 1157 1432 1240 1453; x_wconf 78' lang='lat' dir='ltr'>xvrn</span> 
     </span>
     <span class='ocr_line' id='line_1_21' title="bbox 233 1474 1132 1513; baseline -0.001 -9"><span class='ocrx_word' id='word_1_129' title='bbox 233 1474 395 1504; x_wconf 82' lang='lat' dir='ltr'>kalendas</span> <span class='ocrx_word' id='word_1_130' title='bbox 410 1474 497 1513; x_wconf 85' lang='lat' dir='ltr'>julii,</span> <span class='ocrx_word' id='word_1_131' title='bbox 522 1474 734 1513; x_wconf 87' lang='lat' dir='ltr'>pontificatus</span> <span class='ocrx_word' id='word_1_132' title='bbox 750 1475 858 1505; x_wconf 83' lang='lat' dir='ltr'>nostri</span> <span class='ocrx_word' id='word_1_133' title='bbox 878 1484 964 1505; x_wconf 90' lang='lat' dir='ltr'>anno</span> <span class='ocrx_word' id='word_1_134' title='bbox 982 1475 1095 1506; x_wconf 89' lang='lat' dir='ltr'>tertio.</span> <span class='ocrx_word' id='word_1_135' title='bbox 1117 1489 1132 1504; x_wconf 88' lang='lat'>»</span> 
     </span>
    </p>
   </div>
   <div class='ocr_carea' id='block_1_7' title="bbox 321 1633 1169 1668">
    <p class='ocr_par' dir='ltr' id='par_1_7' title="bbox 321 1633 1169 1668">
     <span class='ocr_line' id='line_1_22' title="bbox 321 1633 1169 1668; baseline 0.006 -13"><span class='ocrx_word' id='word_1_136' title='bbox 321 1634 420 1665; x_wconf 72' lang='lat'>2983</span> <span class='ocrx_word' id='word_1_137' title='bbox 823 1633 945 1664; x_wconf 84' lang='lat' dir='ltr'>Orvieto,</span> <span class='ocrx_word' id='word_1_138' title='bbox 966 1634 997 1660; x_wconf 79' lang='lat'>19</span> <span class='ocrx_word' id='word_1_139' title='bbox 1010 1633 1074 1668; x_wconf 87' lang='lat' dir='ltr'>juin</span> <span class='ocrx_word' id='word_1_140' title='bbox 1091 1634 1169 1661; x_wconf 72' lang='lat'>1264.</span> 
     </span>
    </p>
   </div>
   <div class='ocr_carea' id='block_1_8' title="bbox 231 1717 1242 1900">
    <p class='ocr_par' dir='ltr' id='par_1_8' title="bbox 231 1717 1242 1900">
     <span class='ocr_line' id='line_1_23' title="bbox 267 1717 1242 1752; baseline 0.001 -8"><span class='ocrx_word' id='word_1_141' title='bbox 267 1718 405 1752; x_wconf 85' lang='lat' dir='ltr'>Episcopo</span> <span class='ocrx_word' id='word_1_142' title='bbox 424 1717 542 1752; x_wconf 76' lang='lat' dir='ltr'>Signino</span> <span class='ocrx_word' id='word_1_143' title='bbox 558 1718 675 1744; x_wconf 82' lang='lat' dir='ltr'>mandat</span> <span class='ocrx_word' id='word_1_144' title='bbox 690 1719 719 1744; x_wconf 89' lang='lat' dir='ltr'>ut</span> <span class='ocrx_word' id='word_1_145' title='bbox 734 1717 907 1744; x_wconf 83' lang='lat' dir='ltr'>sententiam</span> <span class='ocrx_word' id='word_1_146' title='bbox 924 1726 940 1744; x_wconf 84' lang='lat' dir='ltr'>a</span> <span class='ocrx_word' id='word_1_147' title='bbox 955 1719 1000 1749; x_wconf 60' lang='lat' dir='ltr'>G„</span> <span class='ocrx_word' id='word_1_148' title='bbox 1020 1718 1098 1745; x_wconf 85' lang='lat' dir='ltr'>tituli</span> <span class='ocrx_word' id='word_1_149' title='bbox 1116 1727 1138 1745; x_wconf 90' lang='lat' dir='ltr'>s.</span> <span class='ocrx_word' id='word_1_150' title='bbox 1156 1719 1242 1745; x_wconf 73' lang='lat' dir='ltr'>Marci</span> 
     </span>
     <span class='ocr_line' id='line_1_24' title="bbox 233 1765 1242 1802; baseline 0.001 -9"><span class='ocrx_word' id='word_1_151' title='bbox 233 1767 398 1802; x_wconf 79' lang='lat' dir='ltr'>presbytero</span> <span class='ocrx_word' id='word_1_152' title='bbox 412 1765 563 1798; x_wconf 83' lang='lat' dir='ltr'>cardinali,</span> <span class='ocrx_word' id='word_1_153' title='bbox 577 1767 714 1793; x_wconf 84' lang='lat' dir='ltr'>adversus</span> <span class='ocrx_word' id='word_1_154' title='bbox 730 1767 891 1793; x_wconf 80' lang='lat' dir='ltr'>Conradum</span> <span class='ocrx_word' id='word_1_155' title='bbox 907 1767 941 1792; x_wconf 91' lang='lat' dir='ltr'>de</span> <span class='ocrx_word' id='word_1_156' title='bbox 960 1766 1100 1799; x_wconf 81' lang='lat' dir='ltr'>Sculcula,</span> <span class='ocrx_word' id='word_1_157' title='bbox 1114 1775 1165 1802; x_wconf 91' lang='lat' dir='ltr'>pro</span> <span class='ocrx_word' id='word_1_158' title='bbox 1182 1776 1242 1794; x_wconf 90' lang='lat' dir='ltr'>mo-</span> 
     </span>
     <span class='ocr_line' id='line_1_25' title="bbox 232 1814 1242 1851; baseline 0 -9"><span class='ocrx_word' id='word_1_159' title='bbox 232 1815 359 1842; x_wconf 85' lang='lat' dir='ltr'>nasterio</span> <span class='ocrx_word' id='word_1_160' title='bbox 377 1824 399 1842; x_wconf 93' lang='lat' dir='ltr'>s.</span> <span class='ocrx_word' id='word_1_161' title='bbox 423 1815 500 1842; x_wconf 88' lang='lat' dir='ltr'>Petri</span> <span class='ocrx_word' id='word_1_162' title='bbox 514 1816 547 1841; x_wconf 87' lang='lat' dir='ltr'>de</span> <span class='ocrx_word' id='word_1_163' title='bbox 562 1815 756 1850; x_wconf 79' lang='lat' dir='ltr'>Villamagna,</span> <span class='ocrx_word' id='word_1_164' title='bbox 773 1814 881 1842; x_wconf 83' lang='lat' dir='ltr'>ordinis</span> <span class='ocrx_word' id='word_1_165' title='bbox 898 1823 921 1844; x_wconf 88' lang='lat' dir='ltr'>s.</span> <span class='ocrx_word' id='word_1_166' title='bbox 938 1815 1096 1850; x_wconf 78' lang='lat' dir='ltr'>Benedicti,</span> <span class='ocrx_word' id='word_1_167' title='bbox 1116 1816 1242 1851; x_wconf 78' lang='lat' dir='ltr'>Anagni-</span> 
     </span>
     <span class='ocr_line' id='line_1_26' title="bbox 231 1863 1242 1900; baseline 0.002 -9"><span class='ocrx_word' id='word_1_168' title='bbox 231 1872 284 1891; x_wconf 89' lang='lat' dir='ltr'>nae</span> <span class='ocrx_word' id='word_1_169' title='bbox 293 1863 426 1895; x_wconf 85' lang='lat' dir='ltr'>diocesis,</span> <span class='ocrx_word' id='word_1_170' title='bbox 438 1865 539 1896; x_wconf 83' lang='lat' dir='ltr'>latam,</span> <span class='ocrx_word' id='word_1_171' title='bbox 550 1863 709 1891; x_wconf 83' lang='lat' dir='ltr'>executioni</span> <span class='ocrx_word' id='word_1_172' title='bbox 719 1864 846 1891; x_wconf 85' lang='lat' dir='ltr'>mandet.</span> <span class='ocrx_word' id='word_1_173' title='bbox 857 1865 956 1898; x_wconf 59' lang='lat' dir='ltr'>(Anca</span> <span class='ocrx_word' id='word_1_174' title='bbox 969 1871 1062 1891; x_wconf 55' lang='lat' dir='ltr'>eamr.</span> <span class='ocrx_word' id='word_1_175' title='bbox 1077 1865 1242 1900; x_wconf 64' lang='lat' dir='ltr'>n&#39;AxAcxi.)</span> 
     </span>
    </p>
   </div>
   <div class='ocr_carea' id='block_1_9' title="bbox 231 1963 1246 2801">
    <p class='ocr_par' dir='ltr' id='par_1_9' title="bbox 231 1963 1246 2801">
     <span class='ocr_line' id='line_1_27' title="bbox 275 1963 1242 2004; baseline -0.001 -10"><span class='ocrx_word' id='word_1_176' title='bbox 275 1975 289 1994; x_wconf 86' lang='lat'>(‹</span> <span class='ocrx_word' id='word_1_177' title='bbox 304 1963 443 1995; x_wconf 81' lang='lat' dir='ltr'>Urbanus</span> <span class='ocrx_word' id='word_1_178' title='bbox 455 1964 623 2004; x_wconf 81' lang='lat' dir='ltr'>episcopus,</span> <span class='ocrx_word' id='word_1_179' title='bbox 636 1973 737 1992; x_wconf 78' lang='lat' dir='ltr'>servus</span> <span class='ocrx_word' id='word_1_180' title='bbox 748 1972 903 1993; x_wconf 71' lang='lat' dir='ltr'>servorum</span> <span class='ocrx_word' id='word_1_181' title='bbox 916 1963 982 2000; x_wconf 88' lang='lat' dir='ltr'>Dei,</span> <span class='ocrx_word' id='word_1_182' title='bbox 996 1963 1165 1993; x_wconf 80' lang='lat' dir='ltr'>venerabili</span> <span class='ocrx_word' id='word_1_183' title='bbox 1177 1964 1242 2003; x_wconf 79' lang='lat' dir='ltr'>fra-</span> 
     </span>
     <span class='ocr_line' id='line_1_28' title="bbox 235 2015 1240 2058; baseline 0 -10"><span class='ocrx_word' id='word_1_184' title='bbox 235 2018 276 2048; x_wconf 78' lang='lat' dir='ltr'>tri</span> <span class='ocrx_word' id='word_1_185' title='bbox 290 2042 296 2047; x_wconf 90' lang='lat'><em>.</em></span> <span class='ocrx_word' id='word_1_186' title='bbox 310 2017 465 2058; x_wconf 83' lang='lat' dir='ltr'>‚episcopo</span> <span class='ocrx_word' id='word_1_187' title='bbox 473 2016 748 2057; x_wconf 64' lang='lat' dir='ltr'>Signino,salutem</span> <span class='ocrx_word' id='word_1_188' title='bbox 755 2020 782 2046; x_wconf 86' lang='lat' dir='ltr'>et</span> <span class='ocrx_word' id='word_1_189' title='bbox 792 2015 989 2057; x_wconf 81' lang='lat' dir='ltr'>apostolicam</span> <span class='ocrx_word' id='word_1_190' title='bbox 997 2016 1240 2048; x_wconf 82' lang='lat' dir='ltr'>benedictionem.</span> 
     </span>
     <span class='ocr_line' id='line_1_29' title="bbox 234 2069 1243 2101; baseline -0.001 0"><span class='ocrx_word' id='word_1_191' title='bbox 234 2070 394 2101; x_wconf 82' lang='lat' dir='ltr'>Exhibita</span> <span class='ocrx_word' id='word_1_192' title='bbox 414 2070 512 2101; x_wconf 90' lang='lat' dir='ltr'>nobis</span> <span class='ocrx_word' id='word_1_193' title='bbox 534 2070 735 2100; x_wconf 87' lang='lat' dir='ltr'>dilectorum</span> <span class='ocrx_word' id='word_1_194' title='bbox 753 2069 900 2100; x_wconf 85' lang='lat' dir='ltr'>filiorum</span> <span class='ocrx_word' id='word_1_195' title='bbox 920 2094 926 2100; x_wconf 93' lang='lat'>.</span> <span class='ocrx_word' id='word_1_196' title='bbox 942 2094 948 2100; x_wconf 94' lang='lat'>.</span> <span class='ocrx_word' id='word_1_197' title='bbox 969 2069 1102 2100; x_wconf 86' lang='lat' dir='ltr'>abbatis</span> <span class='ocrx_word' id='word_1_198' title='bbox 1117 2071 1149 2101; x_wconf 88' lang='lat' dir='ltr'>et</span> <span class='ocrx_word' id='word_1_199' title='bbox 1167 2079 1243 2100; x_wconf 89' lang='lat' dir='ltr'>con-</span> 
     </span>
     <span class='ocr_line' id='line_1_30' title="bbox 231 2122 1243 2162; baseline -0.001 -8"><span class='ocrx_word' id='word_1_200' title='bbox 231 2125 352 2155; x_wconf 81' lang='lat' dir='ltr'>ventus</span> <span class='ocrx_word' id='word_1_201' title='bbox 370 2123 567 2154; x_wconf 87' lang='lat' dir='ltr'>monasterii</span> <span class='ocrx_word' id='word_1_202' title='bbox 585 2123 692 2154; x_wconf 87' lang='lat' dir='ltr'>sancti</span> <span class='ocrx_word' id='word_1_203' title='bbox 708 2123 799 2154; x_wconf 88' lang='lat' dir='ltr'>Petri</span> <span class='ocrx_word' id='word_1_204' title='bbox 814 2122 854 2153; x_wconf 92' lang='lat' dir='ltr'>de</span> <span class='ocrx_word' id='word_1_205' title='bbox 871 2123 1096 2162; x_wconf 70' lang='lat' dir='ltr'>villamagna,</span> <span class='ocrx_word' id='word_1_206' title='bbox 1115 2123 1243 2154; x_wconf 84' lang='lat' dir='ltr'>ordinis</span> 
     </span>
     <span class='ocr_line' id='line_1_31' title="bbox 233 2176 1242 2216; baseline 0 -8"><span class='ocrx_word' id='word_1_207' title='bbox 233 2177 341 2208; x_wconf 88' lang='lat' dir='ltr'>sancti</span> <span class='ocrx_word' id='word_1_208' title='bbox 363 2177 547 2213; x_wconf 85' lang='lat' dir='ltr'>Benedicti,</span> <span class='ocrx_word' id='word_1_209' title='bbox 572 2176 748 2216; x_wconf 81' lang='lat' dir='ltr'>Anagnine</span> <span class='ocrx_word' id='word_1_210' title='bbox 769 2176 924 2212; x_wconf 86' lang='lat' dir='ltr'>diocesis,</span> <span class='ocrx_word' id='word_1_211' title='bbox 950 2177 1070 2216; x_wconf 88' lang='lat' dir='ltr'>petitio</span> <span class='ocrx_word' id='word_1_212' title='bbox 1097 2177 1242 2208; x_wconf 77' lang='lat' dir='ltr'>contIne·</span> 
     </span>
     <span class='ocr_line' id='line_1_32' title="bbox 233 2230 1242 2270; baseline -0.002 -8"><span class='ocrx_word' id='word_1_213' title='bbox 233 2231 289 2262; x_wconf 89' lang='lat' dir='ltr'>bat</span> <span class='ocrx_word' id='word_1_214' title='bbox 306 2230 406 2270; x_wconf 87' lang='lat' dir='ltr'>quod,</span> <span class='ocrx_word' id='word_1_215' title='bbox 423 2239 498 2260; x_wconf 89' lang='lat' dir='ltr'>cum</span> <span class='ocrx_word' id='word_1_216' title='bbox 517 2230 644 2260; x_wconf 88' lang='lat' dir='ltr'>dudum</span> <span class='ocrx_word' id='word_1_217' title='bbox 659 2230 748 2260; x_wconf 86' lang='lat' dir='ltr'>inter</span> <span class='ocrx_word' id='word_1_218' title='bbox 766 2230 934 2269; x_wconf 88' lang='lat' dir='ltr'>quondam</span> <span class='ocrx_word' id='word_1_219' title='bbox 959 2230 1161 2265; x_wconf 85' lang='lat' dir='ltr'>Johannem,</span> <span class='ocrx_word' id='word_1_220' title='bbox 1188 2230 1242 2260; x_wconf 89' lang='lat' dir='ltr'>ab·</span> 
     </span>
     <span class='ocr_line' id='line_1_33' title="bbox 231 2282 1242 2323; baseline -0.001 -9"><span class='ocrx_word' id='word_1_221' title='bbox 231 2283 342 2315; x_wconf 87' lang='lat' dir='ltr'>batem</span> <span class='ocrx_word' id='word_1_222' title='bbox 356 2284 506 2323; x_wconf 87' lang='lat' dir='ltr'>ejusdem</span> <span class='ocrx_word' id='word_1_223' title='bbox 522 2283 734 2318; x_wconf 89' lang='lat' dir='ltr'>monasterii,</span> <span class='ocrx_word' id='word_1_224' title='bbox 748 2282 883 2313; x_wconf 86' lang='lat' dir='ltr'>nomine</span> <span class='ocrx_word' id='word_1_225' title='bbox 912 2283 1021 2322; x_wconf 90' lang='lat' dir='ltr'>ipsius</span> <span class='ocrx_word' id='word_1_226' title='bbox 1033 2283 1242 2319; x_wconf 86' lang='lat' dir='ltr'>monasterii,</span> 
     </span>
     <span class='ocr_line' id='line_1_34' title="bbox 233 2336 1243 2376; baseline -0.002 -8"><span class='ocrx_word' id='word_1_227' title='bbox 233 2339 265 2368; x_wconf 89' lang='lat' dir='ltr'>et</span> <span class='ocrx_word' id='word_1_228' title='bbox 276 2337 424 2368; x_wconf 90' lang='lat' dir='ltr'>nobilem</span> <span class='ocrx_word' id='word_1_229' title='bbox 436 2337 547 2367; x_wconf 88' lang='lat' dir='ltr'>virum</span> <span class='ocrx_word' id='word_1_230' title='bbox 563 2336 755 2367; x_wconf 88' lang='lat' dir='ltr'>Conradum</span> <span class='ocrx_word' id='word_1_231' title='bbox 769 2336 809 2367; x_wconf 91' lang='lat' dir='ltr'>de</span> <span class='ocrx_word' id='word_1_232' title='bbox 824 2336 991 2373; x_wconf 85' lang='lat' dir='ltr'>Sculcula,</span> <span class='ocrx_word' id='word_1_233' title='bbox 1007 2337 1160 2376; x_wconf 78' lang='lat' dir='ltr'>eJusdem</span> <span class='ocrx_word' id='word_1_234' title='bbox 1172 2337 1243 2367; x_wconf 88' lang='lat' dir='ltr'>dio-</span> 
     </span>
     <span class='ocr_line' id='line_1_35' title="bbox 233 2389 1241 2429; baseline 0 -9"><span class='ocrx_word' id='word_1_235' title='bbox 233 2390 332 2426; x_wconf 88' lang='lat' dir='ltr'>cesis,</span> <span class='ocrx_word' id='word_1_236' title='bbox 349 2398 462 2420; x_wconf 88' lang='lat' dir='ltr'>coram</span> <span class='ocrx_word' id='word_1_237' title='bbox 477 2389 587 2420; x_wconf 80' lang='lat' dir='ltr'>felicis</span> <span class='ocrx_word' id='word_1_238' title='bbox 603 2389 848 2420; x_wconf 87' lang='lat' dir='ltr'>recordationis</span> <span class='ocrx_word' id='word_1_239' title='bbox 857 2389 1054 2420; x_wconf 84' lang='lat' dir='ltr'>Innocentio</span> <span class='ocrx_word' id='word_1_240' title='bbox 1070 2398 1156 2429; x_wconf 88' lang='lat' dir='ltr'>papa</span> <span class='ocrx_word' id='word_1_241' title='bbox 1166 2390 1241 2427; x_wconf 89' lang='lat' dir='ltr'>IIII,</span> 
     </span>
     <span class='ocr_line' id='line_1_36' title="bbox 232 2443 1240 2482; baseline -0.001 -8"><span class='ocrx_word' id='word_1_242' title='bbox 232 2443 469 2482; x_wconf 85' lang='lat' dir='ltr'>predecessore</span> <span class='ocrx_word' id='word_1_243' title='bbox 486 2445 614 2479; x_wconf 86' lang='lat' dir='ltr'>nostro,</span> <span class='ocrx_word' id='word_1_244' title='bbox 627 2451 728 2481; x_wconf 86' lang='lat' dir='ltr'>super</span> <span class='ocrx_word' id='word_1_245' title='bbox 756 2443 961 2481; x_wconf 86' lang='lat' dir='ltr'>quibusdam</span> <span class='ocrx_word' id='word_1_246' title='bbox 987 2443 1089 2473; x_wconf 85' lang='lat' dir='ltr'>terris</span> <span class='ocrx_word' id='word_1_247' title='bbox 1117 2443 1159 2473; x_wconf 90' lang='lat' dir='ltr'>ad</span> <span class='ocrx_word' id='word_1_248' title='bbox 1175 2452 1240 2473; x_wconf 90' lang='lat' dir='ltr'>mo-</span> 
     </span>
     <span class='ocr_line' id='line_1_37' title="bbox 234 2494 1243 2535; baseline 0 -9"><span class='ocrx_word' id='word_1_249' title='bbox 234 2496 421 2526; x_wconf 88' lang='lat' dir='ltr'>nasterium</span> <span class='ocrx_word' id='word_1_250' title='bbox 449 2495 562 2534; x_wconf 90' lang='lat' dir='ltr'>ipsum</span> <span class='ocrx_word' id='word_1_251' title='bbox 587 2494 830 2535; x_wconf 83' lang='lat' dir='ltr'>spectantibus,</span> <span class='ocrx_word' id='word_1_252' title='bbox 871 2496 1004 2535; x_wconf 85' lang='lat' dir='ltr'>questio</span> <span class='ocrx_word' id='word_1_253' title='bbox 1044 2498 1243 2532; x_wconf 84' lang='lat' dir='ltr'>verteretur,</span> 
     </span>
     <span class='ocr_line' id='line_1_38' title="bbox 236 2548 1244 2588; baseline 0.001 -9"><span class='ocrx_word' id='word_1_254' title='bbox 236 2549 453 2588; x_wconf 89' lang='lat' dir='ltr'>predecessor</span> <span class='ocrx_word' id='word_1_255' title='bbox 471 2548 555 2587; x_wconf 89' lang='lat' dir='ltr'>ipse,</span> <span class='ocrx_word' id='word_1_256' title='bbox 575 2550 755 2587; x_wconf 86' lang='lat' dir='ltr'>postquam</span> <span class='ocrx_word' id='word_1_257' title='bbox 774 2548 846 2578; x_wconf 89' lang='lat' dir='ltr'>litis</span> <span class='ocrx_word' id='word_1_258' title='bbox 865 2549 1066 2579; x_wconf 82' lang='lat' dir='ltr'>contestatio</span> <span class='ocrx_word' id='word_1_259' title='bbox 1084 2549 1170 2579; x_wconf 88' lang='lat' dir='ltr'>facta</span> <span class='ocrx_word' id='word_1_260' title='bbox 1187 2558 1244 2580; x_wconf 84' lang='lat' dir='ltr'>ex-</span> 
     </span>
     <span class='ocr_line' id='line_1_39' title="bbox 234 2601 1244 2637; baseline -0.001 -4"><span class='ocrx_word' id='word_1_261' title='bbox 234 2602 304 2633; x_wconf 87' lang='lat' dir='ltr'>titit</span> <span class='ocrx_word' id='word_1_262' title='bbox 318 2609 431 2632; x_wconf 87' lang='lat' dir='ltr'>coram</span> <span class='ocrx_word' id='word_1_263' title='bbox 464 2609 514 2637; x_wconf 85' lang='lat' dir='ltr'>eo,</span> <span class='ocrx_word' id='word_1_264' title='bbox 545 2601 705 2632; x_wconf 89' lang='lat' dir='ltr'>dilectum</span> <span class='ocrx_word' id='word_1_265' title='bbox 734 2601 842 2631; x_wconf 89' lang='lat' dir='ltr'>filium</span> <span class='ocrx_word' id='word_1_266' title='bbox 871 2603 1024 2632; x_wconf 85' lang='lat' dir='ltr'>nostrum</span> <span class='ocrx_word' id='word_1_267' title='bbox 1051 2601 1104 2636; x_wconf 84' lang='lat' dir='ltr'>G.‚</span> <span class='ocrx_word' id='word_1_268' title='bbox 1137 2603 1244 2632; x_wconf 84' lang='lat' dir='ltr'>sancti</span> 
     </span>
     <span class='ocr_line' id='line_1_40' title="bbox 236 2653 1244 2694; baseline -0.001 -8"><span class='ocrx_word' id='word_1_269' title='bbox 236 2654 563 2686; x_wconf 82' lang='lat' dir='ltr'>Adrianidiaconum</span> <span class='ocrx_word' id='word_1_270' title='bbox 572 2653 931 2689; x_wconf 87' lang='lat' dir='ltr'>cardinalem‚deditin</span> <span class='ocrx_word' id='word_1_271' title='bbox 939 2663 1042 2684; x_wconf 86' lang='lat' dir='ltr'>causa</span> <span class='ocrx_word' id='word_1_272' title='bbox 1051 2654 1244 2694; x_wconf 88' lang='lat' dir='ltr'>hujusmodi</span> 
     </span>
     <span class='ocr_line' id='line_1_41' title="bbox 235 2706 1246 2748; baseline -0.001 -9"><span class='ocrx_word' id='word_1_273' title='bbox 235 2707 390 2748; x_wconf 87' lang='lat' dir='ltr'>partibus</span> <span class='ocrx_word' id='word_1_274' title='bbox 411 2707 612 2738; x_wconf 87' lang='lat' dir='ltr'>auditorem.</span> <span class='ocrx_word' id='word_1_275' title='bbox 631 2706 696 2742; x_wconf 83' lang='lat' dir='ltr'>Qui</span> <span class='ocrx_word' id='word_1_276' title='bbox 712 2706 856 2746; x_wconf 85' lang='lat' dir='ltr'>coguitis</span> <span class='ocrx_word' id='word_1_277' title='bbox 872 2706 982 2746; x_wconf 83' lang='lat' dir='ltr'>ipsius</span> <span class='ocrx_word' id='word_1_278' title='bbox 996 2716 1097 2738; x_wconf 89' lang='lat' dir='ltr'>cause</span> <span class='ocrx_word' id='word_1_279' title='bbox 1113 2708 1246 2738; x_wconf 85' lang='lat' dir='ltr'>meritis</span> 
     </span>
     <span class='ocr_line' id='line_1_42' title="bbox 236 2759 1245 2801; baseline -0.002 -8"><span class='ocrx_word' id='word_1_280' title='bbox 236 2762 365 2801; x_wconf 86' lang='lat' dir='ltr'>etjuris</span> <span class='ocrx_word' id='word_1_281' title='bbox 375 2760 491 2791; x_wconf 90' lang='lat' dir='ltr'>ordine</span> <span class='ocrx_word' id='word_1_282' title='bbox 500 2759 676 2790; x_wconf 87' lang='lat' dir='ltr'>observato</span> <span class='ocrx_word' id='word_1_283' title='bbox 686 2768 814 2790; x_wconf 91' lang='lat' dir='ltr'>necnon</span> <span class='ocrx_word' id='word_1_284' title='bbox 828 2760 1105 2798; x_wconf 86' lang='lat' dir='ltr'>procuratoribus</span> <span class='ocrx_word' id='word_1_285' title='bbox 1120 2761 1245 2791; x_wconf 87' lang='lat' dir='ltr'>utrius-</span> 
     </span>
    </p>
   </div>
   <div class='ocr_carea' id='block_1_10' title="bbox 232 2873 1247 3042">
    <p class='ocr_par' dir='ltr' id='par_1_10' title="bbox 232 2873 1247 2994">
     <span class='ocr_line' id='line_1_43' title="bbox 266 2873 1245 2905; baseline -0.001 -5"><span class='ocrx_word' id='word_1_286' title='bbox 266 2877 291 2900; x_wconf 91' lang='lat'>1.</span> <span class='ocrx_word' id='word_1_287' title='bbox 304 2876 342 2900; x_wconf 95' lang='lat' dir='ltr'>Le</span> <span class='ocrx_word' id='word_1_288' title='bbox 357 2875 507 2899; x_wconf 81' lang='lat' dir='ltr'>document</span> <span class='ocrx_word' id='word_1_289' title='bbox 520 2876 562 2899; x_wconf 88' lang='lat' dir='ltr'>est</span> <span class='ocrx_word' id='word_1_290' title='bbox 577 2873 723 2898; x_wconf 84' lang='lat' dir='ltr'>tellement</span> <span class='ocrx_word' id='word_1_291' title='bbox 741 2873 924 2905; x_wconf 77' lang='lat' dir='ltr'>endommage</span> <span class='ocrx_word' id='word_1_292' title='bbox 941 2874 1012 2905; x_wconf 87' lang='lat' dir='ltr'>qu&#39;il</span> <span class='ocrx_word' id='word_1_293' title='bbox 1023 2875 1114 2899; x_wconf 85' lang='lat' dir='ltr'>serait</span> <span class='ocrx_word' id='word_1_294' title='bbox 1129 2875 1245 2900; x_wconf 75' lang='lat' dir='ltr'>difficile</span> 
     </span>
     <span class='ocr_line' id='line_1_44' title="bbox 232 2918 1247 2951; baseline -0.002 -6"><span class='ocrx_word' id='word_1_295' title='bbox 232 2921 296 2945; x_wconf 85' lang='lat' dir='ltr'>d&#39;en</span> <span class='ocrx_word' id='word_1_296' title='bbox 312 2920 433 2951; x_wconf 83' lang='lat' dir='ltr'>prendre</span> <span class='ocrx_word' id='word_1_297' title='bbox 450 2926 504 2943; x_wconf 88' lang='lat' dir='ltr'>une</span> <span class='ocrx_word' id='word_1_298' title='bbox 522 2919 601 2950; x_wconf 85' lang='lat' dir='ltr'>copie</span> <span class='ocrx_word' id='word_1_299' title='bbox 619 2918 767 2949; x_wconf 82' lang='lat' dir='ltr'>complete.</span> <span class='ocrx_word' id='word_1_300' title='bbox 784 2918 860 2943; x_wconf 81' lang='lat' dir='ltr'>C&#39;est</span> <span class='ocrx_word' id='word_1_301' title='bbox 877 2925 932 2942; x_wconf 88' lang='lat' dir='ltr'>une</span> <span class='ocrx_word' id='word_1_302' title='bbox 946 2919 1154 2950; x_wconf 84' lang='lat' dir='ltr'>transcription</span> <span class='ocrx_word' id='word_1_303' title='bbox 1172 2920 1204 2944; x_wconf 84' lang='lat' dir='ltr'>de</span> <span class='ocrx_word' id='word_1_304' title='bbox 1219 2919 1247 2943; x_wconf 88' lang='lat' dir='ltr'>la</span> 
     </span>
     <span class='ocr_line' id='line_1_45' title="bbox 236 2963 1245 2994; baseline -0.001 -5"><span class='ocrx_word' id='word_1_305' title='bbox 236 2964 323 2992; x_wconf 86' lang='lat' dir='ltr'>bnlle,</span> <span class='ocrx_word' id='word_1_306' title='bbox 338 2964 406 2989; x_wconf 81' lang='lat' dir='ltr'>faite</span> <span class='ocrx_word' id='word_1_307' title='bbox 423 2971 488 2988; x_wconf 86' lang='lat' dir='ltr'>vers</span> <span class='ocrx_word' id='word_1_308' title='bbox 502 2963 527 2988; x_wconf 89' lang='lat' dir='ltr'>le</span> <span class='ocrx_word' id='word_1_309' title='bbox 544 2965 632 2988; x_wconf 85' lang='lat' dir='ltr'>meme</span> <span class='ocrx_word' id='word_1_310' title='bbox 648 2965 739 2994; x_wconf 83' lang='lat' dir='ltr'>temps</span> <span class='ocrx_word' id='word_1_311' title='bbox 756 2969 807 2993; x_wconf 84' lang='lat' dir='ltr'>par</span> <span class='ocrx_word' id='word_1_312' title='bbox 822 2970 859 2986; x_wconf 89' lang='lat' dir='ltr'>un</span> <span class='ocrx_word' id='word_1_313' title='bbox 874 2963 982 2988; x_wconf 86' lang='lat' dir='ltr'>certain</span> <span class='ocrx_word' id='word_1_314' title='bbox 1000 2963 1110 2988; x_wconf 87' lang='lat' dir='ltr'>notaire</span> <span class='ocrx_word' id='word_1_315' title='bbox 1124 2964 1245 2989; x_wconf 85' lang='lat' dir='ltr'>Roland.</span> 
     </span>
    </p>

    <p class='ocr_par' dir='ltr' id='par_1_11' title="bbox 364 3007 858 3042">
     <span class='ocr_line' id='line_1_46' title="bbox 364 3007 858 3042; baseline -0.006 -5"><span class='ocrx_word' id='word_1_316' title='bbox 364 3008 499 3037; x_wconf 59' lang='lat' dir='ltr'>Urinam</span> <span class='ocrx_word' id='word_1_317' title='bbox 521 3007 573 3042; x_wconf 88' lang='lat' dir='ltr'>IV,</span> <span class='ocrx_word' id='word_1_318' title='bbox 595 3010 614 3035; x_wconf 87' lang='lat' dir='ltr'>t.</span> <span class='ocrx_word' id='word_1_319' title='bbox 636 3007 689 3040; x_wconf 92' lang='lat' dir='ltr'>lV,</span> <span class='ocrx_word' id='word_1_320' title='bbox 710 3008 776 3042; x_wconf 69' lang='lat' dir='ltr'>Rey.</span> <span class='ocrx_word' id='word_1_321' title='bbox 798 3008 858 3035; x_wconf 87' lang='lat' dir='ltr'>ord.</span> 
     </span>
    </p>
   </div>
   <div class='ocr_carea' id='block_1_11' title="bbox 1269 2234 1273 2785">
    <p class='ocr_par' dir='ltr' id='par_1_12' title="bbox 1269 2234 1273 2785">
     <span class='ocr_line' id='line_1_47' title="bbox 1269 2234 1273 2785; baseline 0 0"><span class='ocrx_word' id='word_1_322' title='bbox 1269 2234 1273 2785; x_wconf 95' lang='lat' dir='ltr'> </span> 
     </span>
    </p>
   </div>
   <div class='ocr_carea' id='block_1_12' title="bbox 1296 357 2312 2726">
    <p class='ocr_par' dir='ltr' id='par_1_13' title="bbox 1296 357 2312 2726">
     <span class='ocr_line' id='line_1_48' title="bbox 1297 357 2305 403; baseline 0.008 -16"><span class='ocrx_word' id='word_1_323' title='bbox 1297 365 1360 396; x_wconf 89' lang='lat' dir='ltr'>que</span> <span class='ocrx_word' id='word_1_324' title='bbox 1377 357 1483 396; x_wconf 89' lang='lat' dir='ltr'>partis</span> <span class='ocrx_word' id='word_1_325' title='bbox 1501 359 1727 396; x_wconf 77' lang='lat' dir='ltr'>presentibus,</span> <span class='ocrx_word' id='word_1_326' title='bbox 1758 360 1845 391; x_wconf 86' lang='lat' dir='ltr'>dicto</span> <span class='ocrx_word' id='word_1_327' title='bbox 1870 371 2001 401; x_wconf 80' lang='lat' dir='ltr'>quoqne</span> <span class='ocrx_word' id='word_1_328' title='bbox 2020 363 2126 394; x_wconf 87' lang='lat' dir='ltr'>nobili</span> <span class='ocrx_word' id='word_1_329' title='bbox 2151 373 2210 403; x_wconf 89' lang='lat' dir='ltr'>pro</span> <span class='ocrx_word' id='word_1_330' title='bbox 2229 374 2305 403; x_wconf 79' lang='lat' dir='ltr'>qna-</span> 
     </span>
     <span class='ocr_line' id='line_1_49' title="bbox 1296 410 2304 455; baseline 0.009 -16"><span class='ocrx_word' id='word_1_331' title='bbox 1296 410 1372 440; x_wconf 90' lang='lat' dir='ltr'>dam</span> <span class='ocrx_word' id='word_1_332' title='bbox 1391 419 1452 440; x_wconf 85' lang='lat' dir='ltr'>sua</span> <span class='ocrx_word' id='word_1_333' title='bbox 1473 412 1683 442; x_wconf 77' lang='lat' dir='ltr'>contumacia</span> <span class='ocrx_word' id='word_1_334' title='bbox 1708 413 1740 442; x_wconf 91' lang='lat' dir='ltr'>in</span> <span class='ocrx_word' id='word_1_335' title='bbox 1760 417 1892 444; x_wconf 83' lang='lat' dir='ltr'>centum</span> <span class='ocrx_word' id='word_1_336' title='bbox 1911 416 2030 445; x_wconf 81' lang='lat' dir='ltr'>solidis</span> <span class='ocrx_word' id='word_1_337' title='bbox 2046 419 2304 455; x_wconf 82' lang='lat' dir='ltr'>provesinorum</span> 
     </span>
     <span class='ocr_line' id='line_1_50' title="bbox 1297 463 2303 509; baseline 0.01 -18"><span class='ocrx_word' id='word_1_338' title='bbox 1297 463 1382 501; x_wconf 87' lang='lat' dir='ltr'>parti</span> <span class='ocrx_word' id='word_1_339' title='bbox 1401 463 1479 494; x_wconf 86' lang='lat' dir='ltr'>dicti</span> <span class='ocrx_word' id='word_1_340' title='bbox 1495 465 1703 501; x_wconf 73' lang='lat' dir='ltr'>monasterii,</span> <span class='ocrx_word' id='word_1_341' title='bbox 1719 466 1873 506; x_wconf 79' lang='lat' dir='ltr'>exigente</span> <span class='ocrx_word' id='word_1_342' title='bbox 1885 468 2028 506; x_wconf 82' lang='lat' dir='ltr'>justitia,</span> <span class='ocrx_word' id='word_1_343' title='bbox 2048 470 2303 509; x_wconf 82' lang='lat' dir='ltr'>condempnato,</span> 
     </span>
     <span class='ocr_line' id='line_1_51' title="bbox 1297 515 2306 561; baseline 0.009 -17"><span class='ocrx_word' id='word_1_344' title='bbox 1297 515 1513 546; x_wconf 84' lang='lat' dir='ltr'>diffinitivam</span> <span class='ocrx_word' id='word_1_345' title='bbox 1531 525 1590 554; x_wconf 86' lang='lat' dir='ltr'>pro</span> <span class='ocrx_word' id='word_1_346' title='bbox 1608 517 1695 547; x_wconf 84' lang='lat' dir='ltr'>dicto</span> <span class='ocrx_word' id='word_1_347' title='bbox 1714 520 1918 550; x_wconf 74' lang='lat' dir='ltr'>monasterio</span> <span class='ocrx_word' id='word_1_348' title='bbox 1935 522 2138 552; x_wconf 83' lang='lat' dir='ltr'>sententiam</span> <span class='ocrx_word' id='word_1_349' title='bbox 2159 523 2306 561; x_wconf 83' lang='lat' dir='ltr'>promul·</span> 
     </span>
     <span class='ocr_line' id='line_1_52' title="bbox 1296 568 2305 610; baseline 0.009 -13"><span class='ocrx_word' id='word_1_350' title='bbox 1296 568 1397 607; x_wconf 86' lang='lat' dir='ltr'>gavit.</span> <span class='ocrx_word' id='word_1_351' title='bbox 1420 568 1460 598; x_wconf 90' lang='lat' dir='ltr'>Et</span> <span class='ocrx_word' id='word_1_352' title='bbox 1475 568 1551 599; x_wconf 87' lang='lat' dir='ltr'>licet</span> <span class='ocrx_word' id='word_1_353' title='bbox 1569 569 1656 600; x_wconf 87' lang='lat' dir='ltr'>idem</span> <span class='ocrx_word' id='word_1_354' title='bbox 1674 571 1797 601; x_wconf 85' lang='lat' dir='ltr'>nobilis</span> <span class='ocrx_word' id='word_1_355' title='bbox 1816 573 2004 610; x_wconf 81' lang='lat' dir='ltr'>appellasse</span> <span class='ocrx_word' id='word_1_356' title='bbox 2031 583 2049 603; x_wconf 86' lang='lat' dir='ltr'>a</span> <span class='ocrx_word' id='word_1_357' title='bbox 2065 575 2153 605; x_wconf 86' lang='lat' dir='ltr'>dicta</span> <span class='ocrx_word' id='word_1_358' title='bbox 2171 578 2305 606; x_wconf 81' lang='lat' dir='ltr'>senten-</span> 
     </span>
     <span class='ocr_line' id='line_1_53' title="bbox 1296 621 2305 664; baseline 0.008 -14"><span class='ocrx_word' id='word_1_359' title='bbox 1296 621 1342 651; x_wconf 88' lang='lat' dir='ltr'>tia</span> <span class='ocrx_word' id='word_1_360' title='bbox 1364 621 1543 657; x_wconf 83' lang='lat' dir='ltr'>diceretur,</span> <span class='ocrx_word' id='word_1_361' title='bbox 1568 623 1647 660; x_wconf 86' lang='lat' dir='ltr'>quia</span> <span class='ocrx_word' id='word_1_362' title='bbox 1672 624 1785 654; x_wconf 88' lang='lat' dir='ltr'>tamen</span> <span class='ocrx_word' id='word_1_363' title='bbox 1812 626 2071 663; x_wconf 80' lang='lat' dir='ltr'>appellationem</span> <span class='ocrx_word' id='word_1_364' title='bbox 2096 636 2204 664; x_wconf 86' lang='lat' dir='ltr'>suam,</span> <span class='ocrx_word' id='word_1_365' title='bbox 2229 638 2305 658; x_wconf 85' lang='lat' dir='ltr'>cum</span> 
     </span>
     <span class='ocr_line' id='line_1_54' title="bbox 1297 674 2304 719; baseline 0.008 -16"><span class='ocrx_word' id='word_1_366' title='bbox 1297 674 1455 712; x_wconf 85' lang='lat' dir='ltr'>potuerit,</span> <span class='ocrx_word' id='word_1_367' title='bbox 1473 683 1538 704; x_wconf 91' lang='lat' dir='ltr'>non</span> <span class='ocrx_word' id='word_1_368' title='bbox 1557 675 1619 705; x_wconf 89' lang='lat' dir='ltr'>fuit</span> <span class='ocrx_word' id='word_1_369' title='bbox 1636 676 1723 706; x_wconf 86' lang='lat' dir='ltr'>infra</span> <span class='ocrx_word' id='word_1_370' title='bbox 1737 679 1870 716; x_wconf 89' lang='lat' dir='ltr'>tempus</span> <span class='ocrx_word' id='word_1_371' title='bbox 1889 678 2077 717; x_wconf 85' lang='lat' dir='ltr'>legitimum</span> <span class='ocrx_word' id='word_1_372' title='bbox 2094 684 2304 719; x_wconf 83' lang='lat' dir='ltr'>prosecutus,</span> 
     </span>
     <span class='ocr_line' id='line_1_55' title="bbox 1297 727 2307 772; baseline 0.008 -16"><span class='ocrx_word' id='word_1_373' title='bbox 1297 727 1386 757; x_wconf 87' lang='lat' dir='ltr'>dicto</span> <span class='ocrx_word' id='word_1_374' title='bbox 1409 727 1440 757; x_wconf 89' lang='lat' dir='ltr'>J.</span> <span class='ocrx_word' id='word_1_375' title='bbox 1464 727 1582 758; x_wconf 79' lang='lat' dir='ltr'>abbate</span> <span class='ocrx_word' id='word_1_376' title='bbox 1610 729 1700 759; x_wconf 87' lang='lat' dir='ltr'>viam</span> <span class='ocrx_word' id='word_1_377' title='bbox 1730 730 1887 761; x_wconf 90' lang='lat' dir='ltr'>universe</span> <span class='ocrx_word' id='word_1_378' title='bbox 1909 732 2019 762; x_wconf 89' lang='lat' dir='ltr'>carnis</span> <span class='ocrx_word' id='word_1_379' title='bbox 2049 733 2214 772; x_wconf 83' lang='lat' dir='ltr'>ingresso,</span> <span class='ocrx_word' id='word_1_380' title='bbox 2246 743 2307 764; x_wconf 89' lang='lat' dir='ltr'>nos</span> 
     </span>
     <span class='ocr_line' id='line_1_56' title="bbox 1297 779 2307 822; baseline 0.008 -13"><span class='ocrx_word' id='word_1_381' title='bbox 1297 779 1444 817; x_wconf 81' lang='lat' dir='ltr'>demum,</span> <span class='ocrx_word' id='word_1_382' title='bbox 1464 781 1505 810; x_wconf 87' lang='lat' dir='ltr'>ad</span> <span class='ocrx_word' id='word_1_383' title='bbox 1535 781 1730 812; x_wconf 87' lang='lat' dir='ltr'>instantiam</span> <span class='ocrx_word' id='word_1_384' title='bbox 1759 784 1901 822; x_wconf 83' lang='lat' dir='ltr'>predicti</span> <span class='ocrx_word' id='word_1_385' title='bbox 1920 784 2063 819; x_wconf 50' lang='lat' dir='ltr'>abbatis</span> <span class='ocrx_word' id='word_1_386' title='bbox 2094 786 2214 817; x_wconf 82' lang='lat' dir='ltr'>dilecto</span> <span class='ocrx_word' id='word_1_387' title='bbox 2238 787 2307 817; x_wconf 83' lang='lat' dir='ltr'>filio</span> 
     </span>
     <span class='ocr_line' id='line_1_57' title="bbox 1299 833 2305 876; baseline 0.007 -14"><span class='ocrx_word' id='word_1_388' title='bbox 1299 834 1413 863; x_wconf 87' lang='lat' dir='ltr'>nostro</span> <span class='ocrx_word' id='word_1_389' title='bbox 1438 833 1492 869; x_wconf 61' lang='lat' dir='ltr'>G.³</span> <span class='ocrx_word' id='word_1_390' title='bbox 1524 833 1615 864; x_wconf 86' lang='lat' dir='ltr'>tituli</span> <span class='ocrx_word' id='word_1_391' title='bbox 1646 836 1752 865; x_wconf 87' lang='lat' dir='ltr'>sancti</span> <span class='ocrx_word' id='word_1_392' title='bbox 1779 837 1882 867; x_wconf 82' lang='lat' dir='ltr'>Marci</span> <span class='ocrx_word' id='word_1_393' title='bbox 1913 837 2101 876; x_wconf 87' lang='lat' dir='ltr'>presbitero</span> <span class='ocrx_word' id='word_1_394' title='bbox 2130 839 2305 876; x_wconf 75' lang='lat' dir='ltr'>cardinali,</span> 
     </span>
     <span class='ocr_line' id='line_1_58' title="bbox 1298 887 2310 926; baseline 0.008 -11"><span class='ocrx_word' id='word_1_395' title='bbox 1298 887 1530 917; x_wconf 86' lang='lat' dir='ltr'>executionem</span> <span class='ocrx_word' id='word_1_396' title='bbox 1558 888 1707 926; x_wconf 86' lang='lat' dir='ltr'>predicte</span> <span class='ocrx_word' id='word_1_397' title='bbox 1725 890 1891 920; x_wconf 85' lang='lat' dir='ltr'>sententie</span> <span class='ocrx_word' id='word_1_398' title='bbox 1916 891 2077 921; x_wconf 88' lang='lat' dir='ltr'>duximus</span> <span class='ocrx_word' id='word_1_399' title='bbox 2100 893 2310 923; x_wconf 88' lang='lat' dir='ltr'>committen—</span> 
     </span>
     <span class='ocr_line' id='line_1_59' title="bbox 1299 939 2306 984; baseline 0.008 -16"><span class='ocrx_word' id='word_1_400' title='bbox 1299 939 1387 969; x_wconf 89' lang='lat' dir='ltr'>dam.</span> <span class='ocrx_word' id='word_1_401' title='bbox 1405 940 1564 970; x_wconf 87' lang='lat' dir='ltr'>Partibus</span> <span class='ocrx_word' id='word_1_402' title='bbox 1584 941 1686 980; x_wconf 82' lang='lat' dir='ltr'>igitur</span> <span class='ocrx_word' id='word_1_403' title='bbox 1704 951 1763 981; x_wconf 87' lang='lat' dir='ltr'>per</span> <span class='ocrx_word' id='word_1_404' title='bbox 1779 946 2014 982; x_wconf 79' lang='lat' dir='ltr'>procuratores</span> <span class='ocrx_word' id='word_1_405' title='bbox 2030 945 2180 984; x_wconf 67' lang='lat' dir='ltr'>ydoneos</span> <span class='ocrx_word' id='word_1_406' title='bbox 2195 954 2306 976; x_wconf 89' lang='lat' dir='ltr'>coram</span> 
     </span>
     <span class='ocr_line' id='line_1_60' title="bbox 1299 993 2307 1036; baseline 0.007 -14"><span class='ocrx_word' id='word_1_407' title='bbox 1299 1000 1337 1022; x_wconf 87' lang='lat' dir='ltr'>eo</span> <span class='ocrx_word' id='word_1_408' title='bbox 1359 993 1392 1022; x_wconf 89' lang='lat' dir='ltr'>in</span> <span class='ocrx_word' id='word_1_409' title='bbox 1414 993 1542 1032; x_wconf 89' lang='lat' dir='ltr'>judicio</span> <span class='ocrx_word' id='word_1_410' title='bbox 1568 995 1774 1030; x_wconf 82' lang='lat' dir='ltr'>constitutis,</span> <span class='ocrx_word' id='word_1_411' title='bbox 1803 996 1891 1026; x_wconf 90' lang='lat' dir='ltr'>idem</span> <span class='ocrx_word' id='word_1_412' title='bbox 1919 997 2088 1036; x_wconf 85' lang='lat' dir='ltr'>presbiter</span> <span class='ocrx_word' id='word_1_413' title='bbox 2113 998 2307 1036; x_wconf 77' lang='lat' dir='ltr'>cardinalis,</span> 
     </span>
     <span class='ocr_line' id='line_1_61' title="bbox 1299 1045 2307 1089; baseline 0.007 -14"><span class='ocrx_word' id='word_1_414' title='bbox 1299 1045 1425 1076; x_wconf 88' lang='lat' dir='ltr'>auditis</span> <span class='ocrx_word' id='word_1_415' title='bbox 1439 1046 1515 1077; x_wconf 87' lang='lat' dir='ltr'>hinc</span> <span class='ocrx_word' id='word_1_416' title='bbox 1531 1047 1608 1078; x_wconf 87' lang='lat' dir='ltr'>inde</span> <span class='ocrx_word' id='word_1_417' title='bbox 1623 1049 1808 1087; x_wconf 84' lang='lat' dir='ltr'>propositis</span> <span class='ocrx_word' id='word_1_418' title='bbox 1827 1050 1958 1089; x_wconf 85' lang='lat' dir='ltr'>etjuris</span> <span class='ocrx_word' id='word_1_419' title='bbox 1981 1051 2097 1081; x_wconf 90' lang='lat' dir='ltr'>ordine</span> <span class='ocrx_word' id='word_1_420' title='bbox 2117 1051 2307 1086; x_wconf 78' lang='lat' dir='ltr'>observato,</span> 
     </span>
     <span class='ocr_line' id='line_1_62' title="bbox 1299 1098 2308 1139; baseline 0.007 -11"><span class='ocrx_word' id='word_1_421' title='bbox 1299 1098 1447 1130; x_wconf 87' lang='lat' dir='ltr'>decrevit</span> <span class='ocrx_word' id='word_1_422' title='bbox 1465 1101 1691 1139; x_wconf 83' lang='lat' dir='ltr'>supradictam</span> <span class='ocrx_word' id='word_1_423' title='bbox 1707 1103 1909 1133; x_wconf 85' lang='lat' dir='ltr'>sententiam</span> <span class='ocrx_word' id='word_1_424' title='bbox 1925 1104 2117 1135; x_wconf 73' lang='lat' dir='ltr'>executioni</span> <span class='ocrx_word' id='word_1_425' title='bbox 2134 1104 2308 1135; x_wconf 85' lang='lat' dir='ltr'>foreman·</span> 
     </span>
     <span class='ocr_line' id='line_1_63' title="bbox 1300 1151 2306 1197; baseline 0.007 -16"><span class='ocrx_word' id='word_1_426' title='bbox 1300 1151 1455 1188; x_wconf 85' lang='lat' dir='ltr'>dandam,</span> <span class='ocrx_word' id='word_1_427' title='bbox 1473 1162 1509 1183; x_wconf 88' lang='lat' dir='ltr'>ac</span> <span class='ocrx_word' id='word_1_428' title='bbox 1522 1154 1662 1185; x_wconf 85' lang='lat' dir='ltr'>eandem</span> <span class='ocrx_word' id='word_1_429' title='bbox 1680 1156 1881 1186; x_wconf 84' lang='lat' dir='ltr'>sententiam</span> <span class='ocrx_word' id='word_1_430' title='bbox 1901 1157 2132 1196; x_wconf 81' lang='lat' dir='ltr'>exequendam</span> <span class='ocrx_word' id='word_1_431' title='bbox 2148 1158 2306 1197; x_wconf 86' lang='lat' dir='ltr'>precepit,</span> 
     </span>
     <span class='ocr_line' id='line_1_64' title="bbox 1299 1206 2307 1250; baseline 0.006 -15"><span class='ocrx_word' id='word_1_432' title='bbox 1299 1206 1399 1244; x_wconf 84' lang='lat' dir='ltr'>atque</span> <span class='ocrx_word' id='word_1_433' title='bbox 1419 1207 1590 1238; x_wconf 85' lang='lat' dir='ltr'>mandavit</span> <span class='ocrx_word' id='word_1_434' title='bbox 1615 1210 1827 1246; x_wconf 87' lang='lat' dir='ltr'>procuratori</span> <span class='ocrx_word' id='word_1_435' title='bbox 1856 1209 1982 1240; x_wconf 89' lang='lat' dir='ltr'>nobilis</span> <span class='ocrx_word' id='word_1_436' title='bbox 2008 1211 2185 1241; x_wconf 88' lang='lat' dir='ltr'>memorati</span> <span class='ocrx_word' id='word_1_437' title='bbox 2210 1211 2307 1250; x_wconf 84' lang='lat' dir='ltr'>eique</span> 
     </span>
     <span class='ocr_line' id='line_1_65' title="bbox 1299 1259 2307 1303; baseline 0.008 -16"><span class='ocrx_word' id='word_1_438' title='bbox 1299 1266 1358 1297; x_wconf 87' lang='lat' dir='ltr'>per</span> <span class='ocrx_word' id='word_1_439' title='bbox 1383 1259 1494 1297; x_wconf 86' lang='lat' dir='ltr'>ipsum</span> <span class='ocrx_word' id='word_1_440' title='bbox 1513 1262 1548 1290; x_wconf 89' lang='lat' dir='ltr'>ut</span> <span class='ocrx_word' id='word_1_441' title='bbox 1572 1261 1662 1291; x_wconf 87' lang='lat' dir='ltr'>idem</span> <span class='ocrx_word' id='word_1_442' title='bbox 1689 1261 1815 1293; x_wconf 91' lang='lat' dir='ltr'>nobilis</span> <span class='ocrx_word' id='word_1_443' title='bbox 1839 1263 1987 1302; x_wconf 90' lang='lat' dir='ltr'>predicte</span> <span class='ocrx_word' id='word_1_444' title='bbox 2017 1264 2182 1295; x_wconf 86' lang='lat' dir='ltr'>sententie</span> <span class='ocrx_word' id='word_1_445' title='bbox 2208 1264 2307 1303; x_wconf 85' lang='lat' dir='ltr'>plene</span> 
     </span>
     <span class='ocr_line' id='line_1_66' title="bbox 1299 1314 2308 1357; baseline 0.007 -16"><span class='ocrx_word' id='word_1_446' title='bbox 1299 1314 1414 1350; x_wconf 86' lang='lat' dir='ltr'>pareat</span> <span class='ocrx_word' id='word_1_447' title='bbox 1433 1314 1465 1343; x_wconf 90' lang='lat' dir='ltr'>et</span> <span class='ocrx_word' id='word_1_448' title='bbox 1480 1321 1539 1352; x_wconf 89' lang='lat' dir='ltr'>per</span> <span class='ocrx_word' id='word_1_449' title='bbox 1555 1322 1590 1344; x_wconf 87' lang='lat' dir='ltr'>se</span> <span class='ocrx_word' id='word_1_450' title='bbox 1615 1314 1665 1344; x_wconf 88' lang='lat' dir='ltr'>vel</span> <span class='ocrx_word' id='word_1_451' title='bbox 1681 1323 1739 1353; x_wconf 89' lang='lat' dir='ltr'>per</span> <span class='ocrx_word' id='word_1_452' title='bbox 1755 1315 1861 1346; x_wconf 88' lang='lat' dir='ltr'>alium</span> <span class='ocrx_word' id='word_1_453' title='bbox 1878 1319 1933 1346; x_wconf 90' lang='lat' dir='ltr'>aut</span> <span class='ocrx_word' id='word_1_454' title='bbox 1952 1317 2049 1353; x_wconf 88' lang='lat' dir='ltr'>alios,</span> <span class='ocrx_word' id='word_1_455' title='bbox 2070 1317 2239 1357; x_wconf 83' lang='lat' dir='ltr'>predictos</span> <span class='ocrx_word' id='word_1_456' title='bbox 2256 1317 2308 1347; x_wconf 77' lang='lat' dir='ltr'>ab·</span> 
     </span>
     <span class='ocr_line' id='line_1_67' title="bbox 1299 1364 2309 1409; baseline 0.007 -15"><span class='ocrx_word' id='word_1_457' title='bbox 1299 1364 1410 1395; x_wconf 90' lang='lat' dir='ltr'>batem</span> <span class='ocrx_word' id='word_1_458' title='bbox 1439 1368 1471 1396; x_wconf 88' lang='lat' dir='ltr'>et</span> <span class='ocrx_word' id='word_1_459' title='bbox 1496 1369 1697 1398; x_wconf 88' lang='lat' dir='ltr'>conventum</span> <span class='ocrx_word' id='word_1_460' title='bbox 1722 1371 1778 1399; x_wconf 87' lang='lat' dir='ltr'>aut</span> <span class='ocrx_word' id='word_1_461' title='bbox 1803 1378 2033 1409; x_wconf 88' lang='lat' dir='ltr'>quoscumque</span> <span class='ocrx_word' id='word_1_462' title='bbox 2066 1370 2163 1407; x_wconf 81' lang='lat' dir='ltr'>alios,</span> <span class='ocrx_word' id='word_1_463' title='bbox 2193 1379 2309 1401; x_wconf 89' lang='lat' dir='ltr'>eorum</span> 
     </span>
     <span class='ocr_line' id='line_1_68' title="bbox 1300 1419 2306 1462; baseline 0.006 -14"><span class='ocrx_word' id='word_1_464' title='bbox 1300 1419 1447 1454; x_wconf 85' lang='lat' dir='ltr'>nomine,</span> <span class='ocrx_word' id='word_1_465' title='bbox 1462 1428 1564 1458; x_wconf 90' lang='lat' dir='ltr'>super</span> <span class='ocrx_word' id='word_1_466' title='bbox 1579 1421 1678 1451; x_wconf 87' lang='lat' dir='ltr'>dictis</span> <span class='ocrx_word' id='word_1_467' title='bbox 1694 1422 1794 1452; x_wconf 86' lang='lat' dir='ltr'>terris</span> <span class='ocrx_word' id='word_1_468' title='bbox 1810 1431 1874 1452; x_wconf 90' lang='lat' dir='ltr'>non</span> <span class='ocrx_word' id='word_1_469' title='bbox 1892 1422 2054 1462; x_wconf 85' lang='lat' dir='ltr'>impediat</span> <span class='ocrx_word' id='word_1_470' title='bbox 2068 1424 2120 1454; x_wconf 93' lang='lat' dir='ltr'>vel</span> <span class='ocrx_word' id='word_1_471' title='bbox 2140 1424 2306 1458; x_wconf 88' lang='lat' dir='ltr'>molestet,</span> 
     </span>
     <span class='ocr_line' id='line_1_69' title="bbox 1299 1473 2309 1515; baseline 0.005 -13"><span class='ocrx_word' id='word_1_472' title='bbox 1299 1473 1332 1502; x_wconf 86' lang='lat' dir='ltr'>et</span> <span class='ocrx_word' id='word_1_473' title='bbox 1349 1473 1438 1511; x_wconf 87' lang='lat' dir='ltr'>quod</span> <span class='ocrx_word' id='word_1_474' title='bbox 1452 1473 1538 1503; x_wconf 86' lang='lat' dir='ltr'>infra</span> <span class='ocrx_word' id='word_1_475' title='bbox 1554 1474 1655 1504; x_wconf 91' lang='lat' dir='ltr'>unius</span> <span class='ocrx_word' id='word_1_476' title='bbox 1668 1475 1796 1505; x_wconf 88' lang='lat' dir='ltr'>mensis</span> <span class='ocrx_word' id='word_1_477' title='bbox 1814 1476 1961 1514; x_wconf 88' lang='lat' dir='ltr'>spatium</span> <span class='ocrx_word' id='word_1_478' title='bbox 1972 1478 2153 1515; x_wconf 80' lang='lat' dir='ltr'>postquam</span> <span class='ocrx_word' id='word_1_479' title='bbox 2172 1477 2212 1507; x_wconf 88' lang='lat' dir='ltr'>ad</span> <span class='ocrx_word' id='word_1_480' title='bbox 2233 1485 2309 1507; x_wconf 86' lang='lat' dir='ltr'>enm</span> 
     </span>
     <span class='ocr_line' id='line_1_70' title="bbox 1299 1524 2308 1569; baseline 0.006 -15"><span class='ocrx_word' id='word_1_481' title='bbox 1299 1524 1493 1564; x_wconf 87' lang='lat' dir='ltr'>hujusmodi</span> <span class='ocrx_word' id='word_1_482' title='bbox 1515 1528 1669 1557; x_wconf 88' lang='lat' dir='ltr'>nostrum</span> <span class='ocrx_word' id='word_1_483' title='bbox 1692 1528 1888 1559; x_wconf 90' lang='lat' dir='ltr'>mandatum</span> <span class='ocrx_word' id='word_1_484' title='bbox 1906 1530 2097 1568; x_wconf 82' lang='lat' dir='ltr'>pervenerit</span> <span class='ocrx_word' id='word_1_485' title='bbox 2115 1532 2146 1560; x_wconf 88' lang='lat' dir='ltr'>et</span> <span class='ocrx_word' id='word_1_486' title='bbox 2171 1539 2308 1569; x_wconf 88' lang='lat' dir='ltr'>precep-</span> 
     </span>
     <span class='ocr_line' id='line_1_71' title="bbox 1298 1579 2308 1621; baseline 0.005 -13"><span class='ocrx_word' id='word_1_487' title='bbox 1298 1579 1383 1615; x_wconf 86' lang='lat' dir='ltr'>tum,</span> <span class='ocrx_word' id='word_1_488' title='bbox 1401 1579 1451 1609; x_wconf 91' lang='lat' dir='ltr'>eis</span> <span class='ocrx_word' id='word_1_489' title='bbox 1469 1579 1521 1610; x_wconf 83' lang='lat' dir='ltr'>vel</span> <span class='ocrx_word' id='word_1_490' title='bbox 1542 1579 1693 1619; x_wconf 89' lang='lat' dir='ltr'>ipsorum</span> <span class='ocrx_word' id='word_1_491' title='bbox 1716 1582 1926 1620; x_wconf 84' lang='lat' dir='ltr'>procuratori</span> <span class='ocrx_word' id='word_1_492' title='bbox 1945 1582 2156 1621; x_wconf 86' lang='lat' dir='ltr'>supradictos</span> <span class='ocrx_word' id='word_1_493' title='bbox 2175 1585 2308 1613; x_wconf 88' lang='lat' dir='ltr'>centum</span> 
     </span>
     <span class='ocr_line' id='line_1_72' title="bbox 1300 1632 2307 1674; baseline 0.006 -13"><span class='ocrx_word' id='word_1_494' title='bbox 1300 1632 1439 1669; x_wconf 87' lang='lat' dir='ltr'>solidos,</span> <span class='ocrx_word' id='word_1_495' title='bbox 1456 1632 1490 1662; x_wconf 91' lang='lat' dir='ltr'>in</span> <span class='ocrx_word' id='word_1_496' title='bbox 1503 1633 1627 1672; x_wconf 87' lang='lat' dir='ltr'>quibus</span> <span class='ocrx_word' id='word_1_497' title='bbox 1638 1633 1710 1673; x_wconf 90' lang='lat' dir='ltr'>ipse</span> <span class='ocrx_word' id='word_1_498' title='bbox 1726 1643 1785 1673; x_wconf 86' lang='lat' dir='ltr'>per</span> <span class='ocrx_word' id='word_1_499' title='bbox 1798 1635 2027 1674; x_wconf 87' lang='lat' dir='ltr'>supradictum</span> <span class='ocrx_word' id='word_1_500' title='bbox 2045 1636 2224 1666; x_wconf 86' lang='lat' dir='ltr'>diaconum</span> <span class='ocrx_word' id='word_1_501' title='bbox 2236 1645 2307 1666; x_wconf 86' lang='lat' dir='ltr'>car-</span> 
     </span>
     <span class='ocr_line' id='line_1_73' title="bbox 1300 1684 2306 1725; baseline 0.004 -11"><span class='ocrx_word' id='word_1_502' title='bbox 1300 1684 1449 1715; x_wconf 79' lang='lat' dir='ltr'>dinalem</span> <span class='ocrx_word' id='word_1_503' title='bbox 1473 1686 1583 1716; x_wconf 82' lang='lat' dir='ltr'>extitit</span> <span class='ocrx_word' id='word_1_504' title='bbox 1602 1687 1878 1725; x_wconf 83' lang='lat' dir='ltr'>condempnatus,</span> <span class='ocrx_word' id='word_1_505' title='bbox 1901 1697 1938 1718; x_wconf 86' lang='lat' dir='ltr'>ac</span> <span class='ocrx_word' id='word_1_506' title='bbox 1954 1688 2055 1718; x_wconf 87' lang='lat' dir='ltr'>etiam</span> <span class='ocrx_word' id='word_1_507' title='bbox 2072 1690 2197 1719; x_wconf 88' lang='lat' dir='ltr'>certam</span> <span class='ocrx_word' id='word_1_508' title='bbox 2215 1688 2306 1719; x_wconf 87' lang='lat' dir='ltr'>bladi</span> 
     </span>
     <span class='ocr_line' id='line_1_74' title="bbox 1300 1737 2308 1780; baseline 0.005 -13"><span class='ocrx_word' id='word_1_509' title='bbox 1300 1737 1455 1769; x_wconf 86' lang='lat' dir='ltr'>exhibeat</span> <span class='ocrx_word' id='word_1_510' title='bbox 1470 1739 1703 1777; x_wconf 86' lang='lat' dir='ltr'>quantitatem.</span> <span class='ocrx_word' id='word_1_511' title='bbox 1719 1740 1877 1771; x_wconf 84' lang='lat' dir='ltr'>Decrevit</span> <span class='ocrx_word' id='word_1_512' title='bbox 1889 1749 2020 1780; x_wconf 82' lang='lat' dir='ltr'>quoque</span> <span class='ocrx_word' id='word_1_513' title='bbox 2038 1741 2126 1772; x_wconf 88' lang='lat' dir='ltr'>idem</span> <span class='ocrx_word' id='word_1_514' title='bbox 2144 1742 2308 1780; x_wconf 86' lang='lat' dir='ltr'>presbiter</span> 
     </span>
     <span class='ocr_line' id='line_1_75' title="bbox 1301 1791 2306 1831; baseline 0.006 -11"><span class='ocrx_word' id='word_1_515' title='bbox 1301 1791 1484 1821; x_wconf 85' lang='lat' dir='ltr'>cardinalis</span> <span class='ocrx_word' id='word_1_516' title='bbox 1501 1793 1541 1822; x_wconf 88' lang='lat' dir='ltr'>ad</span> <span class='ocrx_word' id='word_1_517' title='bbox 1558 1792 1628 1827; x_wconf 84' lang='lat' dir='ltr'>hoc,</span> <span class='ocrx_word' id='word_1_518' title='bbox 1647 1793 1677 1822; x_wconf 91' lang='lat' dir='ltr'>si</span> <span class='ocrx_word' id='word_1_519' title='bbox 1692 1802 1776 1831; x_wconf 89' lang='lat' dir='ltr'>opus</span> <span class='ocrx_word' id='word_1_520' title='bbox 1797 1793 1908 1829; x_wconf 84' lang='lat' dir='ltr'>fuerit,</span> <span class='ocrx_word' id='word_1_521' title='bbox 1925 1794 2150 1825; x_wconf 83' lang='lat' dir='ltr'>invocandum</span> <span class='ocrx_word' id='word_1_522' title='bbox 2169 1797 2201 1825; x_wconf 88' lang='lat' dir='ltr'>et</span> <span class='ocrx_word' id='word_1_523' title='bbox 2221 1803 2306 1826; x_wconf 87' lang='lat' dir='ltr'>com-</span> 
     </span>
     <span class='ocr_line' id='line_1_76' title="bbox 1300 1843 2309 1886; baseline 0.005 -13"><span class='ocrx_word' id='word_1_524' title='bbox 1300 1843 1496 1883; x_wconf 90' lang='lat' dir='ltr'>pellendum</span> <span class='ocrx_word' id='word_1_525' title='bbox 1527 1845 1597 1875; x_wconf 87' lang='lat' dir='ltr'>fore</span> <span class='ocrx_word' id='word_1_526' title='bbox 1619 1845 1785 1876; x_wconf 84' lang='lat' dir='ltr'>auxilium</span> <span class='ocrx_word' id='word_1_527' title='bbox 1807 1846 1937 1876; x_wconf 86' lang='lat' dir='ltr'>brachii</span> <span class='ocrx_word' id='word_1_528' title='bbox 1963 1847 2137 1884; x_wconf 85' lang='lat' dir='ltr'>secularis,</span> <span class='ocrx_word' id='word_1_529' title='bbox 2160 1850 2257 1886; x_wconf 90' lang='lat' dir='ltr'>prout</span> <span class='ocrx_word' id='word_1_530' title='bbox 2275 1849 2309 1878; x_wconf 90' lang='lat' dir='ltr'>in</span> 
     </span>
     <span class='ocr_line' id='line_1_77' title="bbox 1301 1897 2310 1940; baseline 0.005 -14"><span class='ocrx_word' id='word_1_531' title='bbox 1301 1897 1435 1935; x_wconf 89' lang='lat' dir='ltr'>publico</span> <span class='ocrx_word' id='word_1_532' title='bbox 1453 1898 1690 1934; x_wconf 85' lang='lat' dir='ltr'>instrumento,</span> <span class='ocrx_word' id='word_1_533' title='bbox 1706 1899 1856 1930; x_wconf 85' lang='lat' dir='ltr'>confecto</span> <span class='ocrx_word' id='word_1_534' title='bbox 1873 1900 1992 1930; x_wconf 88' lang='lat' dir='ltr'>exinde</span> <span class='ocrx_word' id='word_1_535' title='bbox 2010 1909 2047 1930; x_wconf 88' lang='lat' dir='ltr'>ac</span> <span class='ocrx_word' id='word_1_536' title='bbox 2064 1900 2177 1939; x_wconf 86' lang='lat' dir='ltr'>sigillo</span> <span class='ocrx_word' id='word_1_537' title='bbox 2200 1901 2310 1940; x_wconf 90' lang='lat' dir='ltr'>ipsius</span> 
     </span>
     <span class='ocr_line' id='line_1_78' title="bbox 1300 1950 2309 1992; baseline 0.005 -12"><span class='ocrx_word' id='word_1_538' title='bbox 1300 1950 1480 1989; x_wconf 87' lang='lat' dir='ltr'>presbiteri</span> <span class='ocrx_word' id='word_1_539' title='bbox 1500 1952 1680 1982; x_wconf 88' lang='lat' dir='ltr'>cardinalis</span> <span class='ocrx_word' id='word_1_540' title='bbox 1697 1953 1839 1991; x_wconf 80' lang='lat' dir='ltr'>signato,</span> <span class='ocrx_word' id='word_1_541' title='bbox 1859 1953 1993 1992; x_wconf 87' lang='lat' dir='ltr'>plenius</span> <span class='ocrx_word' id='word_1_542' title='bbox 2013 1954 2215 1984; x_wconf 87' lang='lat' dir='ltr'>continetur.</span> <span class='ocrx_word' id='word_1_543' title='bbox 2237 1955 2309 1985; x_wconf 79' lang='lat' dir='ltr'>Nos</span> 
     </span>
     <span class='ocr_line' id='line_1_79' title="bbox 1301 2003 2309 2046; baseline 0.005 -13"><span class='ocrx_word' id='word_1_544' title='bbox 1301 2003 1425 2042; x_wconf 73' lang='lat' dir='ltr'>itaque,</span> <span class='ocrx_word' id='word_1_545' title='bbox 1444 2005 1671 2043; x_wconf 87' lang='lat' dir='ltr'>predictorum</span> <span class='ocrx_word' id='word_1_546' title='bbox 1688 2005 1820 2036; x_wconf 85' lang='lat' dir='ltr'>abbatis</span> <span class='ocrx_word' id='word_1_547' title='bbox 1841 2008 1872 2036; x_wconf 87' lang='lat' dir='ltr'>et</span> <span class='ocrx_word' id='word_1_548' title='bbox 1892 2009 2076 2037; x_wconf 87' lang='lat' dir='ltr'>conventus</span> <span class='ocrx_word' id='word_1_549' title='bbox 2094 2007 2309 2046; x_wconf 87' lang='lat' dir='ltr'>supplicatio-</span> 
     </span>
     <span class='ocr_line' id='line_1_80' title="bbox 1301 2057 2309 2098; baseline 0.005 -12"><span class='ocrx_word' id='word_1_550' title='bbox 1301 2057 1403 2087; x_wconf 91' lang='lat' dir='ltr'>nibus</span> <span class='ocrx_word' id='word_1_551' title='bbox 1430 2058 1595 2094; x_wconf 89' lang='lat' dir='ltr'>inclinati,</span> <span class='ocrx_word' id='word_1_552' title='bbox 1614 2059 1701 2097; x_wconf 90' lang='lat' dir='ltr'>quod</span> <span class='ocrx_word' id='word_1_553' title='bbox 1722 2058 1763 2089; x_wconf 87' lang='lat' dir='ltr'>ab</span> <span class='ocrx_word' id='word_1_554' title='bbox 1791 2060 1908 2090; x_wconf 91' lang='lat' dir='ltr'>eodem</span> <span class='ocrx_word' id='word_1_555' title='bbox 1937 2059 2125 2098; x_wconf 86' lang='lat' dir='ltr'>presbitero</span> <span class='ocrx_word' id='word_1_556' title='bbox 2146 2061 2309 2091; x_wconf 83' lang='lat' dir='ltr'>cardinali</span> 
     </span>
     <span class='ocr_line' id='line_1_81' title="bbox 1302 2111 2308 2153; baseline 0.004 -13"><span class='ocrx_word' id='word_1_557' title='bbox 1302 2119 1403 2149; x_wconf 87' lang='lat' dir='ltr'>snper</span> <span class='ocrx_word' id='word_1_558' title='bbox 1421 2111 1561 2147; x_wconf 75' lang='lat' dir='ltr'>decreto,</span> <span class='ocrx_word' id='word_1_559' title='bbox 1580 2112 1736 2143; x_wconf 85' lang='lat' dir='ltr'>mandato</span> <span class='ocrx_word' id='word_1_560' title='bbox 1752 2115 1783 2143; x_wconf 90' lang='lat' dir='ltr'>et</span> <span class='ocrx_word' id='word_1_561' title='bbox 1801 2116 1956 2152; x_wconf 85' lang='lat' dir='ltr'>precepto</span> <span class='ocrx_word' id='word_1_562' title='bbox 1969 2114 2177 2144; x_wconf 79' lang='lat' dir='ltr'>executionis</span> <span class='ocrx_word' id='word_1_563' title='bbox 2195 2114 2308 2153; x_wconf 86' lang='lat' dir='ltr'>hujus-</span> 
     </span>
     <span class='ocr_line' id='line_1_82' title="bbox 1301 2164 2309 2203; baseline 0.005 -10"><span class='ocrx_word' id='word_1_564' title='bbox 1301 2164 1391 2194; x_wconf 88' lang='lat' dir='ltr'>modi</span> <span class='ocrx_word' id='word_1_565' title='bbox 1410 2164 1535 2194; x_wconf 85' lang='lat' dir='ltr'>factum</span> <span class='ocrx_word' id='word_1_566' title='bbox 1551 2167 1614 2200; x_wconf 86' lang='lat' dir='ltr'>est,</span> <span class='ocrx_word' id='word_1_567' title='bbox 1630 2167 1740 2196; x_wconf 86' lang='lat' dir='ltr'>ratum</span> <span class='ocrx_word' id='word_1_568' title='bbox 1756 2168 1787 2196; x_wconf 89' lang='lat' dir='ltr'>et</span> <span class='ocrx_word' id='word_1_569' title='bbox 1805 2166 1941 2196; x_wconf 86' lang='lat' dir='ltr'>firmum</span> <span class='ocrx_word' id='word_1_570' title='bbox 1953 2166 2124 2203; x_wconf 85' lang='lat' dir='ltr'>habentes,</span> <span class='ocrx_word' id='word_1_571' title='bbox 2146 2167 2179 2197; x_wconf 91' lang='lat' dir='ltr'>id</span> <span class='ocrx_word' id='word_1_572' title='bbox 2197 2169 2309 2198; x_wconf 86' lang='lat' dir='ltr'>ancto-</span> 
     </span>
     <span class='ocr_line' id='line_1_83' title="bbox 1301 2217 2309 2256; baseline 0.003 -9"><span class='ocrx_word' id='word_1_573' title='bbox 1301 2217 1400 2248; x_wconf 88' lang='lat' dir='ltr'>ritate</span> <span class='ocrx_word' id='word_1_574' title='bbox 1430 2219 1615 2256; x_wconf 85' lang='lat' dir='ltr'>apostolica</span> <span class='ocrx_word' id='word_1_575' title='bbox 1643 2219 1804 2249; x_wconf 90' lang='lat' dir='ltr'>duximus</span> <span class='ocrx_word' id='word_1_576' title='bbox 1837 2220 2115 2251; x_wconf 83' lang='lat' dir='ltr'>confirmandum.</span> <span class='ocrx_word' id='word_1_577' title='bbox 2147 2221 2309 2256; x_wconf 82' lang='lat' dir='ltr'>Quocirca</span> 
     </span>
     <span class='ocr_line' id='line_1_84' title="bbox 1301 2270 2308 2312; baseline 0.004 -12"><span class='ocrx_word' id='word_1_578' title='bbox 1301 2270 1504 2301; x_wconf 85' lang='lat' dir='ltr'>fraternitati</span> <span class='ocrx_word' id='word_1_579' title='bbox 1521 2273 1575 2302; x_wconf 91' lang='lat' dir='ltr'>tue</span> <span class='ocrx_word' id='word_1_580' title='bbox 1594 2281 1653 2311; x_wconf 91' lang='lat' dir='ltr'>per</span> <span class='ocrx_word' id='word_1_581' title='bbox 1671 2273 1854 2312; x_wconf 87' lang='lat' dir='ltr'>apostolica</span> <span class='ocrx_word' id='word_1_582' title='bbox 1871 2273 1996 2312; x_wconf 88' lang='lat' dir='ltr'>scripta</span> <span class='ocrx_word' id='word_1_583' title='bbox 2015 2274 2213 2304; x_wconf 83' lang='lat' dir='ltr'>mandamus</span> <span class='ocrx_word' id='word_1_584' title='bbox 2230 2282 2308 2312; x_wconf 84' lang='lat' dir='ltr'>qua-</span> 
     </span>
     <span class='ocr_line' id='line_1_85' title="bbox 1300 2324 2310 2363; baseline 0.003 -10"><span class='ocrx_word' id='word_1_585' title='bbox 1300 2324 1393 2354; x_wconf 89' lang='lat' dir='ltr'>tinus</span> <span class='ocrx_word' id='word_1_586' title='bbox 1411 2326 1457 2360; x_wconf 81' lang='lat' dir='ltr'>tu,</span> <span class='ocrx_word' id='word_1_587' title='bbox 1478 2333 1535 2363; x_wconf 86' lang='lat' dir='ltr'>per</span> <span class='ocrx_word' id='word_1_588' title='bbox 1553 2326 1583 2355; x_wconf 89' lang='lat' dir='ltr'>te</span> <span class='ocrx_word' id='word_1_589' title='bbox 1601 2325 1652 2355; x_wconf 90' lang='lat' dir='ltr'>vel</span> <span class='ocrx_word' id='word_1_590' title='bbox 1674 2326 1777 2356; x_wconf 86' lang='lat' dir='ltr'>alium</span> <span class='ocrx_word' id='word_1_591' title='bbox 1798 2328 1855 2356; x_wconf 89' lang='lat' dir='ltr'>aut</span> <span class='ocrx_word' id='word_1_592' title='bbox 1882 2327 1978 2363; x_wconf 89' lang='lat' dir='ltr'>alios,</span> <span class='ocrx_word' id='word_1_593' title='bbox 2005 2326 2089 2357; x_wconf 89' lang='lat' dir='ltr'>illud</span> <span class='ocrx_word' id='word_1_594' title='bbox 2114 2327 2310 2357; x_wconf 86' lang='lat' dir='ltr'>auctoritate</span> 
     </span>
     <span class='ocr_line' id='line_1_86' title="bbox 1301 2377 2310 2418; baseline 0.002 -11"><span class='ocrx_word' id='word_1_595' title='bbox 1301 2378 1418 2407; x_wconf 89' lang='lat' dir='ltr'>nostra</span> <span class='ocrx_word' id='word_1_596' title='bbox 1432 2377 1543 2408; x_wconf 85' lang='lat' dir='ltr'>debite</span> <span class='ocrx_word' id='word_1_597' title='bbox 1555 2379 1745 2409; x_wconf 83' lang='lat' dir='ltr'>executioni</span> <span class='ocrx_word' id='word_1_598' title='bbox 1758 2379 1918 2409; x_wconf 85' lang='lat' dir='ltr'>mandare</span> <span class='ocrx_word' id='word_1_599' title='bbox 1933 2388 2102 2418; x_wconf 88' lang='lat' dir='ltr'>procures.</span> <span class='ocrx_word' id='word_1_600' title='bbox 2120 2379 2310 2410; x_wconf 87' lang='lat' dir='ltr'>Contradic-</span> 
     </span>
     <span class='ocr_line' id='line_1_87' title="bbox 1300 2431 2312 2471; baseline 0.002 -11"><span class='ocrx_word' id='word_1_601' title='bbox 1300 2431 1391 2460; x_wconf 80' lang='lat' dir='ltr'>tores</span> <span class='ocrx_word' id='word_1_602' title='bbox 1413 2447 1464 2460; x_wconf 89' lang='lat'>—.</span> <span class='ocrx_word' id='word_1_603' title='bbox 1487 2431 1563 2460; x_wconf 87' lang='lat' dir='ltr'>Non</span> <span class='ocrx_word' id='word_1_604' title='bbox 1581 2431 1734 2462; x_wconf 85' lang='lat' dir='ltr'>obstante</span> <span class='ocrx_word' id='word_1_605' title='bbox 1757 2433 1818 2462; x_wconf 87' lang='lat' dir='ltr'>etc.</span> <span class='ocrx_word' id='word_1_606' title='bbox 1838 2450 1875 2454; x_wconf 96' lang='lat'>—-</span> <span class='ocrx_word' id='word_1_607' title='bbox 1896 2440 2004 2471; x_wconf 87' lang='lat' dir='ltr'>usque</span> <span class='ocrx_word' id='word_1_608' title='bbox 2026 2431 2192 2470; x_wconf 84' lang='lat' dir='ltr'>specialis.</span> <span class='ocrx_word' id='word_1_609' title='bbox 2215 2432 2312 2462; x_wconf 87' lang='lat' dir='ltr'>Invo-</span> 
     </span>
     <span class='ocr_line' id='line_1_88' title="bbox 1301 2484 2307 2515; baseline 0.001 -2"><span class='ocrx_word' id='word_1_610' title='bbox 1301 2485 1374 2513; x_wconf 87' lang='lat' dir='ltr'>cato</span> <span class='ocrx_word' id='word_1_611' title='bbox 1392 2485 1453 2514; x_wconf 84' lang='lat' dir='ltr'>etc.</span> <span class='ocrx_word' id='word_1_612' title='bbox 1472 2500 1509 2505; x_wconf 93' lang='lat'>—</span> <span class='ocrx_word' id='word_1_613' title='bbox 1528 2484 1670 2514; x_wconf 83' lang='lat' dir='ltr'>Proviso</span> <span class='ocrx_word' id='word_1_614' title='bbox 1690 2493 1730 2515; x_wconf 90' lang='lat' dir='ltr'>ne</span> <span class='ocrx_word' id='word_1_615' title='bbox 1748 2485 1780 2514; x_wconf 90' lang='lat' dir='ltr'>in</span> <span class='ocrx_word' id='word_1_616' title='bbox 1799 2486 1923 2515; x_wconf 89' lang='lat' dir='ltr'>terram</span> <span class='ocrx_word' id='word_1_617' title='bbox 1941 2485 2019 2515; x_wconf 87' lang='lat' dir='ltr'>dicti</span> <span class='ocrx_word' id='word_1_618' title='bbox 2034 2484 2158 2514; x_wconf 90' lang='lat' dir='ltr'>nobilis</span> <span class='ocrx_word' id='word_1_619' title='bbox 2176 2493 2307 2515; x_wconf 84' lang='lat' dir='ltr'>excom-</span> 
     </span>
     <span class='ocr_line' id='line_1_89' title="bbox 1302 2537 2308 2576; baseline 0 -10"><span class='ocrx_word' id='word_1_620' title='bbox 1302 2537 1542 2567; x_wconf 85' lang='lat' dir='ltr'>municationis</span> <span class='ocrx_word' id='word_1_621' title='bbox 1553 2538 1606 2568; x_wconf 91' lang='lat' dir='ltr'>vel</span> <span class='ocrx_word' id='word_1_622' title='bbox 1622 2538 1790 2568; x_wconf 88' lang='lat' dir='ltr'>interdicti</span> <span class='ocrx_word' id='word_1_623' title='bbox 1808 2538 2010 2568; x_wconf 88' lang='lat' dir='ltr'>sententiam</span> <span class='ocrx_word' id='word_1_624' title='bbox 2024 2537 2189 2576; x_wconf 83' lang='lat' dir='ltr'>proferas,</span> <span class='ocrx_word' id='word_1_625' title='bbox 2208 2537 2272 2567; x_wconf 88' lang='lat' dir='ltr'>nisi</span> <span class='ocrx_word' id='word_1_626' title='bbox 2291 2546 2308 2567; x_wconf 88' lang='lat' dir='ltr'>a</span> 
     </span>
     <span class='ocr_line' id='line_1_90' title="bbox 1302 2589 2308 2629; baseline 0.001 -10"><span class='ocrx_word' id='word_1_627' title='bbox 1302 2589 1399 2619; x_wconf 88' lang='lat' dir='ltr'>nobis</span> <span class='ocrx_word' id='word_1_628' title='bbox 1418 2598 1519 2629; x_wconf 90' lang='lat' dir='ltr'>super</span> <span class='ocrx_word' id='word_1_629' title='bbox 1535 2591 1594 2621; x_wconf 86' lang='lat' dir='ltr'>hoc</span> <span class='ocrx_word' id='word_1_630' title='bbox 1612 2591 1806 2621; x_wconf 88' lang='lat' dir='ltr'>mandatum</span> <span class='ocrx_word' id='word_1_631' title='bbox 1825 2590 1992 2629; x_wconf 82' lang='lat' dir='ltr'>receperis</span> <span class='ocrx_word' id='word_1_632' title='bbox 2008 2590 2164 2629; x_wconf 86' lang='lat' dir='ltr'>speciale.</span> <span class='ocrx_word' id='word_1_633' title='bbox 2185 2591 2308 2620; x_wconf 89' lang='lat' dir='ltr'>Datum</span> 
     </span>
     <span class='ocr_line' id='line_1_91' title="bbox 1302 2643 2308 2682; baseline 0.001 -10"><span class='ocrx_word' id='word_1_634' title='bbox 1302 2643 1392 2682; x_wconf 91' lang='lat' dir='ltr'>apud</span> <span class='ocrx_word' id='word_1_635' title='bbox 1413 2643 1699 2680; x_wconf 86' lang='lat' dir='ltr'>Urbemveterem,</span> <span class='ocrx_word' id='word_1_636' title='bbox 1725 2653 1786 2674; x_wconf 79' lang='lat' dir='ltr'>xni</span> <span class='ocrx_word' id='word_1_637' title='bbox 1812 2644 1973 2674; x_wconf 83' lang='lat' dir='ltr'>kalendas</span> <span class='ocrx_word' id='word_1_638' title='bbox 1987 2643 2075 2682; x_wconf 87' lang='lat' dir='ltr'>julii,</span> <span class='ocrx_word' id='word_1_639' title='bbox 2093 2643 2308 2682; x_wconf 85' lang='lat' dir='ltr'>pontificatus</span> 
     </span>
     <span class='ocr_line' id='line_1_92' title="bbox 1303 2695 1677 2726; baseline 0.003 -2"><span class='ocrx_word' id='word_1_640' title='bbox 1303 2695 1411 2726; x_wconf 88' lang='lat' dir='ltr'>nostri</span> <span class='ocrx_word' id='word_1_641' title='bbox 1427 2704 1513 2726; x_wconf 89' lang='lat' dir='ltr'>anno</span> <span class='ocrx_word' id='word_1_642' title='bbox 1529 2696 1639 2726; x_wconf 89' lang='lat' dir='ltr'>tertio.</span> <span class='ocrx_word' id='word_1_643' title='bbox 1662 2707 1677 2725; x_wconf 89' lang='lat'>»</span> 
     </span>
    </p>
   </div>
   <div class='ocr_carea' id='block_1_13' title="bbox 1393 2876 1490 2907">
    <p class='ocr_par' dir='ltr' id='par_1_14' title="bbox 1393 2876 1490 2907">
     <span class='ocr_line' id='line_1_93' title="bbox 1393 2876 1490 2907; baseline -0.01 0"><span class='ocrx_word' id='word_1_644' title='bbox 1393 2876 1490 2907; x_wconf 75' lang='lat'>2989</span> 
     </span>
    </p>
   </div>
   <div class='ocr_carea' id='block_1_14' title="bbox 1845 2875 2237 2912">
    <p class='ocr_par' dir='ltr' id='par_1_15' title="bbox 1845 2875 2237 2912">
     <span class='ocr_line' id='line_1_94' title="bbox 1845 2875 2237 2912; baseline 0.005 -10"><span class='ocrx_word' id='word_1_645' title='bbox 1845 2875 1970 2908; x_wconf 81' lang='lat' dir='ltr'>Orvieto‚</span> <span class='ocrx_word' id='word_1_646' title='bbox 1993 2877 2032 2903; x_wconf 71' lang='lat'>10‘</span> <span class='ocrx_word' id='word_1_647' title='bbox 2046 2876 2143 2912; x_wconf 87' lang='lat' dir='ltr'>juillet</span> <span class='ocrx_word' id='word_1_648' title='bbox 2160 2877 2237 2904; x_wconf 69' lang='lat'>1202.</span> 
     </span>
    </p>
   </div>
   <div class='ocr_carea' id='block_1_15' title="bbox 1340 2959 2313 2996">
    <p class='ocr_par' dir='ltr' id='par_1_16' title="bbox 1340 2959 2313 2996">
     <span class='ocr_line' id='line_1_95' title="bbox 1340 2959 2313 2996; baseline 0.004 -11"><span class='ocrx_word' id='word_1_649' title='bbox 1340 2959 1558 2986; x_wconf 83' lang='lat' dir='ltr'>Commissariis</span> <span class='ocrx_word' id='word_1_650' title='bbox 1574 2959 1750 2994; x_wconf 84' lang='lat' dir='ltr'>inquisitioni</span> <span class='ocrx_word' id='word_1_651' title='bbox 1765 2959 1889 2994; x_wconf 86' lang='lat' dir='ltr'>episcopi</span> <span class='ocrx_word' id='word_1_652' title='bbox 1906 2960 2094 2988; x_wconf 79' lang='lat' dir='ltr'>Ruthenensis</span> <span class='ocrx_word' id='word_1_653' title='bbox 2109 2962 2252 2996; x_wconf 73' lang='lat' dir='ltr'>deputatis</span> <span class='ocrx_word' id='word_1_654' title='bbox 2271 2962 2313 2989; x_wconf 91' lang='lat' dir='ltr'>in·</span> 
     </span>
    </p>
   </div>
  </div>
 </body>
</html>
