2519 3262
169 233 208 262 22
917 228 1160 259 REGISTRES
1191 228 1407 259 D'URBAIN

169 316 383 355 pontificatus
405 324 482 345 vero
508 315 634 345 domini
656 314 780 344 Urbani
803 321 886 352 pape
916 313 991 347 1111,
1023 321 1108 342 anno
1129 321 1177 342 se-

167 369 286 400 cundo.
309 379 323 397 »

741 528 864 555 Orvieto.
887 529 917 554 15
933 536 1009 554 mars
1029 529 1103 555 izei.

260 533 355 564 1019

204 617 448 643 Permutationcm
467 616 540 642 inter
556 614 782 640 ameradeusem
802 616 829 640 et
847 614 1051 647 Crapulensem
1067 614 1177 647 episco-

167 674 217 700 pos
237 674 322 700 super
339 665 429 691 tribus
446 664 553 690 mansis
567 666 660 689 terrae
677 662 740 689 sitis
755 662 783 688 in
799 662 944 689 territorio
960 662 1064 689 Moelli.
1081 662 1176 689 'servi-

167 715 245 742 sinae
266 714 398 745 diocesis,
422 716 449 739 et
475 712 589 739 fundico
605 712 670 747 'syri
693 712 758 742 sito,
775 710 893 743 factam,
912 711 1074 738 confirmat.
1094 712 1174 746 (Rae.

166 764 212 796 29,
230 764 277 791 l'ol.
295 763 329 791 34
348 768 384 794 νο,
404 768 432 788 11·3
448 762 491 789 08.
514 762 672 791 Puri-nasu
694 761 803 795 18827.)

208 883 222 901 1(
249 870 476 901 Venerabilibus
495 869 645 908 fratribus
665 893 670 898 .
689 893 695 899 .
715 867 920 897 Anteradensi
944 871 969 896 et
991 867 1177 907 Crapulensi

168 925 328 965 episcopi&
351 925 451 954 Lecta
470 932 582 953 ceram
600 921 698 953 nobis
717 921 911 952 dilectionis
928 922 1039 951 vestre
1057 920 1176 959 petitio

167 977 358 1009 continebat
373 977 461 1015 quod
477 985 548 1011 vos,
563 975 774 1006 attendentes
789 975 878 1013 quod
896 974 969 1010 tibi,
988 974 1091 1004 frater
1107 974 1174 1004 An-

166 1030 367 1066 teradensiS,
393 1039 434 1060 ex
462 1028 571 1059 tribus
591 1029 720 1059 mansis
736 1029 825 1058 terre
852 1027 929 1057 sitis
949 1027 982 1057 in
1003 1027 1175 1057 territorio

166 1085 293 1120 Moelli,
305 1083 450 1114 diocesis
460 1082 648 1117 Tervisine,
661 1082 702 1111 ad
714 1081 982 1111 Anteradensem
998 1080 1176 1111 ecclesiam

166 1136 427 1177 pertinentibus,
457 1137 571 1174 utpote
595 1135 738 1164 nimium
765 1133 971 1164 distantibus
989 1133 1029 1163 ab
1046 1133 1174 1169 eadem,

165 1190 308 1229 tibique,
325 1189 545 1228 Crapulensis
568 1188 736 1226 episcope,
756 1196 797 1217 ex
818 1187 954 1217 fundieo
970 1196 1007 1217 ac
1029 1186 1101 1217 solo
1119 1186 1176 1216 ubi

167 1244 341 1274 fundicum
358 1243 470 1280 ipsum
495 1242 598 1271 situm
616 1243 666 1271 est
684 1242 715 1271 et
740 1240 817 1270 aliis
835 1248 899 1279 que
921 1240 1018 1270 sedes
1042 1248 1102 1269 seu
1126 1248 1176 1270 ec—

167 1297 271 1328 clesia
285 1295 503 1334 Crapulensis
520 1295 526 1312 ¹
543 1295 576 1324 in
592 1295 726 1333 Tyrena
744 1293 879 1323 civitate
895 1302 931 1323 ac
950 1293 1076 1323 diocesi
1093 1292 1176 1323 obti-

167 1350 278 1385 nebat,
297 1351 410 1388 utpote
438 1348 582 1378 nimium
609 1347 749 1377 remotis
774 1346 815 1376 ab
831 1356 880 1382 ea,
902 1346 1034 1376 modica
1060 1355 1175 1384 prove-

168 1404 281 1434 niebat
315 1403 456 1438 utilitas,
491 1410 529 1431 ea
562 1401 705 1431 invicem
735 1400 954 1430 ecclesiarum
986 1402 1174 1429 vestrarum

168 1457 303 1487 nomine
335 1455 565 1494 permutastis,
586 1462 625 1484 ea
654 1453 844 1484 conditione
869 1453 902 1482 in
928 1453 1176 1490 permutatione

167 1509 361 1549 hujusmodi
378 1517 538 1547 expresse
556 1508 694 1546 adjecta.
713 1509 747 1536 ut
763 1507 877 1536 eadem
891 1506 1095 1544 permutatio
1110 1514 1175 1535 non

167 1564 306 1597 valeret,
325 1562 391 1592 nisi
411 1564 662 1599 acceptaremus
679 1562 709 1589 et
725 1560 1002 1589 confirmaremus
1022 1559 1174 1592 eandem,

168 1620 198 1648 et
214 1616 381 1646 defectum
397 1615 424 1644 si
438 1615 514 1653 quis
527 1614 637 1643 extitit
655 1613 688 1642 111
704 1622 752 1648 ea,
765 1612 1003 1650 suppleremus
1015 1612 1054 1642 de
1072 1612 1176 1650 pleni-

166 1670 283 1701 tudine
310 1669 498 1707 potestatis,
519 1668 617 1705 prout
635 1667 669 1696 in
691 1666 917 1695 instrumento
940 1665 1076 1704 publico
1100 1665 1175 1695 inde

168 1723 317 1753 confecto
336 1724 367 1751 et
385 1721 507 1751 vestris
529 1720 653 1758 sigillis
673 1719 803 1749 munito
822 1719 956 1757 plenius
972 1718 1173 1748 continetur.

167 1777 238 1807 Nos
258 1775 371 1815 igitur,
390 1773 513 1804 vestris
533 1772 840 1811 supplicationibus
858 1771 1023 1808 inclinati,
1044 1780 1177 1810 permu-

167 1829 329 1860 tationem
360 1827 553 1866 hujusmodi
572 1828 678 1856 ratam
697 1828 728 1855 et
753 1827 881 1864 gratam
905 1824 1078 1860 habentes,
1102 1832 1176 1854 eam

167 1882 362 1913 auctoritate
382 1880 566 1914 apostolica
588 1879 824 1909 confirmamus
841 1887 876 1908 ac
902 1877 1100 1916 supplemus
1119 1878 1175 1907 de-

168 1936 291 1965 fectum
301 1935 340 1964 de
352 1933 561 1972 plenitudine
572 1932 749 1971 potestatis
759 1931 922 1969 ejusdem,
935 1931 964 1960 si
977 1931 1054 1969 quis
1064 1931 1176 1960 extitit

168 1989 201 2018 in
221 1988 349 2017 eadem.

209 2042 372 2071 Tenorem
396 2039 612 2069 instrumenti
634 2038 774 2076 predicti
791 2038 830 2067 de
850 2037 951 2068 verbo
974 2037 1014 2066 ad
1037 2036 1176 2066 verbum

168 2093 383 2133 presentibus
403 2093 543 2123 fecimus
564 2091 729 2124 annotari,
748 2091 805 2129 qui
824 2091 902 2120 talis
917 2093 969 2120 est
988 2101 993 2120 ;

210 2158 223 2173 11
244 2147 281 2176 111
302 2147 361 2176 1)οἰ
383 2146 516 2175 1101111110
533 2154 640 2174 amen.
660 2147 688 2174 A
708 2144 884 2174 nativitate
910 2143 1045 2173 Domini
1064 2143 1176 2181 3anno]

168 2201 215 2230 M⁰
228 2203 293 2230 012⁰
308 2199 521 2232 Lx{111⁰‚‹1ie
542 2198 789 2227 octavadecima
807 2196 978 2231 februarii,
994 2196 1177 2226 indictione

168 2253 327 2287 Y11‚110s‚
346 2253 448 2282 frater
461 2251 678 2285 111111101111115,
694 2250 823 2280 ordinis
841 2250 980 2279 fratrum
994 2250 1175 2283 Minorum,

168 2307 230 2337 Dei
252 2306 359 2345 gratia
386 2306 564 2344 episcopus
590 2303 845 2339 Antei-ardensis,
876 2312 935 2341 pro
962 2303 1108 2332 utilitate
1132 2303 1177 2341 ip—
1207 2312 1208 2317 ¹

169 2360 241 2389 sius
261 2362 373 2389 nostre
394 2359 533 2389 ecclesie
554 2357 638 2387 hanc
659 2357 954 2395 permutationem,
978 2358 1009 2386 et
1032 2355 1090 2386 hec
1112 2365 1178 2385 oni-

172 2623 326 2658 ecclesia‚
344 2625 412 2652 tres
437 2631 573 2652 mansos
600 2622 775 2660 sexaginta
799 2622 955 2660 jugerum
977 2621 1128 2659 jacentes
1145 2620 1179 2649 in

171 2677 342 2706 territorio
355 2676 756 2713 111001111311τ)ν111011001111
770 2675 929 2708 Bonchis,
939 2683 1025 2704 uuus
1035 2683 1178 2712 quorum

172 2738 365 2760 mansorum
384 2729 560 2768 regebatur
577 2738 635 2768 per
648 2730 865 2758 laizaroctum
880 2728 1009 2758 etalius
1022 2736 1080 2766 per
1098 2727 1178 2757 Leo·

172 2783 313 2813 nardum
330 2786 359 2812 et
377 2783 496 2812 tertius
513 2791 571 2821 per
585 2783 800 2812 Lavizanum.
815 2785 964 2817 Quorum
984 2789 1179 2811 mansorum

172 2836 231 2866 hec
254 2838 331 2866 sunt
354 2836 542 2865 colierentie
560 2847 564 2865 z
587 2845 603 2865 a
623 2844 718 2865 manc
740 2835 983 2865 monasterium
1002 2833 1179 2864 Trinitatis

209 2932 230 2955 1.
250 2930 294 2954 Ms
313 2935 318 2953 z
341 2930 520 2962 capr-utensis.

1440 229 1496 259 IV.

1206 318 1208 344 1
1237 313 1400 351 possidet,
1420 321 1539 342 versus
1562 314 1709 342 montem
1731 312 1939 351 infrascripti
1959 313 2080 344 fratres
2094 315 2248 346 vendito-

1236 373 1302 401 res,
1314 365 1616 395 versusmeridiem
1628 365 1822 395 Alexander
1832 365 1872 395 de
1881 365 2027 403 Spineda
2036 367 2116 397 etde
2126 367 2247 398 subtus

1235 418 1325 448 vadit
1343 419 1466 448 fluvius
1489 418 1594 449 Desii.
1613 422 1706 453 Quos
1722 426 1860 448 mansos
1877 419 1959 448 emit
1978 418 2064 450 bone
2084 421 2247 450 memorie

1237 470 1340 501 frater
1361 471 1579 505 Guillelmus,
1613 471 1742 500 ordinis
1769 470 2036 507 Predicatorum,
2068 472 2248 511 episcopus

1235 525 1493 560 Anteradensis‚
1514 525 1734 563 predecessor
1762 526 1888 559 noster,
1908 524 1959 554 vel
1985 524 2070 554 alter
2094 533 2154 563 pro
2173 534 2212 555 eo
2230 534 2248 555 a

1235 577 1419 608 Guillelmo
1444 579 1475 607 et
1493 577 1618 607 Jacobo
1642 576 1817 611 fratribus,
1837 576 1918 606 tiliis
1935 577 2104 615 quondam
2121 577 2250 608 Liberii

1235 630 1275 660 de
1295 630 1408 666 Blava,
1438 632 1473 660 ut
1497 631 1688 660 continetur
1718 631 1750 660 111
1784 630 2009 660 instrumento
2035 630 2122 660 facto
2145 639 2248 660 manu

1236 683 1370 713 Odorici
1393 683 1588 723 degMarcis‚
1609 684 1694 713 sacri
1726 683 1843 722 palatii
1873 683 2008 719 notarii,
2035 692 2110 713 cum
2130 684 2249 722 pratis,

1236 736 1605 774 pascuismemoribus,
1632 736 1857 775 ingressibus,
1875 736 2081 775 egressibus,
2102 736 2250 775 adjacen-

1236 789 1306 825 tiis,
1324 789 1571 828 superioribus,
1590 789 1823 824 inferioribus
1837 789 1972 828 Juribus
1986 791 2016 819 et
2034 789 2251 828 pertinentiis

1237 842 1310 872 suis
1328 844 1359 872 et
1383 843 1461 872 aliis
1479 842 1637 873 omnibus
1655 852 1719 881 que
1739 842 1781 872 ad
1805 851 1862 872 eos
1886 842 1939 872 vel
1964 850 2081 872 eorum
2101 843 2249 882 aliquem

1236 895 1383 934 pertinet
1401 897 1458 926 aut
1477 896 1644 934 pertinere
1664 895 1832 931 videntur,
1853 895 1892 925 de
1915 895 1990 934 jure
2015 895 2067 925 vel
2086 896 2126 925 de
2150 896 2247 930 sacto,

1237 949 1277 978 ad
1300 948 1503 985 habendum,
1526 949 1720 982 tenemium,
1740 948 1998 987 possidendum,
2020 948 2198 978 fruendum
2217 951 2251 979 et

1237 1010 1370 1032 omnem
1392 1004 1540 1032 vestram
1561 1001 1682 1032 exinde
1704 1002 1913 1032 voluntatem
1937 1001 2136 1037 faciendam,
2155 1010 2251 1032 cons-

1236 1055 1398 1086 tituentes
1413 1064 1474 1086 nos
1490 1064 1550 1094 pro
1576 1055 1672 1085 vobis
1689 1057 1722 1085 et
1738 1058 1850 1084 vestra
1877 1054 2020 1084 ecclesia
2048 1055 2251 1093 Caprulensi

1236 1111 1350 1140 tenere
1380 1112 1411 1140 et
1439 1110 1614 1149 possidere
1643 1110 1747 1140 donec
1771 1110 2026 1148 possessionem
2052 1110 2199 1148 ingressi
2218 1112 2251 1140 et

1237 1163 1348 1202 adepti
1369 1163 1506 1193 fueritis
1523 1163 1745 1201 corporalem,
1762 1163 1796 1192 in
1814 1172 1899 1201 quos
1917 1165 1947 1193 et
1972 1163 2005 1192 in
2024 1171 2124 1202 quarn
2144 1163 2254 1202 ingre-

1236 1216 1351 1246 diendi
1364 1218 1395 1246 et
1411 1216 1636 1256 adipiscendi,
1654 1216 1787 1255 quando
1800 1218 1831 1246 et
1847 1216 2004 1254 quotiens
2014 1215 2109 1246 vobis
2120 1216 2254 1255 placue-

1237 1270 1291 1303 rit,
1316 1269 1413 1299 vobis
1434 1270 1621 1308 plenariam
1638 1269 1854 1299 concedimus
1876 1269 2082 1299 facultatem.
2103 1270 2253 1300 Promit-

1236 1325 1346 1354 tentes
1361 1332 1420 1362 per
1437 1331 1498 1353 nos
1515 1325 1717 1361 nostrosque
1736 1330 1961 1357 successores,
1979 1323 2051 1352 vice
2068 1325 2099 1352 et
2113 1324 2250 1354 nomine

1236 1378 1351 1406 nostre
1365 1376 1611 1406 Anteradensis
1627 1375 1779 1411 ecclesie,
1792 1384 1867 1405 cum
1878 1375 2083 1414 obligatione
2097 1377 2249 1407 omnium

1236 1429 1401 1459 bonorum
1420 1429 1528 1467 ipsius
1545 1429 1699 1464 ecclesie,
1711 1428 1819 1462 vobis,
1832 1428 1922 1458 dicto
1938 1428 2074 1458 domino
2090 1429 2249 1468 episcopo

1236 1482 1449 1520 Crapulensi.
1472 1481 1716 1520 stipulantibus
1734 1490 1793 1519 pro
1810 1481 1908 1510 robis
1927 1484 1957 1511 et
1974 1484 2087 1512 vestra
2106 1482 2249 1512 ecclesia

1237 1538 1269 1565 et
1287 1534 1544 1565 successoribus
1563 1534 1697 1569 vestris,
1709 1535 1748 1564 de
1764 1535 1928 1573 predictis
1942 1534 1992 1564 vel
2005 1543 2121 1564 eorum
2135 1535 2250 1574 aliquo

1237 1588 1331 1618 nullo
1349 1590 1500 1626 tempore
1520 1588 1652 1626 litigare
1671 1596 1731 1618 nec
1751 1588 1853 1617 etiam
1876 1587 1974 1617 modo
1995 1587 2109 1626 aliquo
2128 1588 2251 1618 moles-

1236 1645 1319 1678 tare,
1338 1641 1398 1671 sed
1422 1641 1514 1680 ipsos
1531 1649 1668 1670 mansos
1688 1644 1719 1670 et
1737 1640 1923 1679 quemlibet
1942 1649 2058 1670 eorum
2082 1649 2158 1671 cum
2181 1649 2251 1671 om-

1237 1695 1338 1725 nibus
1363 1694 1579 1734 supradictis,
1604 1693 1644 1724 ab
1667 1694 1758 1724 omni
1784 1702 1929 1732 persona
1947 1695 1977 1724 et
1996 1694 2080 1730 loco,
2100 1694 2250 1733 propriis

1237 1747 1432 1787 sumptibus
1454 1750 1485 1777 et
1512 1747 1683 1786 expensis,
1708 1747 1742 1777 in
1766 1755 1900 1777 omnem
1925 1746 1996 1776 litis
2017 1749 2175 1777 eventum
2198 1747 2251 1777 de-

1238 1802 1384 1837 fendere,
1398 1803 1585 1836 varentare,
1601 1800 1802 1837 autorizare,
1814 1800 1967 1830 modisve
1980 1799 2137 1830 omnibus
2152 1808 2251 1838 expe-

1238 1855 1308 1885 dire
1326 1855 1365 1884 de
1388 1855 1473 1893 jure.
1494 1854 1653 1883 Cedimus
1672 1862 1804 1892 quoque
1826 1853 1923 1883 vobis
1945 1855 1975 1883 et
1996 1853 2116 1883 damus
2137 1853 2251 1883 onmia

1234 1908 1310 1946 jura
1336 1915 1519 1945 omnesque
1543 1906 1693 1936 acti-mes
1721 1906 1841 1941 reales,
1860 1906 2068 1944 personales,
2095 1905 2198 1936 utiles
2219 1909 2250 1936 et

1237 1961 1383 1991 directas
1397 1961 1435 1999 [et
1456 1960 1594 1995 mixtas,
1612 1962 1641 1989 01
1659 1968 1776 1989 omnes
1801 1959 1886 1989 alias
1905 1967 2136 1998 quascumque
2152 1958 2251 1989 nobis

1237 2016 1267 2044 et
1294 2016 1407 2043 nostre
1437 2013 1577 2042 ecclesie
1607 2015 1835 2050 conifaetentes
1867 2014 1897 2042 et
1932 2012 2157 2050 competentia
2189 2020 2250 2050 pro

1237 2067 1399 2106 predictis
1416 2066 1545 2095 mansis
1560 2067 1591 2095 et
1609 2064 1757 2103 quolibet
1772 2073 1900 2094 eorum.
1918 2066 2033 2094 contra
2043 2065 2248 2096 venditores,

1238 2121 1467 2159 fidejussores,
1492 2121 1621 2149 actores
1648 2120 1676 2148 et
1705 2118 1900 2147 defensores
1924 2126 2054 2152 eorum,
2079 2120 2110 2148 et
2136 2121 2251 2148 contra

1239 2182 1355 2203 omnes
1371 2173 1456 2203 alias
1472 2180 1635 2211 personas
1655 2173 1686 2201 et
1705 2171 1777 2201 loca
1793 2174 1823 2201 et
1842 2180 1958 2201 eorum
1976 2171 2116 2201 heredes
2134 2173 2164 2201 et
2178 2180 2251 2201 suc-

1207 2237 1208 2242 *
1238 2235 1391 2257 cessores
1410 2228 1439 2256 et
1465 2225 1550 2255 bona
1577 2227 1607 2255 et
1636 2233 1852 2263 possessores
1878 2232 2006 2257 00111111,
2027 2233 2067 2254 ex
2086 2226 2201 2254 tenore
2219 2227 2250 2255 et

1239 2280 1413 2311 occasione
1435 2279 1555 2318 111-011111
1585 2277 1800 2308 instrumenti
1825 2277 2069 2308 constituentes
2094 2286 2153 2307 vos
2176 2286 2252 2316 pro-

1239 2336 1427 2363 curatorem
1448 2333 1568 2362 iurem
1595 2333 1752 2364 vestram,
1782 2331 1826 2360 ita
1853 2331 1941 2369 quod
1966 2330 2107 2369 possitis
2126 2331 2248 2361 exinde

170 2413 224 2442 nia
244 2413 351 2442 facere
369 2413 577 2450 prolitentes.
598 2412 751 2449 presente
773 2413 801 2440 et
822 2410 1051 2440 consentiente
1071 2409 1176 2439 archi-
1238 2395 1347 2426 agore'
1363 2394 1524 2425 expffl'm‘
1541 2385 1715 2423 rophfflre'
1736 2386 1765 2413 et
1784 2393 1843 2413 ωδ
1859 2386 1944 2414 tuem
1961 2386 1989 2413 et
2010 2392 2123 2414 Omma
2140 2383 2249 2414 facere

170 2466 309 2495 diacono
323 2467 437 2495 nostro
454 2464 610 2499 lticardo,
623 2463 758 2493 nomine
774 2463 1046 2501 permutationis,
1058 2462 1177 2492 damus
1207 2475 1208 2490 1

171 2521 202 2548 et
218 2519 384 2548 tradimus
400 2517 440 2547 ad
459 2517 631 2556 proprium
652 2517 758 2551 vobis,
770 2516 906 2546 domino
924 2516 1017 2545 t'ratri
1034 2516 1175 2552 Marino,
1207 2520 1209 2542 ἵ
1360 2546 1375 2555 Ὗ
1547 2543 1552 2549 ,
1719 2543 1724 2547 .
2100 2543 2104 2547 .

170 2571 234 2600 Dei
258 2570 365 2599 «untia
393 2569 550 2607 episcopo
577 2568 790 2606 firstpuleugi,
810 2576 869 2606 pro
887 2567 982 2597 vohis
1009 2570 1041 2597 et
1068 2570 1179 2597 vestra
1208 2560 1209 2595 }
1239 2544 1574 2585 copustaquarlensm
1589 2542 2250 2601 supradictus,bancpe1·'11111t:111011en1et

257 2593 275 2606 ⁸
1208 2600 1209 2608 ¹
1239 2600 1298 2629 hec
1324 2598 1437 2629 omnia
1465 2606 1524 2636 pro
1553 2596 1701 2626 utilitate
1732 2598 1844 2625 nostre
1869 2595 2010 2625 ecclesie
2031 2595 2252 2634 Caprulensis

1239 2450 1303 2480 que
1316 2449 1377 2470 nos
1393 2439 1457 2478 ipsi
1476 2440 1550 2468 ante.
1565 2438 1651 2467 1111111·
1664 2439 1871 2467 contractum
1889 2437 1996 2467 facere
2011 2439 2217 2475 poteramus.
2237 2448 2251 2466 11

1279 2504 1293 2521 (1
1312 2493 1351 2523 Et
1371 2500 1468 2521 versa
1487 2491 1558 2520 vice
1574 2499 1645 2525 nos,
1664 2489 1765 2519 frater
1784 2489 1948 2523 Marinus,
1967 2489 2027 2519 Dei
2041 2489 2148 2528 gratia
2162 2489 2251 2527 epis-

1240 2653 1348 2683 sacere
1361 2651 1569 2690 prolitentes,
1580 2658 1691 2679 corani
1707 2652 1821 2679 nostro
1831 2649 2103 2687 metropolitano,
2115 2649 2252 2680 domino

1209 2706 1210 2726 ἶ
1240 2706 1343 2736 fratre
1361 2704 1500 2742 Angelo,
1520 2703 1579 2733 Dei
1598 2703 1705 2741 gratia
1718 2702 1907 2741 patriarcba
1920 2702 2097 2737 111-1111131151,
2111 2703 2252 2741 ipsoque

1209 2776 1210 2783 1
1240 2758 1482 2792 consentiente,
1510 2757 1643 2786 nomine
1668 2755 1927 2794 permutationis
1951 2755 2070 2785 damus
2093 2757 2123 2785 et
2153 2755 2252 2785 tradi-

1240 2821 1316 2842 mus
1337 2811 1376 2841 ad
1393 2810 1566 2850 proprium
1587 2809 1694 2843 vobis,
1708 2809 1869 2848 jamdicto
1888 2808 2024 2838 domino
2043 2808 2138 2838 fratri
2158 2808 2252 2839 Guil-

1240 2866 1354 2901 lelmo,
1374 2864 1435 2895 Dei
1455 2863 1562 2903 gratia
1584 2863 1742 2901 episcopo
1764 2861 2002 2897 Antei-attensi,
2020 2869 2080 2900 pro
2103 2860 2200 2891 vobis
2219 2864 2250 2891 et

1210 2909 1211 2916 ἵ
1241 2920 1316 2958 ipsa
1327 2919 1439 2948 vestra
1450 2916 1592 2947 ecclesia
1603 2924 1707 2946 unum
1718 2915 1890 2945 fundicum
1903 2916 1933 2945 et
1949 2914 2060 2945 solum
2071 2913 2127 2944 ubi
2140 2914 2251 2953 ipsum
