2519 3262
251 206 309 238 3⁶20

251 290 419 329 prefatum
436 288 681 320 monasterium
700 287 740 316 ad
755 286 848 316 illam
862 285 1103 315 desolationem
1121 285 1259 314 devene-
1292 314 1293 317 ,

251 345 302 374 rat
330 343 419 382 quod
439 343 470 372 in
492 351 541 377 60,
564 342 596 371 10
617 349 682 379 quo
701 340 944 370 consueverant
962 339 1175 377 septuaginta
1192 346 1259 367 mo-

250 397 347 427 nachi
364 397 397 426 in
415 395 539 426 divinis
557 394 678 425 officiis
694 392 876 429 deservire,
892 392 947 421 vix
961 393 1115 430 poterant
1131 393 1260 421 tantum

251 450 425 480 duodecim
449 449 511 478 sub
539 446 747 486 paupertatis
772 446 873 476 etiam
899 453 998 475 onere
1020 444 1179 474 residere.
1200 444 1260 473 Ye-

251 512 336 538 rum,
367 503 447 541 quia
473 501 593 540 prefati
624 500 807 530 creditores
832 499 939 528 dictos
961 498 1115 528 abbatem
1136 499 1260 527 (161111-
1291 536 1292 545 ἵ

251 558 385 586 ventum
414 564 525 585 coram
556 554 702 583 diversis
731 553 899 591 judicibus
928 561 946 582 a
972 552 1049 582 sede
1076 550 1261 589 apostolica

250 609 413 647 delegatis
430 608 511 638 adeo
530 606 869 645 molestabantquod,
890 605 955 635 nisi
968 605 1172 635 monasterio
1190 612 1260 642 pre-

250 663 337 692 dicto
351 662 448 692 sedes
464 661 537 699 ipsa
549 670 609 690 suo
620 659 769 698 presidio
779 658 933 689 celeriter
945 658 1180 692 succurrisset,
1197 666 1261 687 uon

250 717 340 746 esset
353 715 381 745 ei
393 713 605 753 possibilitas
620 712 828 751 resurgendi,
842 721 914 747 nos,
928 712 967 741 ad
978 711 1261 750 supplicationem

251 768 383 798 abbatis
413 769 445 797 et
475 767 661 797 conventus
683 766 922 804 predictorum,
948 765 1008 795 tibi
1041 774 1098 803 per
1128 766 1261 794 nostras

250 821 384 852 litteras
397 820 459 850 sub
476 822 566 850 certa
587 820 694 850 forma
712 819 867 849 (1611101115
884 819 917 848 111
935 818 1104 848 mandatis
1122 820 1168 851 ut,
1190 826 1262 856 par-

250 874 342 905 tibus
370 874 573 908 convocatis,
598 875 667 903 tam
702 873 833 902 litteras
850 881 951 910 super
980 871 1040 901 hoc
1068 872 1105 901 ad
1130 871 1261 910 judices

251 929 454 958 memoratos
473 927 639 962 obtentas,
659 935 759 964 quam
779 934 959 964 processus
975 934 1091 955 earum
1115 924 1261 954 auctori-

250 982 319 1011 tate
341 981 474 1010 habitos
499 979 560 1010 tibi
587 980 714 1010 faceres
734 979 767 1008 in
781 979 907 1017 judicio
927 978 1091 1013 exhiberi,
1114 978 1260 1008 detento·

251 1042 305 1064 res
323 1034 365 1063 ad
384 1033 628 1063 exhibitionem
645 1040 772 1067 eorum,
791 1032 819 1061 si
838 1040 974 1061 necesse
990 1031 1086 1067 foret,
1108 1039 1168 1070 per
1185 1039 1261 1060 cen-

252 1095 366 1117 suram
378 1086 655 1120 ecclesiasticam,
667 1085 893 1124 appellatione
908 1084 1108 1123 postposita,
1119 1084 1262 1123 compel-

251 1140 369 1175 lendog
387 1141 419 1170 et
435 1140 464 1169 si
483 1139 649 1169 nominati
670 1138 853 1169 creditores
874 1137 1016 1177 probare
1035 1146 1100 1168 non
1122 1138 1262 1176 possent

251 1193 441 1232 predictam
469 1192 645 1231 pecuniam
677 1192 806 1230 prefato
840 1191 990 1221 Gerardo
1022 1191 1062 1221 de
1094 1199 1261 1221 consensu

251 1248 436 1276 conventus
453 1247 639 1276 mutuatam
655 1254 691 1275 ac
715 1245 747 1274 in
770 1244 949 1275 utilitatem
967 1244 1108 1283 predicti
1130 1253 1259 1274 monas-

251 1299 327 1330 terii
357 1308 554 1330 conversam
576 1299 694 1334 fuisse,
726 1298 804 1328 licet
828 1306 929 1337 super
950 1298 1011 1327 1106
1040 1298 1152 1328 littere
1180 1298 1261 1327 dicti

250 1353 390 1383 Gerardi
410 1353 443 1382 in
466 1352 632 1391 judicium
651 1352 907 1387 deducerentur,
934 1351 1095 1389 predictis
1122 1351 1261 1381 credito·

250 1405 345 1436 ribus
358 1415 460 1445 super
469 1405 663 1444 hujusmodi
678 1405 895 1443 pecuniarum
907 1404 1051 1434 5111110115
1061 1405 1260 1442 perpetuum

251 1459 443 1498 imponeres
459 1459 646 1491 silentium,
659 1458 832 1496 dictosque
843 1457 996 1487 abbatem
1013 1460 1044 1488 et
1059 1458 1258 1487 conventum

249 1512 290 1542 ab
308 1512 517 1551 impetitione
532 1512 735 1541 (τι-6111101001
754 1512 902 1549 ipsorum
917 1511 1091 1540 absolutos
1105 1511 1259 1540 nuntiare

249 1575 394 1596 curares.

1291 362 1293 389 1

1290 468 1292 502 t

287 1620 372 1649 Saue
394 1620 570 1649 memorati
593 1619 695 1649 abbas
717 1620 748 1648 et
772 1620 957 1648 conventus
985 1617 1259 1648 Bartholomeum
1290 1608 1292 1642 ἶ

248 1673 406 1708 Manchii,
436 1675 467 1702 et
492 1673 700 1711 Raynerium
732 1671 957 1702 Bartliolomei
992 1680 1028 1700 ac
1062 1680 1177 1701 eorum
1210 1680 1259 1700 so·
1290 1682 1291 1692 1

248 1726 329 1761 6105,
366 1726 457 1756 cives
489 1728 520 1756 et
551 1727 756 1755 mercatores
784 1725 964 1757 Senenses,
997 1724 1054 1763 qui
1090 1724 1256 1762 quandam

249 1788 416 1809 summam
430 1779 570 1818 pecunie
585 1779 672 1809 dicto
686 1779 834 1809 ‹ha-ardo
850 1777 1256 1813 56111111011556(1166110111,

248 1842 361 1863 coram
379 1835 409 1863 te
427 1842 527 1871 super
544 1833 603 1862 1106
619 1834 794 1862 traxerunt
814 1833 846 1862 in
867 1841 1003 1862 causam
1023 1834 1065 1867 et,
1086 1832 1197 1861 oblato
1217 1841 1259 1861 ex

248 1889 340 1925 parte
355 1887 521 1916 dictorum
545 1886 676 1915 abbatis
696 1888 727 1915 et
747 1887 931 1915 conventus
954 1885 1070 1915 libello
1091 1885 1258 1924 dictisque

248 1939 493 1969 mercatoribus
538 1940 700 1977 quasdam
739 1939 954 1977 exceptiones
992 1938 1258 1977 proponentibus

248 2002 361 2023 coram
385 1992 521 2022 osticiali
541 1994 609 2026 tuo,
632 1993 683 2021 6111
704 2001 805 2030 super
829 1992 889 2022 1106
907 1992 1127 2021 commiseras
1146 1992 1258 2022 totali-

248 2048 297 2076 ter
315 2046 404 2075 vices
422 2040 507 2082 tuas,
526 2055 562 2075 ac
579 2045 694 2076 eodem
716 2045 1057 2083 0111611111111-01616011·
1078 2045 1254 2075 interlocu-

1003 198 1247 230 REGISTRES
1277 197 1489 228 D'L'RBAIN
1520 197 1578 228 lv.

1319 284 1530 314 attendentes
1557 283 1645 322 quod
1679 282 1846 321 prefatum
1877 282 2133 318 monasterium,
2153 283 2328 314 occasione

1318 337 1536 376 obligationis
1549 336 1754 375 hujusmodi,
1774 336 1838 365 nisi
1852 344 1911 374 per
1922 344 1984 365 nos
1998 336 2027 366 ei
2045 337 2210 375 oportuno
2224 345 2329 366 reme-

1317 391 1372 420 dio
1396 392 1622 425 succurratur,
1651 388 1871 428 Irreparabile
1890 391 2003 427 posset
2029 389 2200 419 incurrere
2224 389 2328 419 detri-

1317 447 1479 479 mentum,
1507 452 1582 473 cum
1605 452 1665 482 per
1683 443 1743 473 hoc
1774 442 1935 480 predictis
1953 442 2066 472 abbati
2091 444 2123 473 et
2149 443 2328 473 conventui

1317 497 1499 535 multiplex
1517 496 1652 526 vexatio
1673 496 1876 531 immineret,
1905 495 2058 534 foretque
2083 495 2267 526 verendum
2287 504 2328 525 ne

1318 550 1427 588 ipsius
1471 549 1667 579 monasterii
1710 548 1905 579 absorberet
1941 548 2167 578 substantiam
2205 557 2329 587 vorago

1318 603 1587 633 excrescentium
1619 611 1811 638 usurarum,
1842 612 1878 632 ac
1908 601 2059 632 volentes
2091 601 2330 640 indempnitati

1318 656 1469 695 ejusdem
1501 656 1699 686 monasterii
1727 658 1867 694 paterna
1893 656 1926 685 in
1952 655 2012 685 hac
2038 657 2131 694 parte
2155 654 2331 694 diligentia

1319 718 1509 747 precavere,
1538 709 1739 739 fraternitati
1765 711 1819 738 tue
1837 709 2037 738 mandamus
2064 710 2235 746 quatinus,
2263 707 2330 737 nisi

1320 762 1462 800 predicti
1478 764 1682 792 mercatores
1700 770 1810 792 coram
1825 764 1856 792 te
1873 761 2137 800 comparuerint,
2155 761 2243 791 intra
2260 769 2330 790 cer-

1319 817 1389 845 tum
1412 816 1593 846 terminum
1612 825 1630 845 a
1657 817 1686 845 te
1707 815 1949 854 assignandum
1967 815 2107 850 eisdem,
2130 817 2160 845 et
2180 814 2330 853 legitime

1318 867 1536 907 probaverint
1552 869 1718 907 prefatam
1736 868 1913 907 pecuniam
1932 868 2104 897 nominato
2123 867 2273 897 (ierardo
2290 866 2331 897 de

1291 934 1292 939 ¹
1319 930 1486 952 consensu
1511 924 1695 952 conventus
1719 923 1907 952 mutuatam
1926 930 1963 951 ac
1988 921 2019 950 in
2045 921 2228 951 utilitatem
2249 919 2334 950 dicti

1319 975 1517 1005 monasterii
1535 983 1733 1005 conversam
1752 975 1870 1010 fuisse,
1890 975 1967 1005 licet
1987 974 2098 1004 littere
2116 974 2226 1013 ipsius
2241 973 2281 1004 G.
2298 973 2333 1003 in

1315 1027 1482 1066 judicium
1494 1029 1713 1065 deducantur,
1733 1029 1860 1058 eisdem
1873 1027 2118 1058 mercatoribus
2130 1029 2332 1066 perpetuum

1319 1090 1421 1120 super
1451 1081 1512 1112 hoc
1545 1083 1723 1120 imponens
1754 1082 1941 1117 silentium,
1974 1081 2082 1111 dictos
2114 1080 2270 1110 abbatem
2300 1080 2334 1110 et

1319 1136 1521 1165 conventum
1544 1134 1585 1164 ab
1609 1135 1821 1173 impetitione
1847 1136 2072 1165 mercatorum
2097 1134 2249 1172 ipsorum
2273 1133 2332 1163 ab-

1319 1187 1444 1222 solvas,
1459 1188 1723 1218 contradictores
1735 1190 1809 1224 etc.,
1826 1197 1890 1218 non
1908 1187 2062 1218 obstante
2082 1187 2171 1226 quod
2190 1187 2224 1216 in
2241 1187 2331 1216 dicta

1319 1250 1421 1271 causa
1437 1250 1502 1272 non
1519 1243 1569 1271 est
1594 1241 1635 1271 ad
1652 1241 1724 1271 litis
1744 1241 2023 1271 contestationem
2043 1249 2253 1279 processum,
2270 1248 2331 1270 seu

1320 1295 1348 1325 si
1365 1294 1539 1333 aliquibus
1556 1295 1646 1333 quod
1658 1294 1957 1327 excommunicari,
1978 1294 2140 1333 suspendi
2159 1293 2212 1324 vel
2229 1293 2330 1323 inter-

1318 1347 1385 1377 dici
1402 1357 1466 1377 non
1483 1348 1615 1386 possint
1630 1357 1649 1378 a
1666 1349 1744 1377 sede
1760 1348 1945 1386 apostolica
1957 1348 2002 1378 sit
2014 1347 2194 1377 indultum.
2206 1347 2330 1377 Datum

1319 1401 1407 1440 apud
1426 1401 1714 1437 Urbemveterem,
1736 1411 1763 1430 w
1784 1401 1859 1431 idus
1877 1400 2024 1440 augusti,
2040 1409 2126 1430 anno
2142 1400 2254 1430 tertio.
2275 1409 2291 1429 »

1413 1576 1505 1607 1995
1921 1573 2046 1604 Orvieto,
2064 1573 2081 1599 4
2096 1574 2159 1599 aeut
2182 1572 2258 1599 1264.

1354 1660 1492 1694 Episcopo
1517 1658 1717 1685 Sucssionensi
1741 1658 1859 1685 mandat
1879 1661 1906 1685 ut
1931 1657 2091 1685 Johannem
2117 1658 2329 1692 presbyterum,

1318 1711 1460 1735 rectorem
1480 1708 1618 1735 ecclesiae
1643 1708 1677 1733 de
1699 1707 1780 1737 Fara,
1803 1707 2018 1734 suessionensis
2041 1706 2174 1737 diocesis,
2202 1706 2230 1732 in
2249 1706 2330 1732 Sues-

1319 1758 1444 1785 sionensi
1463 1757 1582 1783 ecclesia
1598 1757 1625 1783 in
1643 1757 1827 1789 canonicum,
1845 1756 1897 1782 sub
1912 1755 2126 1790 exspectatione
2138 1755 2328 1790 praebendae,

1318 1807 1404 1841 recipi
1427 1806 1522 1833 saciat.
1542 1806 1621 1840 (Rae.
1638 1808 1682 1836 ΞΕ),
1701 1806 1749 1833 sol.
1766 1807 1816 1832 207
1835 1811 1873 1838 νο,
1889 1811 1918 1831 11ῠ
1937 1805 2027 1836 1015.)

1358 1912 1551 1952 «Ἰίρὶεσυρῡ
1577 1911 1796 1941 Suessionensi.
1824 1912 1888 1941 Per
1916 1913 1993 1941 tuas
2019 1910 2117 1941 nobis
2133 1927 2183 1939 —.
2203 1910 2327 1940 Datum

1289 1979 1290 1988 1
1317 1966 1405 2004 apud
1433 1965 1718 2001 Urbemveterem,
1738 1974 1758 1993 11
1779 1973 1885 1994 nonas
1902 1963 2048 2002 augusti,
2067 1971 2154 1993 anno
2178 1963 2291 1993 tertio.
2312 1972 2329 1990 »

248 2099 373 2130 toriam
393 2108 494 2137 super
511 2099 560 2129 eis
585 2107 648 2137 que
669 2099 770 2128 etiam
790 2098 887 2131 alias,
908 2098 1004 2135 juxta
1027 2098 1165 2128 sormam
1188 2107 1258 2136 pre·

248 2153 416 2182 dictarum
452 2152 641 2182 litterarum
678 2151 736 2181 tibi
758 2151 973 2185 directarum,
1000 2151 1196 2189 aliquandiu
1226 2152 1256 2180 iu

248 2205 441 2243 hujusmodi
460 2205 592 2243 negotio
607 2205 749 2234 duxerat
768 2204 1025 2242 procedendum,
1041 2204 1120 2233 dicti
1135 2213 1257 2233 mers-a-

248 2261 337 2289 tores
364 2258 404 2288 ab
436 2259 543 2297 ipsius
576 2258 732 2288 ot'ticialis
765 2258 936 2296 presentia
966 2259 1190 2291 recesserunt,
1225 2258 1256 2287 in

247 2312 419 2350 aSSigfflltO
442 2311 594 2350 pastibus
613 2311 755 2341 ῙΘΓῙῙῙῙΠΟ
775 2311 989 2350 1)03ῙῙΠΟ(ῙΠΠῙ
1009 2319 1119 2339 Corum
1138 2320 1175 2339 (Ὅ
1197 2311 1255 2339 ΗΠ·
1288 2307 1289 2352 ]
1316 2325 1437 2350 mandat
1456 2326 1496 2349 ut.
1517 2323 1636 2349 obtentu
1661 2323 1698 2350 .Ι.,
1725 2332 1748 2347 s.
1773 2321 1881 2348 Nicolai
1901 2322 1928 2348 in
1949 2323 2069 2347 (λιι-6666
2087 2321 2229 2352 Tulliano,
2245 2324 2272 2348 et
2288 2322 2324 2352 J.,

248 2365 339 2395 nime
355 2368 605 2403 comparentes,
623 2365 655 2394 in
673 2373 757 2403 quos
768 2364 915 2400 demum,
927 2364 1006 2402 quia
1016 2363 1145 2402 pluries
1163 2363 1254 2393 citati

247 2418 409 2457 legitime,
434 2419 467 2448 111
492 2419 621 2456 pretixo
647 2418 697 2448 eis
722 2418 865 2448 termino
883 2416 1107 2456 peremptorio
1127 2426 1256 2456 compc-

247 2471 331 2501 tenti
357 2480 467 2500 coram
488 2471 561 2509 ipso
591 2479 785 2510 comparere
808 2470 1050 2501 contumaciter
1072 2478 1135 2499 non
1163 2479 1256 2499 cura-

247 2526 337 2559 runt,
363 2524 473 2554 dictus
490 2524 648 2554 officialis
662 2523 1022 2554 excommunicationis
1038 2522 1254 2559 sententiam,

249 2578 404 2616 exigente
424 2577 569 2616 justitia,
595 2577 835 2616 promulgavit,
856 2585 915 2607 nec
938 2576 1082 2607 ulterius
1099 2576 1132 2606 in
1155 2584 1255 2605 causa

247 2631 412 2670 processit
439 2631 568 2666 eadem,
597 2639 664 2662 non
691 2631 807 2661 valens
833 2639 893 2669 pro
917 2639 954 2661 eo
981 2638 1117 2660 causam
1146 2629 1255 2667 ipsam

249 2683 414 2714 sententie
440 2684 567 2713 calculo
590 2684 784 2720 terminare,
808 2684 895 2723 quod
919 2692 983 2713 non
1012 2684 1062 2713 est
1080 2683 1165 2712 sacta
1184 2681 1255 2712 litis

249 2737 450 2767 contestatio
471 2737 502 2766 in
522 2738 649 2767 eadem.
666 2740 775 2773 Quare
792 2737 932 2776 predicti
952 2737 1056 2767 abbas
1072 2738 1257 2766 6160111611-

248 2792 304 2821 tus
325 2790 421 2820 nobis
442 2790 615 2821 liumiliter
636 2791 869 2829 supplicarunt
889 2793 925 2821 ut
946 2790 1066 2829 prefati
1091 2791 1254 2819 monaste-

249 2844 291 2874 rii
316 2852 417 2882 super
444 2844 504 2874 1106
527 2844 662 2875 obviare
686 2844 846 2883 periculis
872 2852 1055 2883 eorumque
1080 2843 1256 2882 providere

250 2895 355 2934 quieti
378 2897 515 2934 paterna
542 2896 770 2927 sollicitudine
797 2905 1004 2926 curaremus.
1037 2896 1108 2926 Nos
1139 2895 1252 2934 igitur,
1286 2918 1288 2922 1

1411 2142 1504 2173 Ι996
1874 2138 1999 2169 0111610,
2020 2138 2046 2164 11
2066 2138 2161 2173 juillet
2182 2138 2256 2165 1204.

1357 2226 1444 2252 Paulo
1465 2224 1597 2257 Romani,
1613 2224 1749 2258 principis
1768 2223 1980 2257 Apostolorum.
2000 2226 2026 2249 61
2043 2223 2263 2250 llartholoinaeo
2278 2223 2328 2250 Pe-

1315 2275 1450 2309 0υὲ11010,
1464 2274 1613 2301 duodecim
1630 2273 1831 2307 Apostolorum
1845 2272 2028 2299 basilicarum
2045 2273 2079 2299 de
2096 2272 2168 2299 L'rbe
2181 2272 2328 2299 canonicis

1315 2383 1337 2399 s.
1354 2372 1459 2399 Mariae
1481 2372 1509 2398 iu
1528 2371 1680 2398 Cosmedin
1700 2371 1886 2397 diaconorum
1903 2370 2106 2397 cardinalium.
2123 2371 2250 2397 Odonem
2272 2370 2329 2397 616-

1316 2423 1420 2455 ricum,
1438 2424 1536 2448 uatum
1559 2421 1704 2454 quondam
1736 2419 1873 2446 ,1011110015
1891 2419 2034 2453 ,λι-610015,
2055 2419 2125 2446 civis
2145 2419 2278 2450 Romani,
2298 2419 2327 2446 in

1314 2470 1435 2497 basilica
1457 2480 1479 2497 s.
1506 2469 1609 2496 Mariae
1627 2469 1739 2504 Majoris
1759 2469 1792 2495 dc
1813 2469 1888 2495 [rbe
1907 2469 1934 2495 in
1951 2468 2122 2496 canonicum
2139 2468 2227 2502 recipi
2242 2468 2330 2495 saciat

1313 2528 1379 2546 cum
1398 2519 1610 2553 exspectatione
1625 2519 1814 2552 praebendae.
1829 2518 1906 2549 1111111.
1923 2518 1968 2549 29,
1991 2517 2038 2544 t'ol.
2059 2519 2110 2545 207
2133 2522 2171 2551 v⁰‚
2188 2523 2218 2543 n⁰
2239 2517 2328 2547 loto.)

1353 2636 1367 2655 1(
1392 2625 1487 2655 Paulo
1505 2625 1644 2661 Romani,
1657 2624 1810 2664 principis
1826 2623 2055 2663 Apostolorumr
2072 2628 2098 2652 c!
2113 2622 2326 2653 Bar-tholomeo

1315 2679 1507 2718 l'cduyuolo,
1521 2678 1673 2708 duodecim
1691 2677 1903 2717 Apostolorum
1917 2676 2110 2705 basilicarum
2129 2676 2164 2706 de
2184 2675 2263 2706 L'rbe
2277 2685 2329 2705 ca-

1314 2733 1441 2762 nonicis.
1460 2733 1511 2763 Ad
1526 2732 1710 2762 faciendam
1729 2731 1850 2761 dilecto
1868 2747 1916 2758 —.
1936 2730 2059 2760 Datum
2079 2729 2166 2768 apud
2189 2729 2327 2761 Urbem-

1315 2788 1478 2817 vetcrem,
1494 2795 1513 2815 v
1532 2786 1607 2815 idus
1619 2784 1708 2824 julii,
1726 2792 1812 2814 auno
1830 2783 1943 2814 tertio.
1964 2792 1980 2812 »
