2519 3262
1076 267 1316 305 'rROIsIEME
1343 266 1506 303 ANNEE.
2279 280 2326 308 151

251 364 364 386 carere
384 355 503 386 debeat
527 355 646 386 robore
662 355 845 388 firmitatis,
866 357 897 384 et
914 355 962 384 sic
981 355 1152 392 prioratus
1175 353 1262 383 idem

252 408 291 438 de
305 409 380 447 jure
399 417 516 438 vacare
538 409 680 442 dicatur,
704 408 884 446 presertim
901 415 975 436 cum
995 406 1083 436 idem
1102 406 1264 444 magister

251 461 456 492 Guillelmus
483 461 670 500 prioratum
695 461 735 490 de
752 460 903 490 Dausato
925 459 1112 498 predictum
1127 459 1263 488 duxerit

251 514 503 552 acceptandum,
538 513 736 543 discretioni
771 515 826 542 tue
863 511 1064 542 mandamus
1096 513 1263 550 quatenus

251 567 395 597 eundem
411 567 599 605 prioratum
615 567 654 596 de
676 566 838 600 Vilareio,
854 573 933 594 cura
949 566 1119 595 carentem
1136 565 1263 594 anima-

250 629 338 656 rum,
357 628 433 650 cum
456 618 614 649 omnibus
628 618 764 657 juribus
783 620 813 648 et
829 617 1047 656 pertinentiis
1075 618 1147 648 suis
1173 617 1262 648 dicto

250 673 413 712 magistro
429 673 528 702 Petro
548 671 601 701 vel
615 671 825 709 procuratori
842 679 917 706 suo,
934 671 1008 710 ejus
1024 670 1172 707 nomine,
1187 679 1263 701 auc-

248 726 384 756 toritate
401 727 516 755 nostra
533 733 592 762 per
608 726 640 754 te
657 724 709 754 vel
727 732 786 762 per
802 724 906 753 alium
923 732 982 754 seu
1001 724 1086 754 alios
1108 724 1263 754 conseras

249 781 280 809 et
305 778 470 816 assignes,
498 777 661 807 inducens
690 777 803 815 ipsum
830 777 881 807 vel
905 777 1011 806 alium
1038 777 1110 807 loco
1129 777 1202 815 eJus
1228 777 1262 806 in

248 830 457 869 corporalem
480 830 631 869 ejusdem
648 830 820 869 prioratus
841 839 878 859 ac
898 830 1026 868 jurium
1044 831 1076 860 et
1092 830 1261 868 pertinen-

247 885 372 914 tiarum
396 884 505 922 ipsius
537 883 791 922 possessionem
816 886 847 913 et
877 883 1051 913 inductum
1077 883 1262 914 defendens

249 937 346 976 eique
373 937 498 967 faciens
520 937 560 967 de
581 937 691 975 ipsius
712 937 883 975 prioratus
904 945 941 966 ac
957 936 1086 975 jurium
1111 938 1143 966 et
1161 936 1263 975 perti-

248 990 439 1020 nentiarum
452 988 672 1027 proventibus
683 989 811 1028 integre
827 989 1037 1028 responderi,
1049 990 1172 1020 amotis
1189 990 1261 1028 qui-

247 1042 396 1073 buslibet
413 1042 543 1072 illicitis
562 1042 796 1072 detentoribus
814 1042 855 1072 ab
875 1043 1015 1073 eisdem.
1033 1043 1108 1073 Non
1127 1043 1259 1073 obstan-

246 1095 339 1125 tibus
358 1114 407 1130 -—‚
431 1095 485 1125 vel
504 1095 594 1134 quod
619 1095 708 1125 idem
735 1095 992 1126 archidiaconus
1012 1096 1079 1126 alia
1097 1095 1261 1126 beneficia

247 1148 376 1179 obtinet
397 1148 554 1179 habentia
573 1157 687 1179 curam
709 1149 900 1179 animarum
921 1158 1089 1179 annexam
1105 1165 1153 1180 —.
1173 1150 1260 1180 Con-

245 1202 446 1232 tradictores
469 1220 519 1230 -.
545 1202 703 1232 Invocato
729 1220 778 1230 —.
806 1203 877 1233 Nos
898 1202 1037 1240 insuper
1054 1211 1185 1233 exnunc
1208 1220 1257 1234 —.

246 1256 370 1286 Datum
385 1255 474 1294 apud
488 1254 777 1289 Urbemveterem,
796 1264 867 1285 vnn
884 1255 1047 1286 kalendas
1057 1255 1258 1293 decembris,

247 1317 333 1339 anno
350 1308 463 1338 tertio.
484 1318 498 1337 11

339 1506 434 1536 122ss
790 1504 915 1536 (lrvieto,
935 1505 965 1531 18
977 1504 1089 1539 janvicr
1108 1505 1183 1532 1264.

281 1588 488 1615 Archidiaeono
517 1588 698 1615 Laudunensi
721 1590 838 1615 mandat
864 1592 891 1615 111
916 1589 1079 1616 Oudardum
1098 1590 1132 1616 de
1151 1590 1258 1616 Laerval

245 1637 396 1671 clericum,
421 1638 449 1664 in
468 1637 590 1664 ecclesia
614 1638 640 1664 b.
661 1638 753 1664 Maria¹
772 1638 806 1663 de
825 1638 947 1664 Dinanto
967 1638 995 1664 in
1023 1638 1193 1665 canonicum
1215 1646 1257 1665 re-

244 1686 299 1721 cipi
319 1686 416 1713 faciat.
434 1686 512 1721 (nm.
532 1687 576 1717 29,
595 1686 643 1712 fol.
660 1687 695 1713 913
715 1690 755 1717 v⁰‚
774 1686 890 1721 n0274.)

285 1803 300 1823 «
318 1793 545 1824 Arcltidiacono
570 1792 779 1822 Laudunensi.
796 1793 935 1823 Justitie
955 1802 1140 1823 consonum
1159 1796 1192 1824 et
1208 1812 1256 1824 —.

243 1847 330 1877 Hinc
347 1848 398 1877 est
412 1846 501 1885 quod
517 1855 579 1876 nos
591 1846 753 1876 dilectum
766 1846 875 1875 filium
887 1846 1086 1877 Oudardum
1103 1847 1143 1877 de
1158 1847 1259 1877 Laer-

244 1900 297 1930 val
324 1900 497 1935 clericum,
517 1899 559 1929 ob
585 1898 756 1929 laudabile
775 1899 1010 1929 testimonium
1036 1900 1126 1938 quod
1147 1900 1187 1930 de
1212 1900 1259 1938 ip-

245 1953 317 1983 sius
355 1953 548 1992 ydoneitate
589 1961 607 1982 a
638 1952 818 1991 fidedignis
850 1952 1059 1991 perhibetur,
1097 1953 1258 1991 prosequi

245 2006 391 2045 gratiose
410 2006 576 2042 volentes,
587 2005 786 2036 discretioni
802 2006 858 2035 tue
875 2006 1077 2035 mandamus
1090 2007 1257 2045 quatenus

245 2060 357 2098 ipsum
375 2059 409 2089 in
428 2059 570 2090 ecclesia
586 2058 683 2089 beate
700 2059 805 2089 Marie
823 2059 862 2089 de
880 2059 1041 2095 Dinanto,
1058 2059 1258 2090 Leodiensis

244 2113 402 2149 diocesis,
420 2114 450 2143 si
479 2113 523 2143 sit
548 2113 702 2151 ydoneus
722 2115 753 2143 et
769 2120 829 2151 pro
847 2112 914 2142 alio
932 2113 966 2142 in
983 2113 1100 2143 eadem
1115 2113 1259 2143 ecclesia

245 2175 311 2196 non
327 2166 517 2197 direximus
533 2166 659 2204 scripta
677 2167 805 2202 nostra,
824 2174 884 2204 per
901 2168 932 2196 te
956 2166 1008 2196 vel
1027 2166 1132 2196 alium
1148 2168 1259 2196 aucto-

244 2220 343 2250 ritate
363 2221 479 2250 nostra
492 2219 597 2258 recipi
618 2219 723 2249 facias
740 2219 774 2248 in
794 2219 994 2249 canonicum
1014 2221 1046 2249 et
1065 2219 1099 2248 in
1118 2220 1257 2250 fratrem

245 2273 377 2312 sibique
407 2273 587 2311 provideas
605 2272 644 2302 de
668 2272 838 2311 prebenda
857 2272 941 2302 nulli
968 2272 1027 2302 alii
1048 2272 1088 2302 de
1110 2273 1186 2311 jure
1204 2273 1258 2303 de-

244 2325 326 2362 bita,
338 2326 367 2355 si
380 2335 445 2365 qua
462 2327 557 2356 vacat
573 2325 699 2355 ibidem
718 2326 758 2355 ad
776 2334 915 2364 presens
931 2326 984 2355 vel
1002 2326 1256 2364 quamprimum

245 2378 285 2408 ad
309 2379 342 2408 id
365 2378 526 2409 obtulerit
553 2387 588 2408 se
620 2378 775 2414 facultas,
800 2387 864 2408 non
890 2378 1045 2409 obstante
1072 2380 1198 2409 statuto
1218 2379 1257 2410 de

245 2433 335 2462 certo
356 2440 495 2462 numero
511 2449 561 2468 —,
587 2432 851 2462 contradictores
871 2433 932 2462 etc.
956 2432 1006 2462 Ita
1029 2433 1141 2462 tamen
1167 2433 1257 2471 quod

246 2483 335 2513 idem
353 2484 508 2519 clericus,
528 2486 627 2522 prout
654 2484 803 2523 requiret
831 2493 915 2514 onus
944 2484 1113 2522 prebende
1135 2485 1174 2514 de
1191 2494 1257 2523 qua
1285 2493 1286 2502 ¹

245 2537 310 2566 sibi
330 2537 499 2575 provideri
519 2538 706 2575 contigerit,
732 2538 773 2567 ad
794 2538 930 2567 ordines
948 2546 983 2567 se
1001 2537 1101 2567 faciat
1119 2538 1258 2568 statutis

245 2590 436 2628 promoveri
454 2590 664 2627 temporibus
682 2592 713 2620 et
726 2590 950 2628 personaliter
967 2591 1000 2620 in
1018 2591 1160 2621 ecclesia
1178 2591 1257 2621 resi-

245 2643 321 2673 deat
357 2645 552 2672 memorata.
581 2643 742 2681 Alioquin
768 2643 877 2681 gratia
906 2643 1099 2682 hujusmodi
1130 2644 1259 2674 nullius

246 2697 381 2734 penitus
403 2696 446 2725 sit
474 2696 648 2725 momenti.
665 2696 833 2726 Volumus
851 2698 962 2725 autem
985 2698 1019 2726 ut
1036 2696 1210 2732 beneficia,
1230 2698 1258 2726 si

246 2758 311 2788 qua
323 2749 432 2779 dictus·
450 2748 548 2778 habet
566 2749 720 2783 clericus,
733 2757 770 2778 eo
786 2751 937 2786 tempore
954 2751 1070 2779 vacent
1086 2759 1150 2788 quo
1170 2750 1258 2779 idem

247 2803 410 2841 prefatam
434 2802 638 2840 prebendam
668 2801 805 2840 pacitice
837 2801 937 2831 suerit
958 2803 1156 2832 auctoritate
1187 2812 1259 2840 pre-

248 2856 395 2885 sentium
423 2857 610 2885 assecutus.
637 2856 760 2885 Datum
792 2855 880 2892 apud
906 2854 1194 2891 Uibemveterem,
1215 2865 1258 2885 xx·
1285 2880 1287 2896 a
2122 2893 2126 2897 ᾗ

1285 2903 1287 2920 1
1319 2907 1405 2927 mus.
1424 2898 1510 2933 Quia
1536 2905 1614 2926 vero
1641 2904 1681 2925 ex
1701 2895 1848 2932 suscepti
1869 2903 1948 2923 cura
1972 2894 2148 2932 regiminis
2176 2895 2329 2921 tenemur

1285 2935 1287 2977 l
1318 2952 1358 2981 de
1375 2951 1445 2980 illis
1471 2950 1554 2980 locis
1582 2949 1741 2987 precipue
1773 2948 1954 2977 sollicitam
1981 2955 2094 2976 curam
2122 2944 2242 2974 habere
2266 2952 2330 2981 que

248 2909 411 2938 kalendas
430 2908 601 2941 februarii,
622 2917 707 2938 anno
729 2908 839 2937 tertio.
864 2919 877 2935 11

1417 355 1510 385 1227

1865 355 1988 385 brileto,
2004 358 2038 382 211·
2050 356 2162 390 janvicr
2186 358 2260 383 1:022.

1358 436 1508 463 (juillelnio
1529 438 1562 463 de
1583 437 1720 471 Liinigni,
1740 438 1942 465 archidiacono
1957 439 2146 466 l'reiciaccnsi
2164 441 2190 466 in
2211 441 2331 467 ‹·=·‹·l··›ia

1324 487 1504 520 Carnotensi,
1514 490 1539 514 01
1552 488 1682 519 ilenrico,
1692 488 1768 514 dicto
1786 489 1913 518 netues,
1926 490 2061 516 canonico
2072 490 2239 518 l’arisiensi.
2251 500 2331 516 inan-

1322 538 1370 562 ‹lat
1389 538 1417 562 ut
1436 535 1609 570 magistrum
1630 536 1817 563 Lauihertum
1832 537 1864 563 (10
1882 537 2039 569 Latiniaco,
2055 538 2192 565 clericum
2211 539 2332 565 §leiden-

1324 585 1364 611 sis
1391 584 1523 611 diocesis.
1549 585 1666 611 obtentu
1688 586 1763 618 regis
1790 587 1935 618 Navarrw,
1962 587 1989 613 111
2009 587 2129 614 eeclesia
2151 588 2284 614 Rcmensi
2306 589 2333 614 in

1323 634 1495 660 canonicum
1513 633 1599 668 recipi
1619 633 1737 661 faciant.
1755 635 1834 664 (naa.
1852 636 1896 666 29,
1910 635 1957 662 fol.
1974 636 2018 667 97,
2038 642 2067 662 n⁰
2084 638 2159 669 275.)

1363 750 1378 769 «
1399 739 1561 769 Guillelmo
1575 740 1610 769 (le
1627 740 1774 779 Limiyni,
1792 741 2008 771 archidiacono
2022 742 2226 772 Preiciacensi
2247 744 2275 771 in
2291 754 2331 772 ec-

1323 793 1414 824 clesia
1429 793 1622 829 Carnotensi,
1633 798 1660 823 et
1672 793 1805 823 Heni-ico
1815 794 1896 823 dicto
1907 795 2074 831 Tuebues,
2086 796 2232 825 canonico
2247 796 2334 825 Ραρί-

1322 847 1422 876 siensi.
1436 846 1506 876 Etsi
1519 847 1558 876 ad
1569 847 1799 885 provisionem
1811 849 2006 877 cunctorum
2016 849 2072 886 qui
2084 848 2230 878 clericali
2246 850 2333 879 mili-

1322 900 1367 930 tie
1382 901 1460 929 sunt
1472 899 1611 937 ascripti
1626 900 1736 937 pietas
1748 902 1779 930 et
1796 900 1979 938 pastoralis
1993 900 2095 930 oflicii
2109 900 2259 931 debitum
2273 911 2334 932 nos

1322 952 1534 991 propulsent,
1546 951 1667 982 horum
1684 954 1796 983 tamen
1815 952 2070 991 provisionibus
2088 953 2258 983 faciliores
2273 963 2334 984 nos

1322 1006 1478 1036 convenit
1501 1005 1660 1035 exhibere
1677 1005 1734 1044 qui
1752 1005 1901 1044 propriis
1918 1006 2050 1036 meritis
2070 1008 2100 1036 et
2120 1006 2335 1037 intercessio-

1322 1059 1421 1089 nibus
1439 1058 1530 1089 sedis
1541 1058 1724 1097 apostolice
1742 1058 1941 1088 sublimium
1959 1059 2169 1094 (101*010111111,
2189 1068 2333 1098 quornm

1322 1113 1399 1142 sunt
1409 1111 1583 1150 obsequiis
1593 1112 1756 1150 deputati,
1768 1111 2015 1142 efficacioribus
2025 1112 2236 1150 adjuvantur.
2247 1113 2333 1143 Hinc

1322 1167 1372 1195 est
1388 1165 1476 1204 quod
1503 1173 1565 1194 nos
1584 1165 1745 1194 dilectum
1765 1164 1874 1194 filium
1892 1165 2094 1203 magistrum
2116 1165 2332 1195 Lambertuin

1322 1219 1361 1248 de
1386 1218 1571 1253 Lafiniaco,
1590 1218 1749 1248 clericum
1768 1217 1953 1247 Meldensis
1974 1218 2133 1254 diocesis,
2162 1219 2332 1248 doctorem

1320 1271 1434 1301 dilecti
1452 1270 1514 1300 filii
1529 1270 1717 1305 Guillelmi,
1730 1270 1932 1300 thesaurarii
1949 1271 2166 1306 Senonensis‚
2181 1271 2333 1309 germani

1321 1323 1492 1354 carissimi
1518 1323 1551 1353 in
1575 1323 1709 1353 Christo
1730 1323 1791 1353 lilii
1812 1324 1961 1353 nostri..
1988 1324 2136 1353 illustris
2159 1324 2248 1362 regis
2271 1325 2334 1353 Na-

1320 1386 1429 1413 varre,
1448 1377 1631 1415 Campanie
1665 1385 1702 1407 ac
1728 1377 1806 1407 Brie
1841 1377 1976 1407 comitis
2006 1377 2160 1415 palatini,
2194 1376 2332 1406 obtentu

1320 1430 1429 1469 ipsius
1455 1430 1545 1468 regis
1571 1438 1631 1468 pro
1647 1438 1684 1459 eo
1703 1429 1924 1468 apostolicam
1941 1430 2084 1467 gratiam
2103 1429 2329 1467 implorantis,

1321 1483 1435 1513 favore
1459 1483 1618 1521 specialis
1643 1484 1748 1521 gratie
1771 1484 2028 1521 prosequentes,
2045 1482 2240 1512 discretioni
2262 1491 2331 1512 ves-

1318 1538 1369 1566 tre
1395 1536 1596 1565 mandamus
1625 1537 1792 1574 quatenus
1818 1544 1878 1565 vos
1904 1535 1956 1565 vel
1981 1535 2065 1565 alter
2093 1538 2241 1565 vestrum
2274 1544 2332 1573 per

1320 1598 1379 1619 vos
1396 1589 1448 1618 vel
1465 1589 1570 1618 alium
1588 1597 1646 1617 seu
1665 1589 1750 1618 alios
1765 1588 1906 1618 eundem
1920 1589 2121 1627 magistrum
2139 1588 2171 1617 in
2190 1588 2331 1617 ecclesia

1320 1642 1481 1672 Remensi
1506 1641 1703 1671 auctoritate
1728 1644 1842 1671 nostra
1860 1641 1991 1671 faciatis
2021 1641 2123 1679 recipi
2144 1641 2175 1670 in
2197 1641 2330 1670 canoni-

1320 1703 1395 1724 cum
1424 1696 1456 1724 et
1478 1694 1511 1723 in
1533 1694 1669 1724 fratrem
1686 1694 1783 1732 eique
1811 1694 2018 1732 provideatis
2042 1694 2082 1723 de
2098 1693 2281 1732 prebenda>
2302 1694 2329 1722 si

1319 1749 1414 1777 vacat
1430 1747 1556 1777 ibidem
1580 1747 1620 1776 ad
1639 1755 1792 1785 presens,
1813 1747 1866 1776 vel
1886 1746 2138 1785 quamprimum
2156 1747 2198 1776 ad
2223 1746 2257 1775 id
2275 1746 2331 1775 ob-

1319 1800 1435 1830 tulerit
1461 1808 1496 1829 se
1517 1800 1672 1833 facultas,
1693 1808 1757 1829 non
1775 1799 1928 1829 obstante
1952 1818 2001 1828 -.
2020 1800 2144 1829 Datum
2167 1799 2256 1837 apud
2274 1800 2331 1829 [r-

1318 1853 1560 1887 bemveterem,
1580 1862 1622 1881 vn
1640 1852 1803 1882 kalendas
1822 1852 1996 1885 selnaiarii,
2015 1860 2100 1882 anno
2116 1852 2228 1882 tertio.
2246 1862 2260 1880 ))

1412 2036 1508 2066 1223
1813 2034 1937 2063 Orvictos.
1958 2034 1989 2059 13
2007 2034 2159 2059 decembre
2182 2033 2259 2061 1203.

1356 2118 1493 2153 Magistro
1523 2119 1676 2145 (Ilementi.
1704 2118 1907 2145 archidiacono
1938 2118 1965 2143 in
1997 2118 2116 2143 ecclesia
2136 2117 2329 2145 Laudunensi.

1319 2169 1435 2194 mandat
1466 2170 1496 2194 ut
1514 2170 1670 2202 proventus
1695 2175 1795 2193 onincs
1825 2167 1991 2193 monasterii
2011 2176 2033 2192 s.
2053 2167 2177 2192 Medardi
2205 2166 2329 2192 Suessio-

1319 2216 1416 2244 nensis
1447 2216 1543 2251 colligi
1567 2216 1685 2248 faciens,
1714 2215 1900 2242 medietatem
1927 2215 2024 2241 usibus
2050 2215 2256 2241 monachorum
2281 2223 2328 2249 ap-

1318 2265 1405 2300 plicet
1430 2265 1635 2299 residuumque
1661 2265 1739 2291 oneri
1774 2264 1935 2290 debitorum
1968 2264 2151 2289 sublevando.
2179 2263 2255 2293 111130.
2281 2265 2325 2293 29,

1319 2314 1366 2341 sol.
1386 2316 1430 2345 97,
1446 2320 1475 2340 [1Ω
1488 2314 1562 2345 2711.)

1359 2430 1373 2449 «
1392 2420 1541 2459 ahmins-0
1570 2418 1728 2451 Clementi,
1757 2417 1974 2446 archidiarono
2002 2417 2032 2446 in
2056 2416 2179 2445 ecclesia
2212 2416 2328 2445 Lauda-

1319 2473 1415 2502 nensi.
1429 2473 1478 2502 Ex
1495 2473 1589 2510 parte
1603 2471 1717 2501 dilecti
1736 2470 1796 2499 11111
1813 2494 1818 2498 .
1836 2495 1840 2500 ,
1863 2469 1994 2499 abbatis
2006 2469 2204 2499 monasterii
2224 2469 2330 2499 sancti

1319 2526 1470 2556 Medardi
1488 2524 1760 2559 Suessionensis,
1777 2523 1817 2553 ad
1835 2523 2023 2553 Romanam
2041 2522 2219 2552 ecclesiam
2237 2522 2330 2552 nullo

1319 2579 1429 2609 medio
1444 2578 1657 2617 pertinentis,
1673 2577 1802 2607 ordinis
1821 2577 1935 2607 Sancti
1953 2576 2138 2609 Benedicti,
2154 2576 2216 2605 fuit
2235 2575 2331 2605 nobis

1319 2632 1493 2662 humiliter
1515 2631 1741 2669 supplicatum
1772 2632 1819 2663 ut,
1850 2638 1924 2659 cum
1947 2628 2191 2659 monasterium
2217 2629 2329 2666 ipsum

1285 2696 1287 2716 ;
1319 2688 1409 2715 tanto
1425 2686 1597 2724 prematur
1614 2691 1713 2713 onere
1727 2682 1917 2711 debitorum
1935 2682 2036 2720 quod,
2052 2682 2118 2710 nisi
2136 2682 2329 2720 provisione

1319 2739 1419 2768 celeri
1453 2739 1669 2767 succurratur
1697 2735 1817 2769 eidem,
1848 2736 1968 2765 merito
2000 2734 2111 2764 timeri
2147 2737 2256 2772 potest
2291 2742 2329 2763 110

1285 2794 1286 2798 ’
1321 2791 1497 2821 1110111111103
1524 2790 1631 2828 ipsius
1658 2797 1781 2827 vorago
1809 2788 1986 2817 absorbeat
2008 2796 2200 2817 usurarum.
2223 2786 2330 2824 provi-

1320 2845 1398 2875 dere
1430 2845 1493 2882 ipsi
1516 2842 1722 2873 monasterio
1742 2843 1775 2871 in
1792 2842 1852 2870 hac
1877 2845 1970 2879 parte
1993 2840 2176 2870 salubriter
2200 2847 2331 2869 curare-
