2519 3262
235 196 293 224 314

236 278 407 312 providerat,
424 277 525 304 abbate
542 285 607 303 vero
625 277 650 303 iil
668 277 786 311 implere
807 285 862 304 non
882 280 1010 304 curante.
1033 278 1112 313 (llsc.
1134 279 1177 311 ΞΟ,
1191 277 1241 304 sol.

235 327 296 357 203,
318 332 347 353 n⁶
366 326 443 354 1014.
459 327 618 357 l'orrmsr,
641 326 745 359 189118.)

276 442 291 461 (1
318 433 474 472 Episcopo
504 431 700 461 olomucensi.
734 432 886 462 Dilectus
910 432 1002 463 filius
1029 432 1241 463 Chumradus

235 503 284 515 —-.
302 486 423 515 Datum
437 486 523 524 apud
542 485 832 522 Urbemveterem,
849 486 946 516 nonis
962 485 1050 524 julii,
1071 494 1156 516 anno
1176 486 1242 516 ter-

235 539 294 568 tio.
317 550 331 564 »

325 717 420 748 1965
806 714 929 745 Orvicto,
946 716 962 741 9
976 714 1071 750 juillet
1088 715 1166 742 1262.

269 799 475 826 Archidiacono
502 799 645 826 Castrilidi
671 798 700 825 in
732 799 853 827 ccclesia
884 799 1092 826 Cenomanensi
1122 799 1241 826 mandat

233 851 263 875 ut
279 849 452 883 magistrum
465 847 631 875 Gcrvasium
644 848 677 874 de
694 848 777 879 Villa⁷
794 848 942 880 clericum,
959 852 1174 884 procuratorem
1191 850 1241 876 Ce-

233 897 417 924 nomanensis
433 897 571 932 episcopi,
589 897 636 932 qui
654 897 703 924 diu
721 898 830 925 studuit
850 901 910 925 tam
928 898 957 925 in
972 898 1082 925 artibus
1098 907 1185 933 quam
1211 898 1240 925 in

233 948 351 981 utroque
368 946 442 981 jure,
461 946 489 973 in
503 945 623 973 ecclesia
641 954 665 972 s.
683 946 759 973 Petri
776 946 937 973 Puellarum
954 947 1128 974 Turonensis
1149 947 1177 973 in
1193 955 1239 974 ca·

232 995 377 1025 nonicum,
396 995 446 1021 sub
457 994 669 1030 exspectatione
680 996 869 1030 praebendae,
882 996 968 1030 recipi
982 996 1076 1023 faciat.
1099 997 1178 1029 (llnn.
1196 997 1240 1030 25),

233 1044 280 1072 sol.
299 1045 350 1072 203
367 1050 404 1075 v⁰,
423 1048 454 1070 11ο
469 1044 561 1079 1015.)

272 1159 286 1178 «
300 1148 524 1179 Archidiacono
537 1148 700 1179 Castrilidi
714 1149 746 1179 in
755 1149 879 1179 ecclesia
893 1148 1123 1180 cenomanensi.
1139 1150 1221 1180 Cum
1231 1173 1238 1187 ‚

232 1202 319 1232 sicut
335 1202 527 1241 accepimus
549 1220 596 1232 —.
623 1203 746 1233 Datum
766 1203 853 1241 apud
874 1203 1164 1238 Urbemveterem‚
1191 1212 1238 1232 vn

231 1255 308 1285 idus
324 1255 413 1294 julii,
433 1264 518 1286 anno
536 1256 648 1286 tertio.
668 1266 682 1285 1)

322 1437 417 1468 1966
801 1435 927 1469 Orvieto,
943 1436 959 1462 6
970 1435 1067 1470 juillet
1084 1436 1163 1463 1264.

266 1519 430 1546 Subdecano
457 1519 594 1546 ecclesiae
612 1519 636 1546 b.
659 1519 763 1546 Mariae
784 1520 818 1546 dc
835 1520 996 1550 Staffordia,
1015 1519 1238 1547 Conventrensis

230 1568 360 1599 diocesis,
380 1569 498 1595 mandat
514 1571 542 1595 ut
561 1567 715 1595 officialem
732 1569 945 1595 Norwicensem
964 1568 1117 1603 compellat
1130 1570 1165 1596 ad
1178 1577 1238 1596 rec-

229 1617 283 1644 tori
295 1617 431 1644 ccclesiae
448 1618 484 1644 dn
499 1616 637 1643 Stamfort
653 1617 883 1644 satisfactionem
898 1617 1087 1644 exhibendam
1102 1621 1140 1648 ct,
1154 1617 1176 1644 si
1190 1626 1238 1644 no-

230 1667 322 1697 luerlt,
342 1667 376 1693 ad
404 1666 580 1693 audientiam
599 1666 664 1693 citet
684 1667 886 1700 apostolicam.
905 1667 983 1702 (Rea.
1000 1668 1044 1699 20,
1065 1666 1113 1694 sol.
1132 1668 1183 1695 203
1197 1673 1237 1702 νο,

229 1721 259 1742 n⁰
275 1716 367 1750 1010.)

270 1834 284 1852 «
306 1846 311 1852 .
331 1846 337 1851 .
367 1822 533 1852 subdecano
551 1822 673 1852 ecclesie
687 1822 770 1851 beate
786 1822 882 1852 Maria
899 1821 933 1851 de
950 1821 1138 1860 Stoffordia,
1161 1821 1236 1851 Con-

230 1877 397 1906 ventrenxis
413 1876 550 1906 diocesis.
571 1876 724 1906 Dilectus
748 1875 839 1906 filius
857 1875 1038 1911 Robertus,
1060 1878 1166 1905 rector
1189 1884 1236 1906 ec-

230 1930 331 1961 clesie
342 1930 380 1960 de
389 1929 570 1964 Stamford,
583 1929 614 1958 in
626 1930 741 1959 nostra
750 1929 926 1967 proposuit
938 1929 1106 1967 presentia
1117 1929 1237 1959 consti-

229 1985 322 2014 tutus
333 1983 430 2022 quod,
442 1992 515 2013 cum
527 1983 598 2021 ipse
607 1982 943 2017 ι10111111110111,1110111111
960 1981 1089 2020 Labi-ay,
1102 1982 1237 2017 laicum,

229 2037 459 2068 Norw1censis
485 2036 642 2071 diocesis,
668 2044 780 2065 coram
803 2034 925 2064 dilecto
945 2035 1014 2064 tilio
1036 2059 1041 2064 .
1076 2058 1080 2063 .
1103 2044 1238 2073 precen-

228 2092 300 2121 tore
314 2089 509 2120 monasterii
524 2088 800 2127 Humtingdonie,
815 2087 1064 2118 Lincolniensis
1080 2087 1237 2124 diocesis,

229 2143 299 2174 cui.
319 2168 324 2172 .
340 2143 431 2182 prior
447 2143 556 2181 ipsius
574 2142 770 2172 monasterii
794 2143 825 2171 et
848 2141 1008 2179 magister
1024 2141 1236 2177 NVillelmus,

229 2197 337 2228 dictus
363 2196 496 2235 Wnlcbgs,
515 2195 709 2234 capellanus
725 2197 848 2229 noster,
860 2194 1040 2224 canonicus
1055 2194 1237 2224 liboracen-

229 2251 289 2286 sis,
310 2250 441 2289 judices
466 2259 484 2280 a
509 2249 587 2279 sede
608 2249 794 2287 apostolica
816 2248 972 2286 delegati,
995 2248 1237 2278 commiserunt

228 2312 329 2343 super
351 2304 422 2339 hoc,
443 2312 506 2333 non
523 2304 635 2333 tamen
652 2301 813 2337 totaliter,
828 2301 916 2331 vices
936 2310 1028 2336 suas,
1045 2309 1147 2339 super
1166 2301 1235 2339 qui-

227 2356 368 2386 busdam
381 2356 521 2386 decimis
540 2355 746 2386 traxissetin
766 2363 914 2388 causam,
934 2356 1132 2393 procurator
1156 2354 1236 2384 dicti

228 2409 316 2445 laici,
325 2409 395 2448 ejus
405 2409 551 2445 nornine,
561 2417 672 2439 coram
681 2408 798 2439 eodem
807 2407 1025 2446 subdelegato
1037 2407 1236 2445 excipiendo

227 2463 403 2502 proposuit
419 2462 519 2502 quod,
533 2470 607 2492 cum
622 2461 865 2500 crucesignatis
884 2461 978 2500 regni
991 2460 1111 2499 Anglie
1125 2470 1142 2489 a
1157 2461 1236 2491 sede

228 2516 410 2555 apostolica
424 2516 468 2545 sit
487 2515 655 2545 indultum
672 2516 720 2548 nt,
739 2514 901 2553 quamdiu
918 2514 1025 2553 parati
1043 2513 1165 2543 suerint
1183 2522 1236 2543 co-

227 2578 297 2599 ram
318 2569 390 2599 suis
408 2568 588 2598 ordinariis
605 2568 644 2597 dc
659 2576 694 2598 se
711 2567 1001 2606 conquerentibus
1021 2567 1234 2605 respondere,

227 2631 337 2653 coram
348 2621 519 2660 judicibus
535 2621 698 2660 delegatis
710 2621 750 2651 ab
764 2621 880 2651 eadem
895 2621 972 2650 sede
986 2629 1044 2659 per
1062 2620 1169 2659 ipsius
1184 2620 1235 2649 lit-

227 2677 315 2706 teras
347 2676 512 2714 nequeant
530 2674 714 2710 conveniri,
742 2674 807 2703 nisi
826 2674 936 2704 littere
954 2673 1025 2712 ipse
1042 2673 1081 2702 de
1107 2673 1236 2703 indulto

226 2728 418 2767 huJusmodi
440 2727 578 2757 fecerint
595 2727 810 2762 mentionem,
829 2727 940 2756 dictus
958 2726 1076 2760 laicus,
1090 2726 1145 2764 qui
1165 2735 1236 2755 rru-

226 2782 417 2820 cesignatus
432 2783 502 2811 erat
517 2782 548 2811 et
565 2784 701 2819 paratus
713 2788 824 2810 coram
838 2779 1021 2810 venerabili
1041 2779 1142 2809 fratre
1163 2788 1234 2809 nos-

226 2836 296 2865 tro.
314 2833 720 2872 .Norwicensiepiscopo,
735 2833 824 2863 dicto
842 2833 961 2863 rectori
976 2833 1007 2862 in
1024 2832 1155 2871 judicio
1170 2841 1234 2862 res—

226 2887 382 2927 pondere,
394 2896 503 2917 coram
513 2887 628 2917 eodem
640 2886 855 2925 subdelegato
864 2885 1034 2916 conveniri
1044 2884 1161 2924 dejure
1171 2894 1234 2915 non

984 194 1226 225 REGISTRES
1253 194 1465 225 D’URBAIN
1494 195 1551 225 IV.

1299 279 1427 316 poterat
1447 287 1506 308 nec
1519 278 1671 309 debebat.
1691 278 1788 314 Sane,
1804 279 1892 309 dicto
1909 281 2121 318 procuratore
2135 279 2167 309 in
2185 279 2248 309 sibi
2269 280 2310 310 ad

1298 330 1494 370 hocprefixo
1504 331 1648 362 termino
1660 340 1724 362 non
1735 331 1898 371 probante
1908 332 1996 371 quod
2007 332 2117 362 dIctus
2127 331 2233 362 laicus
2241 341 2310 363 cru-

1299 384 1491 423 cesignatus
1518 384 1692 421 existeret,
1717 385 1827 415 dictus
1847 385 2022 423 delegatus
2052 385 2310 424 interloquendo

1299 437 1531 475 pronuntiavit
1544 438 1633 476 quod
1648 438 1680 467 in
1693 446 1795 468 causa
1809 439 1883 476 ipsa
1891 438 2140 477 procedendum
2152 440 2234 473 erat,
2253 447 2309 468 ex-

1299 490 1451 529 ceptione
1466 490 1659 528 hujusmodi
1677 499 1742 521 non
1762 490 1927 526 obstante,
1943 492 2081 529 propter
2094 491 2182 530 quod
2200 491 2310 521 dictus

1298 544 1506 581 procurator,
1520 543 1714 582 ipsiuslaici
1729 543 1925 579 nomine,ad
1938 543 2110 583 delegatos
2125 543 2309 583 appellavit

1299 596 1447 626 eosdem.
1460 597 1681 627 Postmodum
1692 598 1804 627 autem
1812 597 1965 636 prefatus
1978 597 2098 633 laicus,
2110 606 2221 627 coram
2233 596 2308 627 sub-

1298 649 1449 687 delegato
1462 650 1612 688 predicto
1625 659 1823 688 comparens
1840 652 1871 680 et
1882 650 2075 688 hujusmodi
2088 650 2310 689 appellationi

1300 703 1510 738 renuntians,
1534 703 1565 732 in
1591 703 1707 733 eadem
1727 712 1829 733 causa
1852 703 1946 733 litem
1964 703 2077 734 extitit
2103 706 2311 734 contestatus

1299 755 1384 785 etde
1399 755 1592 794 calumpnia
1607 764 1664 786 seu
1682 756 1722 786 de
1741 756 1882 786 veritate
1901 756 2041 786 dicenda
2061 756 2209 795 prestitit
2222 756 2312 795 jura-

1299 810 1462 839 mentum.
1475 810 1619 839 Demum
1629 818 1706 839 vero
1715 809 1869 848 prefatus
1880 809 1987 839 laicus
1996 818 2030 839 se
2042 810 2311 849 crucesignatum

1299 870 1457 892 asserens
1467 865 1498 892 et
1509 862 1549 892 ad
1561 863 1761 902 magistrum
1772 863 1951 893 Nicolaum
1959 863 1999 893 de
2008 863 2226 902 Bagindensi,
2237 863 2308 893 offi-

1300 915 1419 945 cialem
1432 915 1697 950 Norwicensem‚
1710 924 1885 946 recursum
1897 915 2036 950 hahens,
2051 915 2193 946 eundem
2206 917 2310 946 recto·

1299 977 1369 998 rem
1380 970 1517 1007 propter
1525 969 1584 999 hoc
1593 969 1671 1000 fecit
1681 969 1722 999 ad
1734 969 1843 1008 ipsius
1853 969 2012 1000 officialis
2022 969 2227 1008 presentiam
2237 978 2313 1000 evo-

1300 1022 1379 1052 cari.
1395 1022 1513 1052 Dictus
1531 1023 1643 1052 autem
1660 1022 1817 1053 officialis
1836 1022 1967 1061 prefato
1985 1023 2107 1053 rectori
2119 1031 2159 1053 ex
2173 1024 2310 1062 arrupto

1301 1074 1448 1105 inhibuit
1476 1084 1516 1105 ne
1540 1084 1653 1105 coram
1682 1075 1901 1115 subdelegato
1925 1076 1977 1106 vel
1994 1076 2158 1116 delegatis
2181 1076 2311 1115 predic-

1299 1129 1343 1158 tis
1360 1137 1495 1158 causam
1522 1130 1784 1168 prosequeretur
1806 1129 1958 1159 eandem.
1978 1129 2084 1160 Porro
2105 1129 2215 1159 dictus
2241 1138 2306 1159 rec-

1299 1182 1351 1212 tor
1364 1190 1475 1211 coram
1491 1181 1629 1211 officiali
1642 1182 1792 1221 predicto
1804 1182 1981 1221 proposuit
1992 1182 2093 1221 quod,
2110 1182 2187 1212 licet
2199 1182 2311 1212 dictus

1300 1236 1498 1273 procurator
1515 1235 1702 1273 predictam
1717 1235 1951 1274 exceptionem
1964 1244 2075 1265 coram
2091 1235 2310 1274 subdelegato

1299 1288 1534 1327 proposuisset
1561 1288 1690 1323 eodem,
1720 1289 1846 1324 tamen,
1873 1290 1946 1318 tuni
1972 1289 2051 1328 quia
2067 1297 2132 1319 non
2156 1288 2312 1327 probavit

1299 1341 1387 1380 quod
1400 1341 1510 1372 dictus
1528 1341 1636 1372 laicus
1658 1342 1912 1381 crucesignatus
1935 1344 2036 1377 esset,
2062 1344 2199 1381 propter
2222 1341 2312 1380 quod

1299 1394 1538 1434 subdelegatus
1562 1396 1770 1425 memoratus
1795 1395 2054 1434 interloquendo
2077 1395 2313 1434 pronuntiave-

1300 1450 1351 1478 rat
1367 1448 1457 1486 quod
1475 1448 1673 1486 exceptione
1692 1448 1886 1487 hujusmodi
1908 1457 1974 1478 non
1997 1448 2152 1478 obstante
2172 1448 2204 1478 in
2223 1448 2313 1479 dicta

1299 1510 1400 1531 causa
1432 1500 1573 1531 debebat
1601 1502 1747 1539 procedi,
1782 1505 1852 1531 tum
1881 1502 1961 1540 quia
1984 1502 2095 1532 dictus
2122 1501 2230 1531 laicus
2253 1510 2311 1540 ap-

1299 1554 1475 1593 pellationi
1493 1563 1552 1584 sue
1571 1563 1674 1593 super
1691 1555 1752 1585 hoc
1766 1556 1892 1585 emisse
1905 1554 1945 1585 ab
1964 1555 2079 1585 eodem
2092 1557 2310 1593 procuratore

1300 1608 1510 1643 renuntians,
1526 1607 1619 1638 litem
1640 1610 1848 1638 contestatus
1865 1607 1973 1638 fuerat
1991 1610 2021 1638 et
2039 1608 2233 1647 prestiterat
2248 1608 2305 1638 hu-

1295 1661 1444 1700 jusmodi
1463 1662 1708 1700 juramentum,
1733 1664 1832 1700 prout
1847 1662 2005 1700 superius
2025 1665 2073 1692 est
2100 1670 2312 1701 expressum,

1282 1717 1329 1747 ,et
1353 1717 1423 1745 erat
1450 1715 1539 1745 idem
1567 1717 1677 1745 rector
1706 1714 1856 1754 legitime
1880 1714 2022 1754 probare
2039 1717 2189 1754 paratus,
2212 1715 2312 1754 preli-

1299 1768 1397 1798 batus
1415 1768 1522 1798 laicns
1534 1777 1598 1798 non
1610 1770 1681 1799 erat
1694 1768 1874 1807 superbiis
1886 1768 2100 1808 aliquatenus
2110 1768 2311 1802 audiendus,

1299 1821 1403 1852 immo
1432 1822 1472 1851 ad
1490 1830 1633 1852 examen
1653 1822 1762 1860 ipsius
1783 1821 1992 1861 subdelegati
2012 1824 2105 1852 erant
2123 1823 2236 1860 partes
2253 1830 2312 1860 po-

1298 1876 1365 1904 tius
1389 1875 1602 1904 remittende.
1632 1874 1670 1904 Et
1695 1875 1774 1913 quia
1797 1875 1970 1913 predictus
1992 1875 2149 1905 officialis
2168 1875 2312 1905 eundem

1299 1930 1460 1958 rectorem
1482 1937 1583 1966 snper
1602 1927 1662 1957 hoc
1677 1928 1792 1957 audire
1805 1930 1919 1958 contra
1932 1927 2103 1966 justitiam
2120 1929 2308 1967 denegavit,

1298 1981 1381 2019 ipse,
1409 1981 1559 2010 sentiens
1579 1989 1619 2010 ex
1638 1980 1697 2010 hoc
1718 1980 1866 2011 indebite
1884 1990 1918 2011 se
1937 1981 2082 2019 gravari,
2103 1981 2143 2011 ad
2161 1984 2311 2011 nostram

1297 2034 1393 2064 duxit
1410 2033 1615 2063 audientiam
1634 2034 1884 2072 appellandum.
1903 2035 1945 2064 At
1963 2034 2135 2072 predictus
2148 2034 2312 2068 :officialis

1297 2088 1411 2116 contra
1434 2087 1577 2116 eundem
1603 2088 1778 2123 rectorem.
1809 2096 1868 2126 pro
1891 2095 1929 2117 eo
1955 2087 2041 2126 quod
2062 2096 2165 2117 ausus
2186 2087 2248 2118 fuit
2269 2087 2310 2118 ab

1298 2139 1406 2178 ipsius
1438 2140 1609 2170 audientia
1634 2140 1817 2178 appellare,
1849 2142 1961 2170 motus
1992 2140 2152 2176 indebite,
2183 2141 2309 2179 ipsum,

1298 2195 1371 2231 post
1400 2193 1539 2223 eandem
1567 2193 1843 2231 appellationem,
1874 2194 1946 2232 capi
1966 2193 2040 2223 fecit
2063 2195 2092 2223 et
2111 2194 2309 2233 aliquandiu

1297 2246 1438 2276 detineri
1454 2247 1636 2284 captivum,
1652 2247 1683 2276 in
1701 2246 1809 2284 ipsius
1826 2247 1916 2276 sedis
1929 2247 2086 2285 injuriam
2098 2250 2129 2277 et
2141 2250 2311 2286 contemp-

1297 2301 1378 2329 tum.
1403 2299 1512 2335 Quare
1539 2299 1647 2329 dictus
1668 2302 1775 2329 rector
1797 2299 1894 2330 nobis
1909 2300 2084 2330 humiliter
2104 2300 2310 2339 supplicavit

1296 2355 1331 2382 ut
1350 2353 1528 2391 providere
1545 2361 1645 2391 super
1662 2352 1721 2383 hoc
1742 2352 1807 2383 sibi
1825 2355 1989 2392 oportuno
2009 2354 2157 2384 remedio
2176 2362 2310 2384 curare·

1296 2415 1384 2435 mus.
1404 2407 1454 2436 Ne
1479 2406 1582 2445 igitur
1602 2414 1764 2435 excessus
1783 2406 1988 2445 hujusmodi,
2007 2406 2035 2436 si
2054 2409 2225 2437 remaneat
2243 2407 2308 2437 im-

1296 2459 1445 2498 punitus,
1475 2461 1623 2489 transeat
1642 2459 1699 2489 alii
1720 2459 1753 2489 in
1776 2459 1982 2498 exemplum,
2002 2460 2202 2490 mandamus
2225 2468 2310 2498 qua-

1295 2514 1393 2542 tenus
1404 2513 1444 2548 si,
1457 2513 1621 2551 inquisita
1636 2522 1737 2551 snper
1748 2513 1928 2551 premissis
1940 2512 2138 2552 diligentius
2152 2513 2308 2549 veritate,

1296 2575 1364 2596 rem
1393 2566 1562 2596 inveneris
1593 2566 1637 2596 ita
1659 2574 1747 2599 esse,
1767 2565 1933 2604 prefatum
1955 2565 2135 2596 officialem
2152 2575 2193 2597 ex
2211 2568 2306 2605 parte

1295 2621 1409 2649 nostra
1433 2628 1571 2649 moneas
1594 2619 1775 2658 diligenter
1799 2621 1845 2653 ut,
1868 2618 1955 2649 infra
1978 2621 2224 2657 competentem
2242 2621 2305 2650 ter·

1296 2672 1423 2702 minum
1446 2681 1463 2702 a
1480 2674 1511 2702 te
1530 2672 1765 2711 prefigendum
1783 2672 1904 2707 eidem,
1921 2672 2018 2703 nobis
2037 2674 2067 2703 et
2086 2673 2236 2703 Romane
2253 2681 2305 2703 ec—

1294 2725 1395 2755 clesie
1423 2726 1462 2755 de
1493 2727 1698 2764 contemptu,
1730 2735 1766 2755 ac
1796 2725 1926 2764 prefato
1951 2726 2070 2755 rectori
2093 2725 2132 2755 de
2157 2726 2306 2764 injuriis,

1294 2779 1449 2817 dampnis
1465 2780 1495 2808 et
1514 2779 1674 2817 expensis
1689 2778 1881 2817 hujusmodi
1898 2779 2031 2817 plenam
2045 2780 2075 2808 et
2090 2778 2236 2809 debitam
2255 2788 2305 2809 sa-

1295 2832 1519 2862 tisfactionem
1531 2832 1713 2870 impendat.
1724 2832 1818 2867 Quod
1829 2832 1857 2861 si
1869 2832 1953 2862 forle
1966 2832 2137 2870 predictus
2147 2832 2305 2863 oflicialis

1295 2885 1433 2915 monilis
1448 2885 1516 2916 tuis
1532 2885 1727 2924 superbiis,
1748 2885 1835 2915 inl'ra
1853 2884 2021 2924 prefatum
2038 2885 2230 2921 terminum,
2248 2894 2303 2924 pa-
