2519 3262
1013 262 1254 300 TROISIEME
1288 263 1450 300 ANNEE.

189 354 364 393 pellatum,
389 354 462 392 eJus
498 353 700 384 sententiam
731 353 980 387 confirmantes,
1004 352 1199 389 dictumque

188 406 428 446 presbyterum
463 407 497 436 in
528 407 642 436 decem
670 406 776 436 libras
805 407 1083 436 Ravennatenses
1112 404 1201 434 dicto
1230 419 1231 422 =

188 460 334 495 Matheo,
346 469 406 498 pro
425 460 587 498 expensis
602 461 635 488 in
654 459 712 489 lite
728 459 838 493 factis,
859 457 1110 488 sententialiter
1124 465 1202 486 con-

188 513 423 551 dempnamus,
441 513 613 542 taxatione
630 515 661 542 et
678 512 870 550 juramento
893 519 994 549 super
1007 510 1067 540 hoc
1085 509 1201 548 preha-

187 565 283 598 bitis,
297 566 431 596 nomine
444 574 682 604 expensarum.
696 565 734 594 In
747 564 842 602 cujus
856 564 904 593 rei
920 563 1155 593 testimonium
1170 565 1200 592 et
1231 575 1232 584 1

190 619 340 649 futuram
359 619 557 649 memoriam
581 617 840 656 premissorum,
858 625 997 654 presens
1026 615 1201 654 publicum
1231 630 1233 637 ν

188 672 451 702 instrumentum
477 671 598 701 exinde
624 670 698 700 tieri
726 670 962 700 mandavimus
989 678 1047 707 per
1080 677 1201 698 manus
1231 671 1233 694 ἶ

188 725 334 755 Tervisii
349 725 389 754 de
399 725 556 757 Laureto7
568 723 703 759 notarii,
716 725 746 753 et
765 723 872 752 nostri
889 722 995 761 sigilli
1013 722 1200 752 munimine

186 777 350 808 roborari.
370 778 453 807 Lata
469 780 499 807 et
528 776 745 815 pronuntiata
767 776 831 805 fuit
849 776 907 805 hec
927 776 1093 806 sententia
1113 774 1201 813 apud

187 830 476 865 Urbemveterem,
509 838 594 859 anno
627 829 763 859 Domini
792 829 1047 864 M⁰CC0LXIH⁰,
1086 836 1201 858 mense

183 884 341 923 januario
371 883 423 913 die
454 889 572 919 xxv11³,
605 882 788 912 indictione
819 892 862 917 vi,
894 882 1110 920 pontificatus
1145 881 1202 911 do-

189 937 272 967 mini
295 936 423 967 Urbani
441 945 524 974 pape
541 936 620 971 1111,
635 944 721 965 anno
733 935 892 970 secundo,
904 934 1121 973 presentibus
1137 943 1202 963 1113-

188 990 296 1029 gistro
319 990 418 1019 Petro
437 989 638 1023 Venetensi,
658 988 858 1035 presbytero
875 988 1082 1023 Gnidonet03
1098 987 1202 1018 Obizo

188 1044 221 1074 et
248 1044 424 1073 Bertramo
452 1043 492 1072 de
517 1042 651 1078 Cumis,
685 1043 847 1080 magistro
873 1040 998 1071 Jacobo
1023 1041 1062 1071 de
1084 1040 1204 1070 Podio-

185 1096 334 1130 Bonissi‚
364 1095 511 1125 testibus
536 1095 576 1125 ad
601 1095 662 1125 hoc
696 1095 826 1125 vocatis
854 1097 885 1124 et
912 1095 1049 1133 rogatis.
1075 1094 1116 1124 Et
1143 1102 1202 1132 ego

186 1149 245 1189 qui
266 1157 368 1188 supra
387 1149 563 1179 Tervisius
579 1149 618 1178 de
634 1149 792 1183 Laureto,
813 1147 983 1186 imperiali
1001 1147 1202 1177 auctoritate

185 1201 344 1241 publicus
369 1201 533 1237 notarius,
557 1201 706 1239 predicte
726 1200 908 1239 prolationi
932 1200 1083 1236 interfui,
1109 1202 1140 1230 et
1162 1199 1202 1229 de

184 1255 343 1285 mandato
358 1255 500 1293 predicti
525 1254 654 1284 domini
670 1254 862 1289 Dalfinatis,
878 1262 1018 1293 presens
1037 1253 1203 1292 scriptum

186 1308 310 1346 scripsi
326 1310 358 1338 et
381 1307 552 1346 publicavi
570 1310 707 1346 rogatus
727 1309 757 1337 et
777 1315 890 1337 meum
907 1307 1048 1337 solitum
1067 1307 1202 1345 signum

187 1361 343 1400 apposui.
366 1372 381 1390 »

227 1415 323 1445 Nulli
347 1423 424 1453 ergo
444 1417 557 1445 nostre
576 1414 844 1444 confirmationis
871 1416 932 1444 etc.
960 1414 1085 1444 Datum
1113 1414 1202 1452 apud

188 1467 479 1503 Urbemveterem,
497 1468 595 1498 nonis
608 1468 708 1506 junii,
729 1475 814 1497 311110
834 1467 945 1497 tertio.
968 1478 980 1495 ι)

282 1637 377 1668 1035

801 1636 924 1666 Grvmio,
940 1639 955 1662 0·
971 1636 1034 1671 juin
1052 1637 1129 1663 1264.

223 1719 353 1747 Priorem
371 1729 394 1747 s.
414 1719 490 1746 Petri
506 1720 615 1747 Veteris
625 1722 704 1746 extra
719 1720 848 1746 Firmum
864 1721 1026 1754 praedictae
1043 1720 1202 1747 sententiae

186 1772 367 1796 executorem
383 1769 542 1796 constituit.
566 1769 646 1801 ,RE-5.
662 1770 706 1795 29.
727 1768 775 1795 fol.
792 1771 824 1796 5?
846 1775 884 1795 γυ.
904 1774 934 1795 11ο
954 1770 1024 1797 131.)

229 1881 244 1900 <‹
265 1871 370 1900 Priori
384 1882 407 1900 s.
427 1871 513 1900 Petri
535 1871 645 1900 Veteris
670 1876 756 1900 ern-a
780 1871 925 1901 Firmum.
945 1872 1067 1902 Petitio
1087 1872 1203 1903 dilecti

190 1924 252 1954 filii
274 1941 321 1954 -—.
348 1925 471 1954 Datum
493 1925 581 1963 apud
604 1924 894 1956 [rbemveterem.
914 1934 974 1954 viii
1005 1925 1081 1955 idus
1101 1926 1203 1965 junii,

191 1986 278 2008 311110
295 1978 405 2008 tertio.
426 1990 440 2005 »

282 2147 379 2178 108ss

781 2144 904 2174 Orvieto‚
927 2145 958 2171 21
972 2145 1035 2180 juin
1054 2145 1131 2172 1204.

225 2230 349 2256 Gcrardo
371 2229 519 2256 abbatiam
540 2228 712 2255 monasterii
736 2237 759 2255 s.
776 2228 923 2263 Sepulchri
949 2230 1167 2256 Cameracensis
1189 2238 1205 2256 a

189 2278 234 2312 G.,
244 2278 319 2305 tituli
337 2286 360 2304 s.
374 2278 460 2305 Marci
475 2278 643 2312 presbytero
659 2277 810 2309 cardinali,
822 2277 1028 2312 adjudicatam,
1040 2278 1203 2305 confirmat.

191 2328 271 2362 (Rae.
291 2329 335 2359 29,
354 2327 401 2354 t'ol.
423 2329 454 2354 57
475 2333 513 2358 νο,
533 2326 650 2357 n0135,)

232 2436 246 2452 «
264 2423 709 2459 (ἰθνανάο,αὸόαίί111011031ονἱὶ
723 2423 996 2463 sancliSepzclclu-z'
1009 2424 1205 2454 Cameracen-

191 2477 243 2514 sis,
266 2476 384 2507 ordinis
405 2477 684 2507 sanctiBenedicti.
704 2478 751 2508 Ea
775 2486 838 2516 que
860 2477 987 2516 judicio
1005 2479 1080 2514 etc.‚
1098 2487 1206 2517 usque

193 2530 408 2560 communiri.
430 2530 589 2561 Exhibita
614 2531 783 2569 siquidem
801 2531 899 2561 nobis
915 2533 972 2561 tua
991 2531 1110 2569 petitio
1131 2540 1207 2562 con—

193 2583 324 2614 tinebat
342 2583 443 2622 quod,
462 2592 538 2613 cum
554 2592 614 2613 nos
632 2585 668 2614 in
682 2592 784 2614 causa
801 2593 865 2622 que
884 2584 971 2614 inter
991 2586 1034 2620 te,
1057 2593 1098 2614 ex
1112 2587 1208 2623 parte

194 2645 272 2673 una,
292 2638 323 2666 et
341 2636 568 2666 venerabilem
582 2637 721 2667 fratrem
736 2639 921 2667 nostrum..
937 2637 1133 2676 episcopum
1151 2639 1210 2669 Ca-

193 2697 437 2723 meracensem,
449 2697 577 2719 necnon
595 2691 796 2719 conventum
814 2690 1013 2720 monasterii
1032 2691 1081 2720 tui
1101 2691 1209 2721 sancti

193 2741 369 2781 Sepulchri
385 2742 654 2776 Cameracensis
669 2750 706 2772 ac
718 2741 905 2772 tIohannem
921 2742 1083 2777 Douchet,
1098 2744 1209 2782 ipsius

196 2794 689 2833 monasteriimonachum,qui
708 2803 742 2825 se
758 2803 818 2833 pro
835 2794 954 2826 abbate
970 2795 1106 2834 gerebat
1124 2797 1209 2835 ejus-

196 2848 283 2884 dem,
296 2857 398 2887 super
416 2857 454 2878 eo
472 2848 561 2887 quod
580 2848 760 2886 episcopus
776 2847 862 2886 ipse,
876 2851 951 2886 post
967 2849 1210 2887 appellationes

194 2903 273 2933 tuas
303 2901 344 2932 ad
376 2902 490 2932 sedem
516 2901 738 2940 apostolicam
755 2901 908 2940 legitime
926 2901 1130 2941 inte1·jectaS‚
1148 2903 1210 2933 tibi

197 2955 308 2995 primo
331 2955 509 2985 interdixit
535 2954 865 2985 administrationem
884 2955 1026 2993 predicti
1044 2958 1211 2986 monaste-

2232 289 2270 318 75

1262 351 1303 380 rii
1327 352 1440 382 minus
1460 354 1562 392 juste,
1594 358 1623 386 et
1650 361 1865 396 postmodum
1897 363 2031 396 abbatia
2056 368 2199 405 privavit
2220 381 2273 401 ea-

1262 404 1349 439 dem,
1367 409 1398 435 et
1419 408 1518 445 quod,
1542 410 1672 447 prefato
1691 417 1867 451 conventu,
1891 420 1964 453 post
1988 420 2194 456 privationes
2217 424 2274 454 hu-

1259 457 1409 495 jusmodi
1419 462 1449 489 et
1461 462 1705 499 appellationes
1720 468 1794 495 tuas
1805 469 1985 505 predictas,
1996 474 2138 503 cundem
2151 476 2274 507 ,1011311-

1262 519 1340 540 nem
1369 512 1410 541 ad
1441 514 1590 552 regimen
1619 517 1728 554 ipsius·
1759 519 1892 551 abbatie
1920 524 2093 562 tamquam
2125 530 2276 559 vacantis

1263 565 1388 593 temere
1414 565 1570 604 eligente,
1597 571 1749 606 prelatus
1767 573 1947 612 episcopus
1965 582 2193 613 presentatam
2213 582 2275 611 sibi

1263 616 1462 648 electionem
1477 619 1670 658 hujusmodi
1690 632 1749 661 pro
1767 634 1825 655 sue
1842 627 2028 659 voluntatis
2045 631 2139 661 libito
2159 635 2278 664 contir-

1264 670 1378 705 mavit,
1408 680 1546 703 munere
1571 674 1622 704 illi
1652 676 1899 709 benedictionis
1930 682 2096 720 impenso,
2118 686 2149 715 in
2180 688 2276 717 tuum

1262 723 1486 761 prejudicium
1505 728 1537 756 et
1555 735 1747 765 gravamen,
1765 740 1805 760 ex
1822 732 1938 769 altera,
1953 738 2024 765 orta
2041 737 2164 772 extitit,
2178 739 2280 770 dilec-

1262 777 1334 805 tum
1358 777 1467 807 tilium
1496 783 1651 810 nostrum
1669 782 1720 816 G„
1743 784 1833 814 tituli
1859 788 1965 818 sancti
1982 789 2086 819 Marci
2104 791 2277 830 presbyte-

1263 838 1338 858 rum
1375 831 1592 869 cardinalem,
1635 834 1848 867 dedissemus
1882 840 2036 877 partibus
2074 844 2276 880 auditorem,

1263 882 1409 916 tandem,
1432 884 1491 914 lite
1518 894 1629 916 coram
1655 896 1693 917 eo
1717 889 1804 919 inter
1820 892 1852 921 te
1871 894 1901 921 et
1927 898 2178 930 procuratorem
2196 898 2278 928 dicti

1264 939 1449 966 conventus
1459 937 1608 976 legitime
1619 943 1817 977 contestata,
1835 953 1871 974 ac
1890 947 2067 983 questione
2083 949 2278 986 hujusmodi

1264 997 1376 1018 coram
1397 998 1435 1019 eo
1454 991 1652 1030 aliquandiu
1670 995 1805 1032 agitata,
1821 999 1857 1026 tu
1876 1006 1936 1036 pro
1951 1001 1981 1029 te
1999 1002 2225 1038 personaliter
2242 1012 2279 1033 30

1263 1045 1462 1079 procurator
1482 1045 1645 1084 episcopi,
1677 1051 1862 1079 conventus
1887 1053 1919 1081 et
1946 1053 2110 1084 Johannis
2128 1055 2280 1086 Douchet

1264 1095 1492 1132 predictorum
1519 1106 1579 1136 pro
1597 1099 1646 1129 eis
1665 1103 1784 1138 sponte
1803 1105 1835 1133 et
1853 1106 2062 1136 concorditer
2078 1107 2111 1137 in
2129 1109 2280 1138 cardina-

1263 1147 1331 1177 lem
1350 1151 1635 1188 compromisistis
1655 1154 1810 1190 eundem,
1830 1165 1888 1186 vos
1907 1159 2043 1189 omnino
2062 1169 2164 1199 super
2185 1170 2281 1199 ques-

1264 1201 1391 1231 tionem
1413 1202 1620 1241 hujusmodi,
1649 1206 1716 1237 alte
1734 1210 1765 1238 et
1786 1208 1896 1244 basse,
1922 1211 1994 1250 eJus
2014 1213 2125 1248 laudo,
2146 1214 2279 1244 ordina-

1264 1254 1360 1289 tioni,
1381 1256 1547 1287 voluntati
1567 1260 1598 1288 et
1617 1259 1758 1291 arbitrio
1777 1263 2043 1301 summittentes,
2064 1266 2110 1296 ita
2132 1267 2219 1305 quod
2239 1268 2278 1298 de

1263 1307 1338 1345 ipsa
1366 1311 1398 1338 et
1424 1310 1581 1341 omnibus
1607 1312 1648 1342 ad
1666 1321 1740 1343 eam
1765 1316 2027 1353 pertinentibus,
2043 1320 2220 1357 providere
2242 1329 2278 1350 30

1263 1361 1412 1392 diffinire
1429 1363 1556 1394 valeret
1572 1366 1604 1394 et
1622 1366 1679 1395 uni
1691 1369 1842 1398 vestrum
1853 1370 2046 1408 adjudicare
2064 1373 2212 1411 regimen
2230 1374 2278 1412 ip-

1264 1414 1336 1444 sius
1355 1417 1553 1446 monasterii
1572 1421 1603 1448 et
1619 1419 1716 1449 alteri
1736 1422 1912 1458 providere
1930 1424 1969 1454 de
1990 1424 2089 1455 bonis
2111 1427 2273 1463 ejusdem,

1262 1471 1361 1506 prout
1377 1468 1441 1498 sibi
1463 1471 1647 1508 expediens
1666 1473 1848 1507 videretur.
1869 1476 1977 1506 eidem
1997 1478 2160 1508 cardinali
2183 1488 2200 1509 a
2219 1488 2276 1509 no-

1262 1520 1315 1551 bis
1333 1521 1734 1562 nichilominusplenaria
1751 1529 1916 1565 potestate
1933 1530 2055 1560 collata
2070 1533 2105 1561 ut
2118 1533 2275 1561 summis-

1262 1573 1393 1604 sionem
1408 1578 1438 1604 et
1462 1577 1746 1614 compromissum
1774 1579 1968 1618 hujusmodi
1987 1584 2136 1622 recipere
2159 1586 2273 1622 posset

1263 1633 1299 1654 ac
1316 1626 1482 1663 prefatam
1512 1629 1735 1666 questionem,
1767 1633 1951 1663 secundnm
1975 1634 2116 1665 sormam
2137 1636 2169 1665 in
2184 1645 2272 1666 com·

1263 1679 1433 1716 promisso
1461 1688 1671 1718 expressam,
1704 1686 1739 1713 ut
1769 1685 1834 1714 sibi
1874 1687 2044 1718 videretur
2077 1689 2273 1727 expediens,

1264 1731 1422 1763 distinire.
1452 1734 1522 1763 Nos
1559 1738 1671 1765 autem
1709 1738 1945 1776 supplevimus
1975 1741 2125 1772 defectus
2155 1743 2184 1772 si
2218 1743 2275 1782 qui

1265 1784 1399 1815 fuerunt
1424 1786 1457 1816 in
1486 1790 1793 1825 procurationibus,
1820 1801 1963 1830 quarum
1986 1795 2183 1826 auctoritate
2201 1805 2277 1834 pro-

1264 1840 1398 1869 curator
1424 1840 1508 1878 ipse,
1528 1842 1664 1872 nomine
1689 1844 1851 1883 episcopi,
1869 1850 2052 1877 conventus
2067 1850 2097 1878 et
2111 1849 2276 1879 Johannis

1264 1892 1504 1930 predictorum,
1526 1894 1560 1924 in
1578 1896 1755 1933 questione
1772 1900 2007 1936 compromisit
2021 1901 2150 1931 eadem.
2169 1901 2275 1932 Porro

1264 1945 1437 1983 predictus
1451 1947 1645 1983 cardinalis,
1658 1949 1895 1988 indempnitati
1911 1952 2062 1991 ejusdem
2078 1955 2277 1985 monasterii

1265 1998 1383 2028 volens
1398 2008 1584 2036 occurrere,
1604 2010 1644 2031 ne
1663 2002 1776 2040 ipsum
1793 2003 1827 2033 in
1845 2005 2082 2042 spiritualibus
2103 2010 2133 2037 et
2152 2010 2279 2046 tempo-

1266 2051 1396 2081 ralibus
1417 2055 1554 2090 propter
1573 2054 1671 2093 longa
1692 2055 1800 2095 litigia
1817 2057 2058 2089 detrimentum
2078 2060 2275 2097 incurreret,

1265 2104 1453 2142 predictum
1478 2108 1762 2145 compromissum
1789 2111 1925 2148 recepit,
1948 2115 2119 2142 reservata
2137 2113 2202 2143 sibi
2228 2114 2280 2152 ju·

1266 2157 1406 2188 diciaria
1428 2161 1595 2197 potestate
1623 2161 1751 2200 sicque,
1781 2163 1866 2192 visis
1894 2165 2181 2202 appellationibus
2208 2167 2277 2196 tuis

1267 2220 1303 2241 ac.
1320 2211 1540 2250 inquisitione
1567 2216 1598 2243 et
1626 2215 1845 2252 processibus
1860 2220 1975 2247 contra
1992 2220 2023 2248 te
2046 2218 2184 2255 habitis,
2203 2219 2278 2249 dili-

1266 2267 1380 2304 genter
1397 2265 1527 2295 audivit
1544 2268 1575 2296 et
1599 2267 1769 2298 intellexit
1793 2278 1856 2307 que
1874 2273 1987 2307 partes
2004 2271 2181 2301 voluerunt
2204 2281 2278 2311 pro-

1266 2326 1390 2356 ponere
1412 2327 1524 2348 coram
1549 2328 1599 2355 eo,
1615 2329 1651 2350 ac
1676 2321 1811 2352 denium
1829 2323 1903 2360 ipsa
1921 2325 1951 2353 et
1971 2324 2083 2354 onmia
2106 2326 2277 2363 negotium

1265 2372 1458 2410 hujusmodi
1472 2373 1700 2412 contingentia
1718 2384 1893 2405 recensere
1910 2378 1939 2407 et
1956 2386 2056 2415 super
2076 2377 2141 2407 hiis
2156 2378 2277 2408 habere

1265 2425 1395 2455 studuit
1427 2434 1502 2455 cum
1528 2426 1650 2457 dilecto
1674 2427 1744 2458 tilio
1766 2429 1928 2467 magistro
1955 2430 2117 2469 Gregorio
2135 2431 2174 2460 de
2191 2431 2278 2461 Nea-

1266 2478 1347 2516 poli,
1363 2479 1560 2517 cappellano
1577 2482 1704 2517 nostro,
1719 2490 1819 2519 quem
1835 2482 1877 2511 ad
1894 2482 1955 2512 hoc
1973 2483 2168 2521 specialiter
2183 2484 2279 2514 duxi—

1267 2540 1344 2561 mus
1369 2532 1610 2570 deputandum,
1631 2533 1912 2565 deliberationem
1931 2536 2098 2566 diutinam
2123 2539 2154 2567 et
2176 2537 2279 2567 etiam

1269 2585 1478 2624 diligentem,
1500 2585 1681 2625 habitoque
1711 2596 1787 2618 cum
1815 2589 1932 2619 eodem
1962 2591 1993 2619 et
2019 2590 2279 2629 quampluribus

1265 2638 1477 2677 jurisperitis
1508 2639 1650 2670 consilio
1687 2640 1844 2680 jurisque
1874 2642 1991 2672 ordine
2025 2642 2214 2678 observato,
2246 2646 2278 2674 te

1270 2700 1403 2730 quoque
1428 2694 1459 2722 et
1485 2695 1702 2730 procuratore
1725 2694 1876 2733 episcopi
1893 2697 1925 2725 et
1941 2697 2126 2726 conventus
2151 2696 2280 2735 predic-

1269 2746 1382 2775 torum
1410 2745 1639 2783 presentibus,
1665 2748 1735 2776 tam
1762 2747 1944 2785 judiciaria
1969 2757 2069 2787 quam
2102 2748 2280 2779 arbitraria

1271 2797 1483 2834 auctoritate,
1513 2807 1642 2828 necnon
1668 2801 1834 2837 potestate
1862 2809 1964 2839 super
1982 2801 2043 2831 hoc
2064 2810 2082 2831 a
2100 2801 2197 2831 nobis
2214 2802 2281 2832 sibi

1271 2859 1442 2885 concessa,
1470 2851 1649 2887 ordinavit,
1678 2853 1835 2890 providit,
1868 2854 2098 2890 sententiavit,
2116 2855 2234 2884 statuit
2249 2857 2280 2885 et

1272 2903 1467 2934 arbitrando
1501 2912 1538 2934 ac
1570 2904 1767 2935 diffiniendo
1801 2907 2031 2944 pronuntiavit
2070 2907 2280 2946 supradictas

1274 2956 1519 2995 appellationes
1530 2959 1607 2987 tuas
1624 2957 1731 2988 fuisse
1743 2959 1925 2997 legitimas,
1943 2968 2071 2989 necnon
2087 2960 2280 2994 amotionis,
