2519 3262
224 222 283 252 208

220 308 458 341 commoretur,
476 306 551 344 ipsa
569 306 693 339 tamen,
709 304 912 343 quibusdam
932 312 1035 343 super
1050 304 1111 334 hoc
1128 303 1230 342 impe-

220 360 407 391 dimentum
418 357 660 398 prestantibus,
677 357 717 387 ad
735 357 879 387 eundem
892 357 1053 388 maritum
1066 366 1166 387 suum
1183 365 1233 387 re-

221 414 291 444 dire
311 422 375 443 non
394 414 498 443 curat.
518 412 603 448 Quia
620 419 699 441 vero
717 413 833 450 posset
852 419 893 441 ex
911 410 973 441 hoc
989 411 1071 441 oriri
1091 410 1232 440 scanda-

220 468 291 498 lum
324 468 356 497 et
389 466 465 496 hinc
503 465 580 495 inde
610 465 801 494 animarum
830 464 1020 503 periculum
1063 464 1229 503 generari,

221 519 423 551 fraternitati
440 521 496 549 tue
513 518 714 548 mandamus
731 517 903 556 quatinus,
920 518 950 548 si
963 517 1025 548 tibi
1041 517 1233 548 constiterit

220 575 266 604 ita
292 582 376 609 esse,
406 572 574 611 prefatum
599 571 775 601 ‚lulianum
801 571 890 610 quod
914 571 1093 601 mulierem
1121 571 1231 609 ipsam

220 626 360 665 recipiat
377 628 408 656 et
429 625 577 656 maritali
600 625 775 655 affectione
796 625 990 663 pertractet,
1021 624 1231 663 eandemque

221 680 309 719 quod
327 680 367 709 ad
392 679 503 709 virum
537 687 636 708 suum
661 677 775 708 redeat
799 678 897 716 eique
919 678 1058 708 affectus
1076 677 1232 708 exhibeat

221 732 425 772 conjugales,
444 732 629 762 monitione
647 731 827 770 premissa,
851 739 910 771 per
930 740 1109 761 censuram
1129 731 1232 762 eccle-

221 786 404 819 siasticam‚
430 785 656 824 appellatione
675 787 816 820 remota,
841 785 1038 823 compellas.
1063 785 1139 815 Non
1157 784 1232 815 obs-

219 841 311 869 tante
339 856 387 869 ——.
410 839 535 869 Datum
556 838 645 877 apud
673 838 962 874 Urbemveterem,
989 847 1037 868 vn
1066 838 1231 869 kalendas

222 892 354 931 aprilis,
373 901 460 923 anno
482 892 594 922 tertio.
615 901 629 921 n

312 1077 407 1108 1467
783 1075 909 1110 Orviet0‚
929 1075 964 1104 30
983 1083 1061 1102 mars
1079 1075 1159 1105 1264.

257 1161 366 1186 Decano
383 1162 411 1186 et
427 1159 544 1186 officiali
562 1159 817 1187 Aurelianensibus
840 1160 959 1186 mandat
989 1162 1029 1193 ut,
1057 1163 1156 1187 amoto
1173 1169 1232 1187 ma-

222 1209 312 1244 gistro
328 1209 477 1243 Anselmo,
499 1208 648 1243 capellano
668 1209 836 1244 apostolico,
851 1218 867 1235 a
884 1209 1047 1244 praebenda
1067 1212 1186 1237 vacante
1203 1210 1232 1237 in

221 1266 321 1286 eorum
342 1257 462 1285 ecclesia
476 1265 526 1292 per
539 1258 752 1292 promotionem
765 1258 862 1285 Jacobi
875 1259 909 1285 de
923 1259 1089 1290 Garrandia,
1107 1259 1231 1294 episcopi

221 1307 423 1338 Nannetensis‚
438 1307 532 1342 ipsam
546 1307 609 1343 jam
625 1310 710 1334 antea
733 1307 880 1334 donationi
903 1308 1079 1342 apostolicae
1101 1316 1231 1335 reserva—

220 1359 281 1382 tam
298 1357 510 1383 concedendam
525 1356 665 1390 magistro
680 1357 774 1388 Petro,
786 1356 988 1383 archidiacono
1005 1357 1172 1388 Senonensi,
1185 1366 1232 1383 ca-

220 1405 344 1432 merario
361 1405 529 1439 apostolico,
548 1405 641 1432 eidem
657 1405 797 1440 magistro
814 1405 898 1432 Petro
914 1405 1075 1441 assignent.
1094 1406 1170 1440 (Rau.
1185 1408 1230 1441 29,

220 1453 268 1481 sol.
291 1454 353 1485 137,
371 1459 400 1480 n0
419 1453 494 1488 517.)

258 1574 272 1593 «
291 1564 411 1594 Deccmo
432 1569 493 1594 et..
513 1564 644 1604 officiali
661 1564 942 1595 Aurelianensibas.
963 1565 1062 1595 Clara
1082 1565 1230 1604 probita-

217 1618 261 1648 tis
275 1618 396 1648 merita
406 1636 452 1647 —.
472 1618 597 1648 Datum
609 1618 698 1656 apud
709 1618 998 1655 Urbernveterem,
1016 1628 1050 1648 111
1066 1619 1230 1649 kalendas

218 1671 348 1710 aprilis,
368 1680 454 1701 anno
471 1672 582 1701 tertio.
605 1682 619 1699 »

797 1855 922 1887 Orvicto,
943 1857 958 1882 7
976 1864 1056 1882 mars
1080 1857 1156 1883 1204.

310 1855 404 1886 14ssss

255 1937 477 1972 Archiepiscopo
508 1939 720 1966 'l'arentasiensi
741 1941 860 1967 mandat
882 1943 912 1968 ut
932 1941 1037 1968 Jaeoho
1056 1942 1091 1968 de
1112 1941 1227 1976 Supulo.

216 1987 346 2017 diacono,
366 1987 471 2014 clerico
492 1990 518 2014 et
537 1987 674 2014 familiari
692 1989 822 2023 ejusdem
843 1989 1062 2024 archiepiscopi,
1081 1990 1115 2016 de
1139 1989 1228 2016 eccle-

216 2036 333 2063 siastico
346 2037 483 2068 beneficio
506 2037 534 2063 in
553 2036 668 2064 civitate
688 2038 731 2064 vel
747 2037 854 2064 diocesi
877 2038 1052 2073 Augustensi
1070 2038 1229 2072 provideat,

212 2084 293 2119 juxta
310 2087 441 2112 tenorem
461 2086 622 2112 litterarum
645 2086 802 2113 Inuocentii
819 2094 908 2121 papae
926 2087 973 2113 1111
995 2095 1046 2121 pro
1064 2087 1165 2114 eodem
1182 2088 1229 2114 Ja-

215 2133 294 2164 cobo,
308 2137 373 2161 tunc
386 2134 557 2161 subdiacono
576 2134 713 2161 eeclesiae
730 2135 1000 2171 .Xugusteiisis,jam
1013 2138 1227 2169 emanatarum,

214 2190 391 2217 quarumque
408 2183 552 2217 quondam
570 2184 670 2210 l‘etrus
699 2184 732 2210 ‹le
756 2184 861 2218 Supulo
881 2186 909 2211 et
929 2184 1068 2211 (ieraldus
1090 2185 1124 2211 de
1147 2184 1227 2215 Rivo,

213 2231 343 2258 canonici
369 2232 574 2265 Ans-'ustenseQ
600 2236 765 2260 executores
797 2233 924 2268 deputati
943 2235 1036 2260 erant.
1072 2233 1152 2267 (Rau.
1181 2234 1226 2266 29,

214 2280 262 2307 t'ul.
285 2281 342 2311 1:37,
359 2285 390 2307 n⁰
409 2281 482 2315 518.)

254 2403 267 2421 «
288 2393 525 2433 Arcltic’piscopo
547 2393 781 2426 aneutasiensi.
807 2396 931 2427 Petitio
956 2397 1070 2427 dilecti
1097 2396 1159 2427 filii
1176 2415 1225 2426 ——-.

213 2447 336 2477 Datum
364 2447 452 2485 apud
479 2447 767 2485 Urbemveterem,
792 2450 1025 2486 nonismaltii,
1046 2459 1132 2481 anno
1161 2452 1226 2481 ter-

214 2499 272 2529 tio.
299 2508 313 2527 ))

305 2680 401 2712 1469
771 2683 896 2715 Orvieto,
913 2686 928 2712 7
950 2683 1055 2712 sevrier
1074 2684 1152 2712 1204.

221 2779 224 2782 <
248 2762 350 2790 Abbati
363 2764 388 2790 b.
403 2763 507 2791 illariae
515 2765 548 2792 de
559 2766 705 2797 Precibus,
721 2767 891 2796 venetensis
907 2768 1040 2799 diocesis,
1060 2770 1177 2796 mandat
1195 2772 1226 2797 ut

215 2811 388 2846 magistrum
411 2813 527 2840 Petrum
548 2814 692 2846 Foceardi‚
723 2820 864 2844 rectorem
889 2817 1028 2845 ecclesiae
1055 2826 1079 2845 S.
1102 2818 1225 2852 Melorii,

214 2859 413 2889 Maeloviensis
429 2862 563 2897 diocesis.
580 2865 680 2891 eadem
699 2866 821 2893 rectoria
834 2866 967 2899 dimissa,
989 2867 1018 2894 in
1034 2867 1157 2895 ecclesia
1172 2869 1223 2895 Do·

971 218 1215 250 REGISTRES
1244 219 1460 250 D'URBAIN
1490 219 1549 249 IV.

1331 314 1346 332 «
1365 303 1478 334 Abbati
1508 305 1687 335 monasterii
1710 304 1746 335 de
1773 304 1928 342 Precibus,
1962 305 2137 336 Veneeensis
2167 306 2307 338 diocesis.

1290 357 1460 388 Dilectum
1476 358 1586 388 filium
1604 358 1806 398 magistrum
1824 375 1873 388 —.
1894 359 2021 389 Datum
2047 359 2136 398 apud
2158 360 2301 391 Urbem-

1290 413 1450 447 veterem,
1470 421 1513 441 vn
1531 411 1606 441 idus
1626 411 1798 447 februarii,
1817 420 1904 442 anno
1919 412 2032 442 tertio.
2053 424 2068 440 n

1865 575 1990 607 Orvieto,
2006 576 2041 603 23
2057 583 2136 602 mars
2155 576 2235 607 1264,

1383 576 1480 607 1470

1327 659 1419 686 Fratri
1433 659 1579 692 (lanfrido,
1596 660 1767 687 Taurinensi
1781 659 1927 695 episcopo,
1946 661 2074 688 coneedit
2095 663 2122 687 ut
2138 664 2307 695 praecepto-

1291 707 1364 735 riam
1386 709 1444 736 sive
1465 709 1584 736 halliam
1606 709 1758 744 hospitalis
1781 718 1803 736 S.
1830 710 1956 741 Antonii,
1973 709 2145 737 Viennensis
2166 709 2301 740 diocesis,

1291 758 1319 785 in
1336 759 1491 786 Wasconia
1508 767 1563 786 una
1590 767 1655 786 cum
1679 760 1846 794 episcopatu
1867 759 2037 787 Taurinensi
2052 759 2178 787 retinere
2197 759 2301 788 valeat.

1292 808 1373 842 (Rae.
1391 809 1436 839 29,
1455 808 1504 835 sol.
1530 808 1577 835 137
1594 814 1630 839 νο,
1648 812 1680 834 n⁰
1695 808 1771 842 520.)

1332 927 1346 945 «
1381 915 1488 945 Fratri
1520 915 1684 954 Gctufrido‚
1719 915 1900 946 Taurinensi
1929 916 2083 956 episcopo.
2116 915 2308 947 Desideriis

1290 970 1361 1001 tuis
1380 970 1414 999 in
1435 988 1485 998 —.
1508 970 1634 1000 Datum
1655 970 1744 1008 apud
1774 969 2065 1005 Urbemveterem,
2088 978 2110 999 x
2142 969 2306 1000 kalendas

1291 1023 1423 1062 aprilis,
1444 1031 1529 1053 anno
1547 1023 1659 1054 tertio.
1681 1033 1696 1052 n

1873 1191 1997 1224 Orvieto,
2018 1193 2032 1217 Τ
2054 1199 2131 1217 mars
2154 1191 2232 1218 1204.

1383 1193 1477 1225 1471

1326 1276 1549 1311 Archiepiscopo
1574 1276 1741 1304 Patracensi
1762 1277 1883 1303 mandat
1906 1279 1937 1303 ut
1953 1275 2128 1310 magistrum
2158 1275 2306 1307 Milonem,

1291 1326 1475 1360 capellanum
1504 1327 1547 1357 G„
1577 1335 1600 1353 s.
1633 1326 1746 1360 Georgii
1767 1326 1803 1352 ad
1832 1325 1934 1352 Velum
1959 1326 2084 1351 Aureum
2103 1325 2216 1352 diaconi
2241 1332 2304 1352 car-

1290 1375 1412 1407 dinalis,
1438 1375 1467 1402 in
1496 1375 1619 1402 eeclesia
1646 1374 1814 1402 patracensi
1848 1375 1876 1401 in
1904 1374 2076 1402 canonicum
2102 1373 2191 1408 recipi
2218 1373 2305 1401 faciat

1289 1425 1372 1459 eique
1386 1425 1421 1451 de
1435 1425 1598 1459 praebenda
1611 1424 1769 1459 provideat.
1787 1424 1867 1459 (flac.
1882 1424 1926 1455 29,
1942 1423 1990 1450 sol.
2007 1424 2056 1451 137
2074 1428 2112 1457 v0,
2127 1428 2156 1450 n⁰
2172 1423 2250 1458 521.)

1330 1543 1346 1559 «
1373 1531 1618 1571 Archiepiscopo
1652 1530 1845 1561 Pan-acensi.
1879 1530 2034 1561 Dilectus
2064 1529 2158 1560 filius
2183 1529 2306 1569 magis-

1290 1586 1342 1615 ter
1376 1602 1424 1614 —.
1458 1585 1584 1615 Datum
1607 1585 1695 1623 apud
1729 1584 2019 1618 Urbemveterem,
2047 1583 2147 1614 nonis
2175 1583 2302 1620 martii,

1289 1646 1376 1668 anno
1399 1638 1512 1668 tertio.
1535 1649 1550 1667 »

1872 1803 1997 1834 Orvieto,
2017 1805 2032 1830 7
2052 1812 2131 1831 mars
2153 1803 2231 1831 1264.

1382 1805 1479 1836 1472

1325 1889 1495 1924 Magistrum
1512 1889 1699 1915 Benedictum
1725 1888 1867 1922 Gaietani,
1897 1888 2081 1923 capellanum
2097 1888 2302 1923 apostolicum,

1288 1938 1483 1973 Anagninum,
1494 1941 1521 1965 et
1533 1938 1666 1972 Egidium
1679 1938 1713 1964 de
1723 1938 1818 1970 eux-is,
1832 1938 2037 1965 Patracensem
2047 1938 2214 1969 canonicos,
2223 1946 2304 1973 prae-

1287 1987 1380 2014 dictae
1399 1987 1565 2014 collationis
1592 1990 1758 2013 executores
1778 1987 1909 2021 deputat.
1939 1987 2018 2020 (Rae.
2044 1988 2089 2018 29,
2115 1986 2164 2014 sol.
2191 1987 2240 2014 137
2261 1991 2302 2019 το,

1287 2041 1318 2063 n⁰
1333 2038 1409 2067 522.)

1327 2153 1342 2172 α
1363 2143 1512 2181 Mayislro
1536 2142 1699 2172 Benediclo
1724 2141 1876 2176 Gaietam',
1896 2141 2061 2182 capellano
2081 2148 2195 2174 nostro.
2216 2143 2304 2173 Ana·

1286 2197 1392 2234 ῃιιῐιιο,
1411 2200 1438 2225 e!
1459 2195 1573 2235 Egyidio
1587 2195 1622 2225 de
1643 2195 1745 2231 Cat-is,
1763 2196 1944 2226 Pam-acensi
1964 2196 2128 2226 canona-is.
2148 2196 2302 2227 Dilectus

1287 2250 1378 2280 tilius
1395 2250 1556 2289 magister
1573 2268 1620 2278 -.
1642 2250 1767 2280 Datum
1785 2250 1874 2288 apud
1892 2249 2182 2286 L'rbemveterem‚
2203 2248 2302 2280 nonis

1286 2303 1414 2339 martii,
1433 2311 1519 2332 anno
1537 2302 1649 2333 tertio.
1669 2315 1683 2329 n

1379 2473 1473 2504 1473
1837 2471 1961 2503 Orvieto,
1980 2472 2014 2498 26
2031 2471 2134 2498 few-ier
2152 2471 2228 2498 1264.

1320 2556 1449 2583 Decernit
1475 2556 1586 2583 nullum
1617 2556 1827 2592 praejudicium
1853 2556 1882 2582 in
1909 2556 2090 2583 assecutione
2119 2555 2301 2590 praebendae

1283 2605 1418 2632 Ordouio.
1437 2606 1576 2633 canonico
1598 2605 1747 2640 Burgensi,
1766 2608 1937 2641 generatum
1959 2605 2030 2636 sore.
2045 2613 2080 2632 ex
2100 2612 2133 2632 eo
2153 2605 2229 2640 quod
2248 2604 2299 2632 alii

1283 2654 1422 2681 canonico
1437 2654 1617 2682 thesauraria
1635 2655 1790 2690 Burgensis
1811 2654 1916 2682 collata
1935 2658 1989 2682 est.
2008 2654 2084 2689 (Rae.
2104 2654 2149 2685 29,
2168 2653 2218 2682 sol.
2236 2654 2299 2687 138,

1284 2708 1314 2729 n⁰
1327 2704 1403 2737 523.)

1323 2818 1340 2839 «
1357 2807 1503 2845 ordonio,
1529 2808 1675 2838 canonico
1694 2807 1854 2848 Bwyensi.
1878 2808 1979 2838 Lecta
1997 2816 2110 2838 coram
2126 2806 2225 2838 nobis
2242 2808 2300 2838 tua

1284 2861 1401 2900 petitio
1419 2861 1612 2892 continebat
1627 2861 1717 2900 quod
1734 2870 1807 2898 nos,
1828 2861 1862 2892 in
1889 2869 1991 2892 causa
2016 2869 2081 2900 que
2103 2861 2191 2892 inter
2217 2862 2249 2891 te
2267 2861 2301 2892 et

215 2908 286 2936 lensi
303 2910 331 2936 iu
346 2911 515 2938 canonicum
532 2912 619 2947 recipi
638 2913 734 2942 saciat.
753 2915 833 2949 (linc.
849 2917 893 2949 29,
912 2915 959 2943 sol.
979 2917 1027 2944 137
1039 2920 1081 2947 vo,
1094 2921 1126 2943 n⁰
1147 2918 1222 2949 510.)
1255 2919 1257 2944 ι
1283 2914 1860 2954 magistrumNax-arrum,abbatem
1875 2914 2141 2950 sanctiQuiriaci
2155 2914 2188 2944 iu
2198 2913 2300 2945 eccle·
