2519 3262
213 185 270 213 172

213 276 304 306 pum,
323 266 515 297 dederimus
533 267 685 305 partibus
703 267 903 302 auditorem,
924 269 1010 299 idem
1025 270 1216 309 episcopus,
1246 276 1247 280 ’

213 320 271 350 lite
289 329 399 351 coram
419 329 456 350 eo
472 320 621 358 legitime
641 321 838 354 contestato,
861 321 1025 360 factisque
1042 323 1217 361 positioni·

213 373 276 403 bus
291 375 322 403 et
340 372 619 412 responsionibus
635 373 675 402 ad
696 373 844 410 easdem,
871 374 999 405 audivit
1024 384 1088 414 que
1105 378 1218 415 partes

214 427 349 457 voluere
376 434 562 465 proponere
587 435 698 456 coram
719 435 756 456 eo
774 428 806 456 et
823 427 920 457 nobis
942 428 1086 459 fideliter
1103 429 1219 459 recita-

214 480 272 510 vit.
292 479 378 514 Quia
397 487 486 514 vero,
503 478 638 517 juribus
658 479 802 517 partium
822 480 970 518 ipsarum
991 481 1171 512 intellectis
1188 484 1219 512 et

214 532 310 570 plene
338 532 514 568 discussis,
540 531 636 561 nobis
659 532 811 562 constitit
835 533 923 572 quod
947 534 1035 564 idem
1059 535 1220 574 magister
1249 533 1250 541 ¹

214 585 436 624 Raymundus
466 585 522 623 jus
554 585 587 614 in
623 585 839 624 prepositura
875 586 1047 618 obtinebat
1088 588 1216 622 eadem,

214 637 321 676 ipsam
339 638 506 676 pertinere
523 638 563 668 ad
580 647 655 668 eum
674 638 848 676 duximus,
873 640 912 670 de
932 640 1073 670 fratrum
1093 642 1220 671 nostro·

214 693 340 721 trorum
370 691 522 725 consilio,
547 691 784 721 declarandum
816 694 848 722 et
877 693 941 722 sibi
971 694 1220 724 sententialiter

214 744 443 783 adjudIcantes
470 744 620 780 eandem,
642 744 730 774 dicto
756 745 938 785 Peregrino
956 748 1156 785 perpetuum
1174 748 1217 777 si-

213 797 352 827 lentium
371 796 596 835 imposuimus
609 806 710 836 super
726 806 764 828 ea
782 799 812 828 et
828 799 1067 829 nichilominus
1087 800 1126 830 ad
1146 809 1218 830 cau-

212 849 314 880 telam
349 849 499 888 predicto
533 850 736 889 Raymundo
768 852 1018 890 preposituram
1054 853 1218 891 prefatam

212 902 417 933 contulimus
437 903 468 932 et
484 902 523 932 de
542 902 601 932 illa
618 903 829 941 providimus
848 904 1029 944 ipsumque
1047 905 1218 936 investivi-

212 965 288 986 mus
305 964 363 995 per
381 957 533 986 nostrum
553 956 689 986 anulum
707 956 746 987 de
762 957 889 994 eadem,
906 958 1124 989 decernentes
1145 959 1219 990 irri-

212 1011 282 1039 tum
304 1011 335 1039 et
354 1009 453 1040 inane
470 1009 499 1039 si
521 1017 617 1040 secus
635 1010 674 1040 de
701 1011 915 1050 prepositura
940 1012 1014 1051 ipsa
1033 1013 1218 1052 apostolica

210 1062 263 1093 vel
280 1062 400 1101 quavis
419 1063 617 1093 auctoritate
633 1072 652 1093 a
666 1072 835 1103 quoquam
852 1065 1060 1105 contingeret
1077 1068 1220 1105 attemp-

210 1116 287 1151 tari,
323 1125 359 1146 ac
397 1116 583 1147 venerabili
626 1117 721 1147 fratri
762 1119 876 1149 nostro
903 1143 908 1148 .
934 1143 939 1148 .
964 1119 1218 1159 archiepiscopo

212 1169 375 1208 Aquensi,
404 1171 435 1200 et
460 1169 580 1200 dilecto
606 1170 721 1200 filio..
741 1171 867 1201 decano
894 1172 1072 1207 Meldensi,
1091 1174 1218 1203 nostris
1247 1179 1248 1182 ’

211 1223 329 1253 dantes
346 1222 470 1253 litteris
488 1223 521 1252 in
538 1223 707 1253 mandatis
725 1225 761 1254 ut
775 1227 998 1255 memoratum
1016 1226 1215 1265 magistrum
1247 1226 1248 1257 1
1276 1245 1299 1262 s.
1318 1236 1433 1262 t'edasti
1450 1235 1663 1262 suessionensis
1676 1238 1702 1262 et
1723 1235 1750 1261 in
1769 1243 1792 1262 s.
1812 1235 1918 1261 Mariae
1934 1235 1967 1261 de
1981 1236 2084 1268 Monte,
2102 1236 2287 1263 suessionen-

1247 1298 1249 1305 ι
1275 1284 1314 1310 sis
1345 1284 1478 1315 diocesis,
1507 1283 1636 1310 ecclesiis
1665 1284 1693 1310 in
1711 1283 1866 1310 canonicos
1895 1284 1982 1318 recipi
2012 1284 2108 1311 saciat.
2136 1286 2215 1319 (itm.
2240 1287 2284 1319 29,

211 1276 451 1315 Raymundum
464 1276 516 1306 vel
532 1278 783 1315 procuratorem
796 1286 908 1314 suum,
926 1278 999 1317 ejus
1015 1279 1161 1316 nomine,
1183 1280 1216 1310 in

211 1329 418 1367 corporalem
442 1329 694 1368 possessionem
726 1330 835 1368 ipsius
862 1332 1075 1369 prepositure
1099 1341 1157 1370 per
1181 1341 1216 1363 se

211 1381 262 1411 vel
280 1390 338 1420 per
363 1382 467 1412 alium
494 1382 689 1412 inducerent
714 1385 745 1412 et
763 1384 938 1413 tuerentur
967 1383 1153 1419 inductum,
1175 1385 1218 1414 fa-

210 1434 336 1464 cientes
365 1443 442 1464 eum
476 1434 528 1464 vel
553 1435 679 1465 dictum
705 1437 958 1474 procuratorem
990 1445 1048 1475 pro
1080 1437 1153 1475 ipso
1184 1438 1218 1467 in

210 1488 419 1526 prepositum
447 1487 587 1518 ecclesie
613 1488 741 1526 prefate
765 1497 782 1518 a
806 1489 992 1520 venerabili
1022 1489 1125 1520 fratre
1144 1499 1216 1520 nos-

210 1541 286 1570 tro.
309 1564 315 1569 .
341 1541 510 1579 episcopo,
545 1542 576 1570 et
609 1541 758 1579 capItulo
788 1542 1064 1572 Massiliensibus
1083 1543 1217 1574 admitti

211 1593 343 1632 sibique
371 1594 481 1632 ipsius
508 1594 721 1632 prepositure
755 1595 976 1633 proventibus
1006 1597 1216 1634 responderi,

210 1647 474 1677 contradictores
489 1648 551 1677 etc.
569 1655 676 1686 usque
691 1648 946 1686 compescendo.
963 1649 1004 1678 Et
1021 1649 1099 1679 licet
1114 1649 1217 1680 iidem

211 1700 389 1738 episcopus
408 1701 439 1730 et
460 1700 645 1739 capitulum
665 1702 915 1739 procuratorem
935 1701 1044 1740 ipsius
1063 1703 1216 1741 magistri

211 1753 403 1792 Raymundi
430 1762 489 1791 pro
513 1762 550 1783 eo
570 1753 770 1784 admiserint
797 1754 830 1783 in
848 1755 1059 1793 prepositum
1077 1755 1217 1786 ecclesie

212 1806 489 1844 supradicte,ipsi
505 1807 614 1836 tamen
633 1807 745 1845 ipsum
761 1807 960 1845 magistrum
977 1808 1217 1847 Raymundum

212 1859 447 1889 administrare
472 1858 559 1889 bona
577 1861 607 1889 et
621 1860 697 1898 jura
716 1860 863 1898 predicte
880 1861 1031 1896 ecclesie,
1057 1864 1155 1899 prout
1177 1862 1217 1891 ad

212 1920 286 1941 eum
307 1911 450 1949 pertinet
479 1914 510 1942 et
536 1914 635 1950 prout
651 1921 689 1942 ea
707 1913 1027 1943 administraverant
1044 1915 1217 1952 predeces-

213 1972 306 1994 sores
325 1964 443 2002 ipsius,
464 1965 627 2003 prepositi
652 1965 802 2003 ejusdem
823 1966 975 2003 ecclesie,
997 1975 1061 1996 non
1083 1968 1219 2004 permit-

213 2019 297 2052 tunt,
320 2018 352 2046 in
380 2018 452 2056 ejus
482 2017 703 2056 prejudicium
729 2020 759 2048 et
782 2027 972 2057 gravamen
1002 2020 1111 2054 Quare¹
1129 2020 1218 2050 idem

214 2069 374 2108 magister
402 2070 625 2108 Raymundus
647 2070 743 2100 nobis
768 2070 942 2101 humiliter
962 2071 1165 2110 supplicavit
1184 2074 1220 2103 ut

214 2122 388 2160 providere
405 2122 469 2152 sibi
489 2131 590 2161 super
608 2123 668 2153 hoc
684 2124 822 2161 paterna
839 2124 1069 2155 sollicitudine
1088 2134 1217 2155 curare-

215 2183 299 2205 mus.
318 2175 481 2210 Quocirca
498 2176 697 2205 mandamus
719 2178 883 2215 quatenus
905 2177 1073 2215 predictos
1092 2178 1219 2216 episco-

214 2237 290 2266 pum
308 2229 339 2258 et
360 2228 546 2267 capitulum
561 2229 649 2267 quod
668 2229 811 2260 eundem
829 2230 1030 2268 magistrum
1049 2231 1219 2269 Raymun-

213 2281 304 2315 dum,
334 2281 557 2319 personaliter
580 2282 612 2311 in
644 2281 808 2320 prelibata
841 2283 983 2313 ecclesia
1002 2283 1219 2315 residentem,

213 2333 299 2364 bona
317 2335 348 2364 et
371 2334 448 2372 jura
463 2334 611 2373 predicte
628 2335 769 2366 ecclesie
792 2335 911 2372 libere,
930 2337 1030 2374 prout
1048 2336 1089 2365 ad
1107 2336 1218 2375 ipsum

214 2387 358 2425 pertinet
385 2389 416 2417 et
450 2389 548 2426 prout
579 2396 662 2418 suus
690 2388 908 2426 predecessor
947 2388 1218 2425 administrabat,

214 2441 363 2478 tempore
390 2440 509 2470 mortis
527 2449 598 2474 sue,
617 2450 652 2470 ac
670 2449 777 2480 usquc
796 2441 836 2471 ad
851 2441 976 2472 festum
998 2442 1219 2472 Ascensiouis

214 2493 380 2523 dominice
405 2493 559 2531 proximo
576 2495 753 2523 venturum
770 2494 871 2524 etiam
889 2502 949 2532 per
965 2496 1217 2533 procuratorem

215 2553 313 2575 suum
343 2545 581 2576 administrare
603 2547 811 2584 permittant,
831 2555 890 2577 nec
912 2555 1013 2585 snper
1032 2547 1092 2577 hoc
1111 2547 1140 2577 ci
1160 2547 1218 2577 ali-

215 2597 303 2636 quod
326 2598 606 2637 impedimentum
634 2601 795 2638 prestent,
827 2600 885 2630 sed
913 2599 942 2629 ei
968 2600 1006 2630 de
1029 2599 1164 2638 juribus
1189 2603 1220 2631 et

216 2651 403 2681 redditibus
433 2652 580 2690 predicte
608 2653 821 2691 prepositure
853 2653 950 2691 plene
982 2653 1220 2691 respondeant,

217 2704 397 2734 monitione
416 2705 593 2743 premissa,
616 2714 674 2743 per
693 2707 724 2735 te
742 2705 795 2736 vel
821 2714 880 2744 per
896 2705 1001 2735 alium
1023 2706 1220 2736 auctoritate

217 2759 340 2792 nostra,
361 2757 493 2787 sublato
511 2758 689 2796 cujuslibet
706 2758 945 2797 appellationis
965 2758 1219 2796 impedimento,

215 2809 409 2848 compdlas.
430 2810 505 2840 Non
519 2810 672 2841 obstante
690 2828 738 2841 -.
759 2811 883 2841 Datum
901 2811 989 2850 apud
1005 2811 1220 2842 L'rbemvete-

217 2872 297 2894 rem,
315 2862 411 2893 nonis
427 2862 600 2897 februarii,
621 2872 706 2894 anno
724 2865 835 2894 tertio.
858 2874 871 2892 a

957 183 1203 215 REGISTRES
1234 184 1444 215 D'URRAIN
1475 185 1531 215 lv.

1367 273 1382 302 1
1391 272 1463 302 30ss

1816 271 1939 302 Orvieto,
1960 272 1992 298 12
2012 272 2116 299 sex-rier
2134 273 2209 300 1202.

1312 355 1449 388 Magistro
1466 355 1609 383 Forcasio.
1632 357 1723 382 electo
1741 356 1768 382 in
1787 355 1971 390 praepositum
1994 356 2123 383 ecclesiae
2138 356 2282 387 Albensis.

1274 403 1346 430 aulae
1363 404 1439 438 regis
1458 404 1607 437 liungariae
1625 404 1870 438 vicecancellario,
1891 406 1926 431 ad
1948 405 2119 432 veniendum
2133 407 2167 432 ad
2185 407 2283 433 sedem

1275 453 1476 486 apostolicam,
1487 461 1537 486 pro
1552 453 1780 480 confirmationis
1791 461 1846 480 sua}
1857 461 1975 480 munere
1985 453 2149 486 obtinendo,
2163 458 2285 489 quatuor

1277 501 1419 527 mensium
1445 502 1570 535 spatium
1599 502 1738 536 indulget.
1759 502 1838 537 (Rau.
1865 504 1908 533 ’.9,
1936 502 1985 529 sol.
2003 503 2065 536 111,
2084 509 2113 529 ιιο
2135 504 2199 536 350,
2217 504 2284 530 1ὀτ-

1276 558 1364 575 Tuasr
1395 550 1502 583 18793.)

1316 669 1329 684 «
1348 657 1498 696 Magistro
1516 657 1672 694 Furcasz'o,
1689 658 1780 689 electo
1793 659 1822 688 in
1833 660 2025 699 prepositum
2041 660 2162 689 ecclesie
2175 661 2196 689 A
2205 660 2287 690 lben-

1275 710 1327 745 sis,
1345 709 1385 739 ad
1401 709 1568 740 Romanum
1595 711 1749 741 ecclesiam
1771 712 1855 741 nullu
1883 712 1978 742 medin
1997 714 2195 752 pertinentis,
2221 713 2287 743 Ves-

1275 763 1450 802 primiensis
1468 763 1604 800 diocesis,
1622 764 1690 794 aule
1706 765 1857 794 karc‘ssimi
1872 766 1901 794 in
1921 765 2043 796 Christo
2061 766 2122 805 filii
2145 768 2262 796 nostri.
2278 789 2284 795 .

1276 817 1355 855 reyis
1385 816 1519 856 ίῦιφινιίι
1545 817 1684 855 illustris,
1710 819 1969 849 vicecancellario.
2001 820 2073 850 Tue
2097 820 2286 850 devotionis

1277 869 1408 908 puritas
1431 888 1479 899 —.
1502 871 1625 901 Datum
1656 872 1745 910 apud
1774 871 2063 909 Urbemveterem,
2084 882 2105 902 11
2139 873 2217 903 idus
2243 873 2288 904 fe-

1275 922 1415 957 hruarii,
1433 932 1518 954 anno
1536 924 1648 955 tertio.
1669 936 1683 952 »

1368 1103 1461 1133 ¹307
1820 1100 1944 1131 (Jrvieto,
1965 1101 1996 1127 16
2012 1101 2115 1128 t‘evrier
2136 1102 2213 1129 1202.

1312 1186 1418 1217 Miloni,
1436 1186 1567 1221 episcopo
1597 1186 1805 1217 suessionensi,
1832 1185 1959 1221 indulget
1983 1189 2012 1213 ut
2026 1187 2095 1213 duos
2114 1187 2234 1214 clericos
2258 1188 2286 1214 in

1276 1332 1324 1359 fol.
1346 1333 1404 1366 lll,
1420 1338 1449 1358 n⁰
1465 1333 1538 1367 357.)

1317 1452 1331 1471 ((
1365 1442 1486 1477 Miloni,
1517 1442 1660 1481 episcopo
1695 1442 1919 1472 Suessionensi.
1954 1444 2024 1473 Tue
2062 1443 2286 1476 fraternitatis

1277 1495 1426 1531 obtentu,
1460 1495 1522 1525 tibi
1546 1495 1803 1534 obsequentium
1835 1504 2057 1534 personarum
2078 1497 2286 1536 profectibus

1277 1548 1508 1579 favorabiliter
1525 1548 1750 1584 intendentes,
1770 1549 1914 1579 faciendi
1930 1550 2034 1588 recipi
2047 1559 2105 1588 per
2120 1552 2152 1581 te
2163 1551 2214 1581 vel
2229 1560 2287 1590 per

1277 1602 1382 1632 alium
1403 1602 1486 1632 duos
1510 1603 1587 1632 tuos
1613 1602 1754 1632 clericos
1776 1602 1927 1640 ydoneos
1956 1603 1989 1632 in
2011 1603 2119 1633 sancti
2145 1604 2287 1635 Vedasti

1276 1655 1533 1685 Suessionensis
1551 1656 1582 1685 et
1599 1655 1631 1684 in
1642 1654 1738 1685 beate
1753 1655 1857 1685 Marie
1873 1655 1913 1685 de
1926 1655 2050 1693 Monte,
2066 1656 2288 1688 Suessionen·

1277 1708 1325 1738 sis
1344 1708 1501 1743 diocesis,
1521 1707 1687 1744 ecclesiis,
1706 1708 1737 1738 in
1752 1707 1876 1747 quibus
1892 1707 2139 1747 prebendarum
2151 1710 2287 1741 collatio

1277 1761 1319 1791 ad
1334 1763 1366 1792 te
1384 1761 1548 1791 asseritur
1566 1761 1746 1800 pertinere,
1767 1761 1919 1800 singulos
1943 1770 2059 1792 eorum
2078 1762 2235 1794 videlicet
2254 1764 2287 1794 in

1277 1814 1422 1853 singulis
1444 1814 1665 1845 ecclesiarum
1683 1815 1847 1853 ipsarum,
1868 1815 1901 1844 in
1928 1816 2105 1846 canonicos
2124 1818 2155 1847 et
2172 1817 2204 1846 in
2224 1816 2288 1847 fra-

1276 1869 1345 1898 tres
1363 1877 1399 1897 ac
1416 1868 1673 1906 providendieis
1691 1868 1731 1898 de
1751 1868 1895 1907 singulis
1911 1868 2103 1907 prebendis,
2123 1869 2150 1899 si
2170 1871 2287 1900 vacant

1277 1921 1318 1950 ad
1343 1929 1482 1959 presens
1506 1923 1536 1950 in
1561 1921 1687 1950 eisdem
1717 1921 1872 1951 ecclesiis
1895 1921 1947 1951 vel
1976 1922 2227 1960 quamprimum
2245 1923 2287 1953 ad

1277 1974 1310 2003 1-1
1334 1973 1493 2004 obtulerit
1514 1982 1549 2003 se
1567 1973 1721 2009 facultas,
1744 1982 1871 2004 necnon
1895 1976 1925 2004 et
1950 1974 2214 2005 contradictores
2236 1984 2287 2005 su-

1276 2035 1335 2065 per
1365 2026 1425 2056 hoc
1455 2035 1513 2064 per
1539 2034 1717 2056 censuram
1751 2026 2027 2060 ecclesiasticam,
2060 2027 2286 2065 appellatione

1277 2079 1476 2118 postposita,
1503 2079 1750 2117 compescendi,
1782 2088 1846 2109 non
1873 2078 2088 2110 obstantibus
2111 2099 2147 2102 —
2173 2089 2285 2112 conce—

1248 2143 1250 2149 *
1277 2132 1389 2162 dimus
1420 2132 1624 2162 facultatem.
1653 2133 1776 2162 Datum
1803 2133 1891 2171 apud
1919 2132 2209 2170 Urbemveterem,
2242 2143 2286 2164 xv

1277 2185 1440 2215 kalendas
1467 2185 1591 2221 martii,
1615 2194 1701 2215 anno
1718 2185 1828 2216 tertio.
1852 2196 1866 2213 »

1844 2361 1968 2392 Orvieto,
1983 2361 2000 2388 9
2015 2361 2120 2388 [ἐπίοι-
2138 2361 2214 2389 laet.

1369 2363 1463 2393 1308

1313 2446 1407 2477 Petro,
1417 2446 1514 2472 abbati
1525 2445 1692 2472 monasterii
1703 2446 1910 2480 Ageduneusis,
1921 2445 2047 2481 indulget
2059 2449 2087 2473 ut
2099 2446 2168 2473 duos
2177 2446 2287 2481 priora-

1249 2510 1250 2519 1
1277 2497 1355 2520 ratus
1371 2503 1426 2521 non
1445 2494 1645 2521 conventuales
1669 2502 1718 2528 per
1734 2502 1820 2520 unum
1841 2503 1948 2521 amium
1966 2495 2001 2521 ad
2018 2503 2119 2521 manus
2138 2503 2203 2521 suas
2220 2496 2287 2522 reti·

1278 2551 1343 2570 nerc
1364 2544 1466 2571 valcat.
1482 2543 1563 2577 (REG.
1585 2544 1629 2574 29,
1648 2542 1695 2569 t'ol.
1718 2543 1777 2574 111,
1795 2549 1824 2569 n⁰
1841 2544 1919 2576 358.)

1319 2662 1332 2680 a
1345 2651 1447 2687 Petro,
1459 2650 1562 2680 abbati
1576 2651 1752 2680 monasterii
1763 2650 1982 2691 Ayedunensis,
1995 2651 2111 2681 ordinis
2122 2651 2221 2680 sancti
2231 2651 2285 2681 Be-

1279 2704 1398 2740 nedicti,
1424 2704 1642 2734 Lemovicensis
1669 2703 1805 2733 diocesis.
1829 2704 1912 2735 Cum
1930 2706 1961 2734 te
1981 2704 2186 2734 monasterio
2201 2704 2284 2744 Age-

1278 2758 1421 2788 dunensi
1441 2766 1548 2796 nuper
1570 2758 1769 2788 auctoritate
1789 2757 1973 2796 apostolica
1993 2757 2236 2796 prefecerimus
2252 2757 2286 2788 in

1278 2811 1431 2842 abbatem
1450 2813 1481 2841 et
1499 2811 1586 2841 circa
1603 2811 1713 2849 ipsius
1729 2810 1860 2841 edificia
1877 2810 2086 2846 monasterii,
2103 2810 2198 2849 cujus
2214 2810 2286 2841 red·

1277 2864 1368 2895 ditus
1384 2872 1459 2895 esse
1474 2864 1632 2894 dicuntur
1648 2865 1766 2894 tenues
1784 2865 1815 2894 et
1827 2863 1947 2896 exiles,
1961 2865 1992 2894 te
2005 2861 2118 2893 subire
2134 2864 2285 2902 oporteat
