2519 3262
231 239 289 268 154

232 325 332 351 radum
353 325 387 351 de
408 323 568 358 Vult'hagen
593 323 621 350 in
646 323 766 350 ecclesia
794 332 817 350 s.
835 323 962 351 Castoris
987 324 1022 350 de
1049 324 1241 356 Continentia,

232 373 414 400 Trevcrensis
431 372 564 405 diocesis,
583 372 611 399 in
628 372 798 399 canonicum
818 372 905 407 recipi
922 372 1007 400 faciat
1023 373 1104 407 eique
1122 374 1156 399 de
1168 381 1240 408 prae-

234 423 323 449 henda
342 422 498 456 provideat.
517 422 594 455 (Rae.
617 421 660 452 29,
680 421 726 448 fol.
747 422 792 455 99,
810 426 842 448 n⁰
862 422 938 457 288.)

274 546 288 565 «
311 535 509 564 Thema-ario
528 533 650 563 ecclesie
675 543 698 562 S.
723 532 872 562 Jolmnm's
900 532 1083 571 Mosszmlini.
1109 531 1242 562 Consti-

234 590 327 619 tutus
355 589 387 618 in
411 587 582 627 presentia
606 588 722 617 nostra
738 586 882 616 dilectus
900 586 991 616 silius
1008 586 1183 615 Conradus
1202 585 1241 614 de

233 642 423 681 Vulfhagen
453 641 596 671 clericus
629 639 726 670 nobis
757 639 948 677 significare
979 639 1107 669 curavit
1140 638 1241 676 quod,

233 696 311 726 licet
330 703 391 725 nos
418 694 552 724 dilectis
574 693 656 723 filiis
678 693 863 732 preposito,
887 693 1012 723 decano
1039 694 1070 723 et
1095 691 1242 731 capitulo

233 748 373 779 ecclesie
393 756 419 777 s.
441 747 591 778 Castoris
607 746 641 776 in
657 745 879 782 Confluentia‚
897 745 1116 777 Treverensis
1133 744 1240 774 dioce-

234 803 294 836 sis,
313 810 372 840 per
388 802 521 831 nostras
537 800 669 830 litteras
683 799 746 829 sub
762 801 852 830 certa
862 799 968 829 forma
987 807 1102 838 preces
1114 798 1243 828 direxe-

233 855 340 885 rimus
357 855 389 884 et
406 853 564 884 mandata
580 854 616 883 ut
633 852 791 883 clericum
812 853 923 891 ipsum
944 853 976 882 in
1000 852 1197 882 canonicum
1213 851 1244 881 et

233 908 372 938 fratrem
388 907 575 946 reciperent
591 915 628 936 ac
644 905 710 936 sibi
727 906 767 936 de
784 905 954 945 prebenda
975 905 1002 935 si
1023 914 1088 944 qua
1104 905 1136 934 in
1153 904 1242 934 (licta

233 961 387 996 ecelesia,
404 960 437 990 in
452 969 517 999 qua
535 959 781 998 prebendarum
799 959 934 989 collatio
953 958 993 988 ad
1010 967 1067 989 eos
1084 958 1240 996 pertinet,

233 1016 311 1045 tunc
330 1015 464 1044 vacaret
483 1014 535 1044 vel
559 1013 727 1052 quamcito
751 1012 895 1042 facultas
914 1013 1115 1045 occurreret,
1132 1011 1242 1051 provi-

234 1067 360 1104 derent,
379 1066 481 1096 iidem
497 1066 608 1096 tamen
628 1064 834 1104 prepositus,
852 1064 999 1095 decanus
1014 1063 1242 1102 eteapitulum

234 1120 268 1150 id
284 1120 416 1150 efficere
433 1128 498 1149 non
516 1119 687 1155 curarunt,
713 1119 849 1157 propter
865 1117 954 1156 quod
971 1117 1081 1147 dictus
1098 1117 1242 1147 clericus

234 1173 456 1214 apostolicam
470 1173 613 1212 gratiam
626 1173 761 1202 coactus
776 1172 827 1202 est
840 1171 949 1201 denuo
967 1171 1241 1209 implorare.Nos

234 1228 358 1266 itaque,
378 1226 547 1257 laudabile
572 1225 806 1256 testimonium
824 1224 913 1264 quod
936 1224 1045 1254 eidem
1062 1223 1184 1254 clerico
1202 1224 1242 1253 de

233 1281 385 1312 honestis
408 1279 559 1310 moribus
589 1280 621 1310 et
646 1279 778 1309 sincera
803 1278 981 1308 devotione
1003 1277 1089 1307 circa
1116 1286 1177 1308 nos
1211 1279 1242 1307 et

234 1334 421 1364 Romanam
450 1333 627 1363 ecclesiam
644 1332 852 1371 perhibetur,
878 1332 996 1361 affectu
1017 1331 1173 1361 benivolo
1195 1332 1242 1360 at-

234 1387 408 1417 tendentes
425 1395 461 1416 ae
480 1387 615 1425 propter
631 1385 691 1415 hoe
714 1385 865 1414 volentes
882 1383 947 1413 sibi
970 1383 1113 1422 gratiam
1134 1383 1242 1413 facere

234 1440 426 1479 specialem,
438 1439 698 1469 discretionitue
716 1438 915 1468 mandamus
932 1437 1098 1475 quatenus
1116 1436 1243 1466 dictum

233 1493 392 1524 clericum
417 1493 448 1522 in
465 1492 595 1531 prefata
612 1491 754 1522 ecelesia
778 1499 837 1529 per
854 1492 885 1521 te
902 1490 955 1520 vel
973 1498 1032 1528 per
1048 1489 1153 1519 alium
1171 1498 1243 1519 auc-

232 1547 368 1577 toritate
388 1548 503 1576 nostra
522 1545 555 1575 in
576 1545 775 1575 canonicum
794 1545 825 1574 et
845 1543 982 1573 fratrem
1008 1543 1111 1581 recipi
1136 1543 1241 1573 facias

233 1600 331 1638 eique
350 1599 389 1629 de
403 1598 573 1637 prebenda
584 1597 774 1636 provideas,
787 1597 885 1635 juxta
903 1596 1054 1635 priorum
1071 1595 1242 1625 continen-

233 1653 316 1683 tiam
342 1652 544 1687 litterarum,
569 1660 633 1681 non
663 1650 816 1681 obstante
844 1668 892 1678 —.
917 1650 1042 1680 Datum
1072 1648 1159 1687 apud
1183 1649 1243 1678 Ur-

233 1706 472 1741 bemveterem,
489 1714 546 1734 viii
564 1704 727 1735 kalendas
745 1703 917 1739 februarii,
936 1711 1021 1733 anno
1036 1702 1147 1733 tertio.
1168 1712 1182 1730 >³

326 1897 417 1927 1241

766 1893 893 1924 Orvieto,
914 1893 942 1920 13
960 1893 1073 1929 janvicr
1092 1894 1168 1920 1204.

270 1981 310 2006 Ad
339 1987 436 2014 preces
451 1978 577 2013 episcopi
604 1981 630 2005 et
647 1977 764 2012 capituli
784 1977 960 2005 Dolensium.
980 1978 1093 2004 Dolensi
1109 1977 1243 2012 episcopo

236 2030 353 2056 maudut
370 2032 397 2056 ut
427 2027 599 2062 magistrum
623 2027 776 2054 Robertum
794 2028 829 2053 de
847 2027 943 2059 Porta,
968 2026 1121 2053 officialem
1146 2026 1243 2053 Dolen-

235 2086 308 2112 sem,
327 2078 354 2104 in
368 2077 489 2104 ccclesia
512 2076 638 2108 nolensi,
656 2076 684 2102 iu
708 2084 763 2110 qua
787 2076 822 2102 ad
841 2076 975 2101 eumdem
995 2075 1163 2109 episcopum
1185 2075 1243 2102 col·

235 2127 304 2154 latio
318 2127 443 2161 pertinet
463 2126 693 2160 praebendarum,
712 2124 739 2151 in
758 2124 927 2151 canonicum
953 2124 1041 2158 recipi
1061 2124 1145 2151 saciat
1160 2124 1243 2159 eique

235 2177 269 2203 de
285 2176 435 2211 praehenda
453 2175 610 2210 provideat.
629 2175 707 2209 (Rae.
722 2175 766 2201 29.
788 2173 836 2200 sol.
852 2174 897 2201 99,
915 2178 943 2199 n⁰
956 2174 1031 2207 280.)

275 2296 289 2315 «
307 2286 464 2326 Episcopo
489 2285 620 2315 Dolensi.
642 2285 706 2314 Per
728 2285 859 2314 vestras
879 2284 1031 2322 patentes
1049 2301 1098 2311 —.
1119 2283 1242 2312 Datum

236 2340 323 2379 apud
342 2339 630 2375 Urbemveterem,
646 2337 723 2368 idus
739 2337 899 2376 januarii,
920 2344 1005 2366 anno
1023 2335 1133 2366 tertio.
1156 2345 1171 2364 »

328 2532 422 2563 1242
772 2527 897 2562 Orvieto,
913 2528 946 2555 28
960 2526 1071 2563 jam-ier
1094 2526 1169 2553 leot.

270 2615 378 2647 Bclam,
394 2622 492 2650 regem
512 2613 673 2649 llungaria‘,
698 2613 733 2640 ab
748 2612 891 2640 affinitate
906 2620 938 2640 ac
955 2611 1032 2639 omni
1051 2611 1157 2638 t'oedere
1175 2619 1241 2638 cum

234 2664 361 2692 Tartaris
387 2664 511 2690 ineundo
538 2663 715 2690 dehortatur.
749 2663 828 2697 (nim.
850 2663 894 2693 29,
923 2661 971 2688 fol.
998 2661 1032 2688 90
1061 2665 1100 2691 νο,
1123 2666 1151 2687 n⁰
1174 2661 1241 2692 290}

235 2714 392 2741 Porrmsr.
415 2713 523 2745 18792.)

273 2833 290 2854 ((
309 2822 471 2854 Carissimo
495 2822 524 2851 in
548 2821 668 2852 Christo
691 2821 756 2861 filio
776 2820 856 2855 Bele,
875 2819 990 2850 illustri
1008 2819 1073 2858 reqi
1095 2819 1239 2859 anorie.

234 2877 297 2908 Per
332 2876 410 2906 facti
439 2875 642 2906 evidentiam
672 2892 719 2905 —.
748 2875 872 2905 Datum
901 2873 989 2913 apud
1023 2872 1239 2904 Urbemvete-

234 2938 316 2966 rem,
339 2940 355 2959 v
369 2928 532 2960 kalendas
550 2928 722 2962 februarii,
745 2936 830 2958 anno
848 2927 958 2958 tertio.
978 2935 995 2956 »

984 237 1227 269 REGISTRES
1255 237 1468 269 D'URBAIN
1497 237 1554 267 IV.

1336 323 1365 349 ln
1395 323 1516 348 eundem
1546 322 1663 348 modum
1691 320 1844 348 carissimo
1874 320 1902 347 in
1937 319 2049 347 Christo
2079 320 2138 347 silio
2167 320 2308 356 Stephano

1299 371 1370 405 regi,
1388 371 1583 405 primogenito
1604 369 1752 397 karissimi
1770 370 1798 396 in
1815 369 1929 396 Christo
1944 369 1997 396 filii
2017 369 2107 396 nostri
2124 369 2168 400 B.‚
2184 369 2309 405 Ungaric

1299 421 1374 455 regis
1392 420 1513 447 illustris
1543 420 1622 454 (Rea.
1638 420 1683 450 ⁶29,
1702 418 1750 445 sol.
1767 419 1802 445 99
1819 422 1858 450 v⁰‚
1876 424 1905 445 n⁰
1920 419 1996 449 291.)

1335 518 1365 543 ln
1381 517 1502 543 eundem
1524 517 1641 543 modum
1659 515 1883 550 archiepiscopis
1900 518 1928 542 et
1951 514 2096 550 episcopis
2113 514 2234 549 aliisque
2248 523 2311 550 prc-

1300 566 1366 593 latis
1382 565 1570 592 ecclesiarum
1592 573 1642 599 per
1662 572 1783 600 regnum
1801 564 1925 599 Ungarie
1943 564 2180 591 constitutarum.

1394 746 1487 777 1243
1863 744 1987 776 Orvieto,
2001 745 2017 771 2
2035 743 2140 770 seri-ier
2159 744 2240 771 2265.

1335 829 1418 860 Belze,
1438 830 1498 865 regi
1517 830 1672 864 llungurie.
1688 830 1786 856 scribit
1805 837 1834 856 se
1847 829 1993 856 audivisse
2014 840 2028 855 «
2046 830 2131 864 quod.
2148 830 2224 856 inter
2240 831 2267 856 te
2278 837 2312 856 ac

1300 878 1474 913 Stephanum
1494 887 1592 914 regem
1612 879 1837 913 primogenitum
1857 879 1982 906 materia
1996 878 2184 906 dissensionis
2201 881 2310 909 exorta,

1300 928 1360 963 ipse
1378 931 1478 955 contra
1495 931 1522 955 te
1546 929 1742 955 Cumanorum
1766 931 1852 962 tuque
1878 931 1980 955 contra
1995 936 2060 954 eum
2078 935 2257 963 paganorum
2276 928 2311 954 de

1300 977 1418 1004 Livonia
1437 980 1463 1005 et
1485 978 1606 1004 aliorum
1628 976 1787 1004 infidelium
1812 977 1971 1004 vicinorum
1995 977 2134 1004 auxilium
2160 976 2312 1004 intenditis

1299 1025 1432 1053 invocare
1449 1035 1481 1054 ac
1498 1026 1633 1053 hostilem
1651 1034 1839 1061 congressum
1857 1026 1892 1052 ad
1910 1025 2035 1053 invicem
2052 1025 2186 1060 experiri.
2203 1025 2314 1052 »Obse-

1299 1078 1359 1102 crat
1382 1083 1446 1101 eum
1470 1084 1503 1102 ac
1528 1075 1616 1102 etiam
1638 1075 1689 1102 sub
1714 1083 1796 1110 poena
1822 1074 2133 1102 excommunicationis
2151 1074 2176 1101 ei
2202 1073 2314 1101 inhibet

1298 1125 1452 1159 quominus
1480 1125 1514 1150 ad
1540 1126 1600 1151 tam
1628 1124 1741 1151 crudele
1777 1124 1954 1158 propositum
1985 1123 2182 1158 exequendum
2216 1122 2312 1158 aliquo

1300 1174 1384 1200 modo
1398 1174 1542 1208 procedat.
1561 1174 1638 1208 (Rae.
1658 1174 1703 1203 29,
1723 1172 1770 1200 sol.
1795 1173 1854 1205 100,
1870 1178 1899 1199 n⁶
1914 1172 1966 1199 292
1981 1182 1986 1202 ;
2002 1173 2162 1199 Porriiasr.
2184 1171 2292 1205 18796.)

1341 1293 1356 1312 ((
1374 1282 1454 1318 Bele²
1475 1282 1586 1311 illustri
1605 1282 1668 1322 reqi
1689 1282 1837 1322 Unqczrie.
1855 1282 1969 1313 Nimis
1985 1281 2168 1321 aliquando
2186 1281 2310 1312 fuit—.

1301 1336 1425 1366 Datum
1456 1336 1543 1374 apud
1582 1335 1872 1371 Urbemveterem,
1907 1345 1956 1364 1¹11
1991 1343 2097 1365 nonas
2134 1334 2309 1371 februarii,

1301 1398 1388 1419 anno
1408 1389 1519 1419 tertio.
1540 1400 1554 1417 >i

1337 1496 1367 1522 In
1383 1503 1408 1522 e.
1431 1504 1469 1521 m.
1494 1494 1638 1529 Stephano
1665 1494 1735 1528 regi.
1759 1493 1955 1529 primogenito
1978 1493 2124 1520 carissimi
2145 1493 2174 1520 in
2199 1491 2314 1520 Christo

1301 1544 1351 1571 filii
1372 1544 1447 1575 Bcle,
1464 1543 1588 1578 Ungarie
1605 1544 1680 1578 regis
1700 1543 1833 1570 illustris.

1394 1732 1489 1763 1244

1918 1728 2042 1760 Orvieto,
2056 1729 2090 1756 29
2103 1728 2217 1764 jam-ier
2235 1727 2314 1755 1264.

1337 1815 1429 1843 Fratri
1451 1815 1574 1842 Johanni
1593 1815 1627 1841 de
1649 1814 1779 1841 Limeriis
1793 1814 1911 1841 domum
1932 1814 1966 1840 de
1981 1813 2119 1840 Fontanis
2137 1813 2188 1840 sub
2203 1812 2313 1839 Monte-

1301 1864 1452 1895 Desiderii,
1479 1873 1543 1890 cum
1569 1863 1700 1898 grangia,
1721 1863 1832 1898 juribus
1855 1865 1881 1890 et
1904 1862 2089 1897 pertinentiis
2110 1861 2180 1893 suis,
2207 1860 2315 1888 ordinis

1302 1914 1410 1940 Militiae
1424 1913 1545 1947 Templi,
1567 1912 1769 1939 Ainbiancnsis
1786 1911 1919 1940 diocesis.
1943 1912 2034 1946 quoad
2051 1910 2166 1943 vixerit,
2188 1909 2315 1936 retinen-

1301 1963 1367 1989 dam
1385 1962 1505 1994 confert,
1532 1962 1571 1988 ita
1598 1964 1695 1988 tamen
1713 1961 1787 1995 quod
1812 1960 1979 1994 praeceptori
2003 1960 2156 1986 domorum
2183 1958 2312 1994 ejusdem

1300 2011 1409 2037 ordinis
1434 2011 1461 2037 in
1480 2010 1598 2037 Francia
1627 2018 1676 2044 pro
1697 2009 1833 2044 pra‘dicta
1854 2010 1940 2035 domo
1965 2008 2109 2042 persolvat
2141 2010 2312 2034 consuetam

1300 2068 1427 2086 annuam
1445 2059 1623 2094 pensionem.
1641 2060 1717 2089 illae.
1737 2058 1781 2087 20,
1802 2058 1848 2084 sol.
1872 2058 1928 2089 100,
1948 2063 1978 2083 n⁰
1991 2058 2070 2088 293.)

1342 2182 1357 2200 (i
1376 2171 1482 2200 Fratri
1504 2170 1637 2200 Johmmi
1663 2170 1698 2199 de
1723 2170 1874 2202 Limeriis‚
1896 2169 2015 2198 ordinis
2042 2168 2154 2198 ,llilitie
2183 2167 2312 2208 Templi,

1301 2224 1453 2264 quondam
1484 2223 1663 2253 maresvan-0
1684 2228 1796 2252 ηοεΙι-ο.
1817 2223 1999 2253 Devotioni
2017 2224 2073 2252 tue
2089 2221 2242 2252 volentes
2259 2239 2309 2249 —.

1302 2278 1426 2308 Datum
1444 2277 1531 2315 apud
1558 2276 1847 2310 Urbemveterem.
1868 2285 1916 2305 1111
1944 2275 2108 2305 kalendas
2133 2274 2309 2308 februarii,

1302 2340 1387 2361 anno
1404 2331 1515 2361 tertio.
1536 2341 1550 2359 »

1394 2523 1486 2554 1245
1845 2519 1969 2552 Orvieto,
1984 2518 2018 2546 29
2029 2518 2144 2554 janvier
2161 2518 2237 2545 1264.

1336 2605 1528 2640 infrascriptis
1552 2605 1723 2640 supradictae
1737 2603 1898 2632 collationis
1919 2603 2118 2631 executionem
2139 2601 2310 2630 committit.

1300 2656 1377 2691 (lieo.
1396 2656 1443 2689 229,
1462 2654 1510 2681 sol.
1534 2655 1582 2681 loo
1600 2658 1639 2680 νῦ,
1657 2659 1687 2680 n⁶
1700 2653 1776 2680 204.)

1339 2775 1353 2793 α
1374 2764 1532 2804 Episcopo
1549 2769 1575 2794 e!
1594 2763 1702 2793 dilecto
1719 2763 1785 2803 filio
1811 2763 1958 2802 moyistro
1975 2761 2114 2801 Badulso
2141 2760 2176 2792 de
2191 2761 2308 2792 Benea-

1295 2827 1352 2858 pre
1367 2818 1510 2848 canonico
1531 2816 1796 2848 Ambioncnsibus.
1814 2815 1946 2846 Dilecto
1965 2815 2036 2846 filio
2055 2815 2152 2845 fratri
2171 2832 2221 2845 —.
2242 2814 2308 2845 Da-

1297 2873 1367 2902 tum
1382 2871 1469 2910 apud
1484 2870 1773 2903 Urbemveterem,
1789 2879 1837 2899 ιιιι
1851 2868 2015 2899 kalendas
2028 2867 2203 2904 februarii,
2219 2875 2305 2898 anno

1297 2925 1408 2956 tertio.
1429 2934 1444 2953 »
