2519 3262
238 222 293 252 188

235 309 332 338 nostri
348 308 397 344 G.,
414 305 498 337 tituli
512 305 609 335 sancti
626 303 722 332 Marci
738 300 907 342 presbyteri
925 298 1103 329 cardinalis.
1119 298 1238 336 Nuper

236 362 357 392 dilecto
375 360 444 390 silio
459 358 653 391 Guillelmo,
672 355 814 386 Metensi
831 354 948 386 616610,
965 354 1041 383 31116
1057 350 1239 390 promotio-

236 422 312 445 nem
332 422 438 448 suam,
452 411 682 442 canonicatum
700 407 861 439 Metensis
879 406 1019 437 ecclesie
1037 414 1112 435 cum
1131 403 1235 442 pleni-

235 467 351 498 tudine
369 465 451 504 juris
472 463 622 494 canonici
643 463 674 492 et
692 460 895 500 prebendam
916 459 945 489 si
965 467 1030 497 qua
1048 459 1127 488 tunc
1144 464 1240 486 vaca-

235 519 291 550 bat
307 519 444 554 ibidem,
465 516 669 547 contulimus
686 516 717 544 et
736 513 946 552 providimus
963 512 1003 541 de
1020 511 1091 540 illis
1109 510 1239 548 ipsum-

236 581 298 611 que
318 580 376 610 per
400 572 551 601 nostrum
579 568 717 599 anulum
741 566 978 596 investivimus
999 565 1038 594 de
1058 563 1186 593 eisdem
1204 570 1240 591 ac

234 624 529 665 prebendam'jtunc
540 621 693 661 proximo
707 621 740 650 in
754 620 870 650 eadem
880 618 1019 649 ecclesia
1033 618 1238 651 vacaturam,

235 679 263 709 si
291 678 383 708 nulla
409 677 443 707 in
470 676 585 707 eadem
613 674 755 705 ecclesia
780 674 859 703 tunc
886 671 1035 706 vacabat,
1064 668 1239 700 donationi

234 731 417 770 apostolice
434 730 693 763 reservavimuS‚
710 727 815 757 electo
827 724 1061 755 conferendam
1072 722 1193 758 eidem,
1208 722 1240 751 et

235 784 443 814 decrevimus
458 782 591 812 irritum
610 783 642 811 et
664 780 762 810 inane
779 779 808 809 si
827 787 923 809 secus
937 778 976 807 de
995 775 1164 816 prebenda
1180 774 1241 804 hu-

231 837 379 876 jusmodi
406 835 591 874 apostolica
611 834 662 864 vel
681 833 748 863 alia
764 832 883 871 quavis
900 830 1099 861 auctoritate
1121 838 1138 858 a
1159 836 1240 866 (1110-

234 898 332 929 (1113111
353 882 558 927 contingeret
574 886 780 925 attemptari.
798 885 949 914 volentes
967 879 1077 922 ipsu'm
1095 882 1240 912 electum

234 943 391 973 omnibus
404 951 464 981 pro
479 941 602 981 quibus
621 940 868 978 scripseramus
886 938 918 967 in
933 937 1083 976 predicta
1098 935 1241 966 ecclesia

234 997 265 1027 et
280 996 313 1026 in
332 1004 369 1026 ea
386 995 541 1034 receptis,
555 993 739 1033 apostolica
748 992 800 1022 vel
813 992 879 1022 alia
893 990 1014 1030 quavis
1024 989 1238 1025 auctoritate,

234 1052 265 1080 61
291 1051 326 1080 111
343 1049 570 1088 reciperentur
592 1046 842 1083 insistentibus,
860 1045 894 1075 in
911 1043 1079 1083 prebende
1103 1051 1238 1073 assecu-

233 1103 323 1134 tione
348 1102 502 1142 preferri,
523 1102 624 1132 certis
641 1099 707 1130 sibi
730 1107 831 1138 super
851 1098 912 1128 1106
934 1106 993 1136 per
1017 1098 1150 1126 nostras
1177 1095 1239 1126 sub

235 1158 324 1186 certa
350 1156 456 1185 torma
477 1155 609 1185 litteras
634 1152 872 1183 executoribus
891 1150 1072 1190 deputatis.
1088 1150 1236 1185 Quarum

234 1209 442 1245 auctoritate,
458 1209 653 1247 procurator
667 1206 746 1236 dicti
759 1206 868 1241 electi,
881 1205 953 1243 ejus
972 1204 1118 1238 nominc,
1135 1203 1167 1232 in
1187 1211 1239 1232 ea-

235 1262 309 1293 dem
328 1262 469 1292 ecclesia
494 1262 648 1299 receptus
677 1259 790 1290 extitit
811 1257 969 1288 canonice
987 1257 1021 1287 in
1041 1256 1238 1287 canonicum

235 1316 267 1346 et
287 1315 319 1345 in
339 1315 486 1346 fratrem.
509 1314 622 1349 Porro,
647 1313 734 1342 dicto
754 1312 858 1342 electo
877 1311 915 1341 ad
936 1311 1084 1350 regimen
1100 1309 1239 1339 ecclesie

234 1370 417 1399 memorate
442 1369 607 1407 promoto,
633 1374 694 1396 nos
711 1365 853 1404 gratiam
872 1365 905 1394 iu
924 1365 983 1394 1106
1000 1363 1062 1393 sibi
1081 1362 1202 1392 factam
1223 1371 1241 1392 a

234 1421 332 1452 nobis
357 1422 387 1451 61
408 1421 464 1459 jus
487 1420 574 1459 quod
597 1419 625 1449 ei
648 1427 689 1449 ex
710 1418 900 1456 receptione
918 1416 1110 1455 hujusmodi
1133 1416 1239 1445 suerat

235 1474 450 1513 acquisitum,
465 1473 613 1504 totaliter
631 1473 665 1502 111
681 1472 839 1501 dilectum
857 1471 963 1500 silium
978 1469 1173 1505 Hem-icum,
1186 1476 1241 1498 ne-

234 1529 345 1566 potem
372 1527 483 1557 dilecti
505 1526 564 1556 tilii
590 1525 695 1556 nostri
717 1524 771 1559 G„
793 1523 881 1554 tituli
901 1523 1006 1553 sancti
1023 1522 1126 1553 Marci
1150 1530 1241 1561 pres-

233 1580 343 1619 byteri
371 1580 564 1615 cardinalis,
594 1580 755 1609 rectorem
784 1577 924 1607 ecclesie
949 1577 988 1606 de
1010 1575 1239 1614 Flavigniaco,

234 1633 471 1664 Lautlunensis
484 1632 640 1667 diocesis,
655 1631 892 1661 transtulimus
906 1630 944 1660 de
961 1629 1067 1669 gratia
1084 1628 1236 1667 speciali,

235 1687 385 1717 volentes
407 1688 440 1716 ut
464 1688 584 1716 extunc
607 1686 695 1716 esset
721 1684 901 1715 eanonicus
926 1683 1054 1722 prefate
1075 1682 1238 1712 Metensis

235 1740 387 1774 ecclesie,
407 1749 443 1770 36
462 1740 554 1769 1111115
567 1738 706 1770 ecclesie
722 1737 902 1768 canonicus
920 1746 953 1766 re
971 1738 1002 1767 et
1018 1736 1151 1766 nomine
1167 1744 1239 1766 cen-

235 1795 365 1823 seretur
383 1796 414 1823 et
431 1793 463 1822 in
479 1801 516 1822 63
529 1793 765 1830 assequeretur
779 1790 982 1829 prebendam
1003 1797 1066 1828 que
1078 1789 1166 1818 dicto
1186 1788 1239 1818 de-

235 1846 368 1876 beretur
394 1846 510 1882 616610,
538 1845 566 1875 si
586 1844 819 1875 canonicatmu
843 1843 1008 1873 tenuisset
1028 1842 1167 1872 ecclesie
1187 1850 1240 1871 su-

236 1899 394 1937 pradicte.
410 1899 493 1929 Cum
514 1899 614 1937 igitur
634 1900 700 1928 tam
717 1897 824 1927 eidem
843 1896 1004 1926 cardinali
1022 1904 1122 1934 quam
1142 1894 1239 1925 nobis

235 1953 290 1982 tue
315 1952 445 1982 meritis
472 1951 633 1981 bonitatis
652 1952 767 1989 gratus
788 1951 819 1980 et
836 1950 992 1987 acceptus
1015 1949 1154 1983 existas,
1176 1956 1235 1977 nos

234 2006 371 2044 proptor
385 2004 446 2034 1106
463 2004 612 2034 volentes
626 2005 670 2040 te,
689 2003 819 2033 nullum
837 2002 1014 2032 habentem
1034 2001 1240 2031 ecclesiasti-

235 2066 309 2088 cum
324 2056 701 2095 beneficium,prosequi
714 2055 1112 2095 gratiose,canonicatum
1130 2053 1239 2091 ipsius

235 2110 396 2141 Metensis
416 2110 555 2140 ecclesie
567 2119 640 2139 cum
657 2108 966 2148 ι1111151116111111111116
988 2107 1239 2142 6311011161,116(·-

235 2172 298 2193 non
323 2165 353 2193 ct
379 2163 583 2202 prebendam
611 2163 639 2192 si
667 2171 731 2201 qua
754 2162 787 2191 iu
811 2161 884 2200 ipsa
909 2161 1051 2191 ecclesia
1076 2161 1170 2190 vacat
1199 2159 1238 2189 ad

234 2225 384 2255 presens,
398 2216 456 2246 illa
475 2217 648 2246 dumtaxat
666 2217 816 2254 excepta,
830 2215 868 2244 (16
889 2216 1013 2253 (1113,111
1031 2213 1237 2252 premissum

234 2271 296 2304 est,
317 2270 612 2308 1115111111131111115
627 2268 883 2307 providendum,
901 2267 961 2298 tibi
980 2267 1187 2297 conferimus
1208 2268 1239 2296 et

233 2323 450 2362 providemus
469 2323 508 2352 de
534 2323 630 2361 ipsis,
660 2324 758 2360 teque
783 2330 840 2359 pcr
860 2323 1011 2351 nostrum
1035 2320 1172 2350 anulum
1193 2321 1239 2349 in-

233 2376 407 2406 vestimus.
426 2375 460 2407 Si
479 2384 557 2406 vero
583 2375 675 2405 nulla
694 2374 887 2413 hujusmodi
907 2373 1075 2412 prebenda
1098 2382 1184 2403 nunc
1204 2373 1237 2402 in

233 2429 374 2459 66616513
384 2430 476 2458 vacat
494 2428 632 2467 prefata,
653 2437 713 2458 nos
730 2427 932 2466 prebendam
952 2427 1144 2456 immediate
1162 2428 1236 2465 post

233 2481 326 2511 illam
341 2490 440 2520 quam
458 2489 517 2520 pro
536 2481 652 2511 eodem
672 2481 714 2511 1⁷1.
730 2480 980 2510 reservavimus
998 2480 1030 2509 iu
1049 2480 1163 2509 eadem
1184 2488 1236 2510 66-

233 2534 346 2571 616513,
360 2536 564 2571 vacaturam,
577 2534 812 2565 cont'ereudam
831 2533 891 2564 tibi
910 2533 1082 2563 donationi
1102 2535 1237 2572 3110510-

231 2586 294 2617 lice
320 2589 541 2622 reservantes,
560 2588 772 2618 decernimus
792 2587 924 2617 irritum
943 2588 973 2617 et
992 2586 1092 2616 inane
1111 2588 1136 2615 si
1155 2587 1236 2625 quid

232 2640 271 2671 de
285 2640 355 2679 ipsa
368 2642 481 2671 contra
491 2640 682 2679 hujusmodi
696 2641 958 2670 reservationem
975 2641 1122 2669 nostram
1137 2648 1235 2678 apos-

230 2691 330 2724 101163
345 2693 396 2724 vel
412 2694 477 2723 alia
489 2694 607 2732 quavis
621 2694 819 2724 auctoritate
833 2693 1009 2732 contigerit
1023 2694 1235 2731 attemptari,

231 2754 295 2776 non
311 2746 524 2777 obstantibus
543 2765 589 2775 —.
604 2747 697 2778 Nulli
715 2756 792 2786 ergo
810 2748 922 2777 nostre
934 2746 1152 2784 provisionis,
1168 2746 1235 2776 col-

230 2799 378 2835 lationis,
414 2799 621 2836 iuvestiture,
651 2800 890 2830 reservationis
918 2801 950 2830 et
979 2799 1236 2829 constitutionis

230 2854 291 2882 616.
311 2853 431 2883 Datum
455 2853 541 2891 apud
560 2853 845 2890 Urbemveterem‚
873 2863 893 2882 ιι
916 2852 1077 2883 kalendas
1103 2853 1234 2887 martii,

229 2913 315 2936 anno
335 2906 445 2936 tertio.
466 2918 480 2932 »

980 211 1225 244 REGISTRES
1253 210 1467 242 D'URBAIN
1497 210 1555 241 IV.

1838 293 1963 325 Orvieto,
1980 294 2014 322 29
2031 293 2136 321 fe'vrier
2152 294 2230 322 1264.

1385 297 1482 328 1364

1332 381 1428 407 Electo
1445 380 1565 406 Metensi
1583 380 1701 406 mandat
1715 381 1745 406 ut
1759 379 1944 407 Guillelmum
1960 379 2070 406 Nicolai
2088 379 2123 405 de
2136 379 2245 409 Trecis,
2258 388 2305 406 ca-

1296 428 1438 463 pellanum
1450 429 1469 455 G
1485 448 1492 459 ‚
1506 429 1580 455 tituli
1595 437 1618 455 5.
1633 429 1717 455 Marci
1729 428 1886 463 presbyteri
1896 428 2062 461 cardinalis,
2077 428 2106 455 in
2116 427 2237 455 ecelesia
2247 427 2305 455 Me-

1295 477 1369 504 tensi
1386 477 1413 504 in
1425 477 1595 504 canonicum
1612 477 1698 511 recipi
1716 477 1813 504 saciat.
1830 477 1908 507 (unc.
1929 478 1974 508 29,
1993 476 2040 503 sol.
2060 477 2110 504 120
2123 481 2162 507 νο,
2182 481 2214 502 n⁰
2229 477 2306 511 414.)

1336 590 1351 610 «
1377 580 1486 610 Electo
1509 580 1647 610 Melensi.
1671 581 1786 619 Nuper
1813 579 1874 610 tibi
1903 581 1964 610 etc.
1992 597 2039 609 —.
2063 579 2186 609 Datum
2215 579 2306 618 apud

1297 633 1584 667 Urbemveterem,
1602 642 1622 663 11
1642 633 1805 663 kalendas
1823 632 1947 668 martii,
1969 641 2055 663 anno
2073 632 2184 662 tertio.
2208 643 2222 660 »

1839 816 1964 847 Orvieto,
1980 818 2015 843 20
2033 816 2136 843 sevrier
2155 815 2233 842 1264.

1387 820 1483 851 1365

1331 902 1463 933 ilenrico,
1495 901 1591 936 nepoti
1613 902 1653 932 Gt,
1686 901 1762 928 tituli
1795 909 1818 927 s.
1842 901 1927 927 Marci
1960 900 2120 935 presbyteri
2137 899 2307 933 cardinalis,

1297 951 1399 978 rectori
1418 950 1554 978 ccclesiae
1571 951 1604 977 dc
1621 949 1761 984 Flavigni,
1784 949 1980 976 Laudunensis
1997 948 2130 982 diocesis,
2156 947 2308 976 canonica-

1297 1002 1357 1026 tum
1376 999 1513 1026 eeclesiae
1529 999 1664 1025 Metensis
1682 998 1803 1025 confert.
1827 999 1908 1031 (1136.
1928 998 1971 1029 29,
1990 998 2037 1024 sol.
2064 997 2122 1028 121,-
2145 1001 2177 1023 11⁰
2197 997 2271 1029 415)

1337 1111 1351 1129 ((
1373 1099 1512 1136 llenrico,
1542 1101 1647 1139 116ροίί
1666 1099 1771 1129 dilecti
1792 1099 1853 1139 filii
1879 1099 1986 1136 nostri,
2003 1099 2078 1138 (sic)
2105 1098 2187 1127 tituli
2207 1099 2306 1128 sancti

1298 1153 1394 1182 Marci
1419 1152 1593 1193 presbyleri
1611 1151 1791 1188 cardinalis,
1814 1152 1926 1181 rectori
1944 1151 2065 1181 ecclesie
2094 1151 2130 1181 de
2147 1150 2302 1191 Flac-iqui,

1298 1206 1503 1235 Laudunensis
1522 1206 1659 1235 diocesis.
1677 1205 1824 1235 Grandis
1846 1205 1985 1235 affectus
2006 1213 2105 1243 quem
2129 1204 2169 1235 ad
2191 1213 2308 1243 perso-

1298 1269 1374 1289 nam
1385 1259 1499 1289 dilecti
1511 1259 1571 1288 filii
1588 1259 1695 1289 nostri
1706 1258 1759 1294 G.⁷
1773 1258 1862 1288 tituli
1879 1258 1985 1288 sancti
1998 1258 2100 1288 Marci
2112 1257 2303 1297 presbyteri

1299 1312 1492 1348 cardinalis,
1513 1312 1673 1351 gerimus,
1694 1320 1754 1341 nos
1782 1311 1910 1341 inducit
1927 1312 1961 1340 ut
1984 1311 2024 1340 ad
2043 1318 2136 1347 suos,
2159 1310 2232 1349 ejus
2260 1311 2309 1341 in—

1297 1366 1396 1399 tuitu,
1408 1365 1593 1404 apostolice
1605 1364 1813 1403 provisionis
1823 1364 1965 1404 gratiam
1976 1363 2210 1394 extendamus.
2223 1364 2309 1395 Sane

1297 1427 1403 1457 nuper
1421 1418 1542 1448 dilecto
1560 1418 1630 1448 filio
1641 1417 1837 1454 Guillelmo,
1856 1417 1998 1448 Metensi
2011 1417 2128 1455 electo,
2143 1418 2220 1448 ante
2234 1426 2310 1457 pro-

1297 1471 1481 1502 motionem
1504 1471 1624 1509 1115135,
1640 1471 1875 1501 canonicatum
1891 1470 2054 1500 Metensis
2069 1470 2307 1507 ecclesie‚eum

1296 1525 1507 1563 plenitudine
1522 1524 1611 1563 juris
1629 1524 1792 1560 canonici,
1813 1526 1843 1554 et
1862 1523 2078 1562 prebendam,
2098 1524 2127 1553 si
2145 1532 2211 1563 qua
2228 1526 2306 1554 tunc

1297 1577 1435 1608 vacabat
1456 1577 1594 1612 ibidem,
1608 1577 1815 1607 contulimus
1836 1579 1864 1607 et
1889 1577 2100 1615 providimus
2124 1576 2165 1607 de
2189 1577 2248 1607 illa
2267 1585 2305 1608 ac

1296 1631 1408 1670 ipsum
1436 1631 1674 1660 investivimus
1694 1639 1752 1669 per
1770 1631 1921 1660 nostrum
1948 1629 2086 1659 anulum
2105 1630 2145 1659 de
2163 1629 2306 1661 eisdem.

1296 1684 1330 1715 Si
1347 1693 1424 1714 vero
1448 1686 1527 1714 tunc
1557 1683 1671 1722 aliqua
1696 1683 1925 1722 prebendain
1949 1682 2035 1713 dicta
2064 1682 2208 1713 ecclesia
2241 1691 2307 1714 non

1297 1737 1448 1774 vacabat,
1467 1746 1527 1767 nos
1545 1736 1749 1775 prebendam
1770 1737 1802 1766 in
1826 1736 1900 1775 ipsa
1919 1736 2061 1766 ecclesia
2080 1736 2234 1774 proxima
2250 1745 2308 1767 va-

1297 1792 1446 1821 caturam
1462 1790 1699 1820 confereudam
1715 1790 1823 1820 eidem
1850 1789 1955 1820 electo
1976 1789 2149 1819 donationi
2175 1791 2308 1829 aposto-

1297 1844 1359 1875 lice
1381 1843 1829 1879 reservantes,decrevimus
1847 1843 1978 1872 irritum
1997 1844 2027 1872 61
2048 1843 2145 1873 inane
2163 1842 2191 1873 si
2209 1851 2308 1874 secus

1297 1897 1337 1927 de
1354 1897 1523 1936 prebenda
1543 1896 1735 1934 hujusmodi
1749 1895 1933 1934 apostolica
1952 1895 2001 1925 vel
2017 1895 2083 1925 alia
2094 1895 2214 1934 quavis
2232 1904 2308 1926 aue-

1296 1950 1432 1980 toritate
1450 1958 1468 1979 a
1482 1958 1650 1988 quoquam
1670 1948 1845 1987 contigerit
1864 1949 2068 1987 attemptari,
2086 1957 2121 1979 ac
2135 1948 2308 1979 voluimus

1296 2003 1484 2042 predictum
1509 2002 1651 2031 electum
1669 2001 1827 2031 omnibus
1845 2010 1903 2039 pro
1918 2000 2041 2039 quibus
2059 2001 2308 2040 scripseramus

1297 2057 1330 2086 111
1345 2056 1495 2095 111-6111613
1519 2055 1671 2087 66616513,-
1693 2054 1835 2092 receptis
1857 2053 2042 2092 apostolica
2069 2054 2122 2084 vel
2142 2054 2209 2084 alia
2227 2064 2306 2094 qua-

1296 2117 1438 2147 cumque
1460 2108 1659 2138 auctoritate
1692 2111 1720 2137 et
1751 2110 1784 2137 ut
1814 2107 2042 2145 reciperentur
2067 2107 2307 2138 insistentibus

1295 2162 1437 2201 preferri
1456 2162 1489 2191 in
1508 2161 1720 2191 assecutione
1747 2160 1927 2199 prebende,
1951 2160 2039 2190 dicto
2067 2160 2172 2191 electo
2204 2169 2307 2200 super

1294 2215 1354 2245 hoc
1376 2215 1477 2245 certis
1499 2213 1739 2245 executoribus
1757 2213 1819 2243 sul»
1837 2215 1927 2243 certa
1955 2213 2061 2244 forma
2083 2222 2144 2252 per
2172 2216 2306 2245 nostras

1296 2269 1426 2299 litteras
1446 2267 1627 2306 deputatis,
1647 2276 1789 2305 quarum
1808 2266 2005 2297 auctoritate
2021 2269 2218 2305 procurator
2234 2276 2306 2306 pre-

1294 2321 1373 2352 dicti
1394 2321 1504 2354 616611,
1519 2321 1592 2359 ejus
1612 2320 1759 2355 nomine,
1773 2320 1805 2349 in
1825 2319 1974 2358 predicta
1992 2319 2132 2350 eeclesia
2147 2320 2307 2351 canonice

1295 2376 1448 2413 receptus
1466 2375 1516 2404 est
1536 2374 1568 2403 in
1591 2373 1790 2403 canonicum
1814 2375 1844 2403 61
1872 2372 1905 2402 111
1931 2372 2085 2402 fratrem.
2109 2373 2194 2408 Quia
2227 2382 2307 2404 vero

1294 2428 1402 2458 dietus
1419 2427 1545 2458 electus
1562 2428 1741 2465 promotus
1756 2427 1803 2456 est
1825 2426 1866 2456 ad
1892 2426 2044 2465 regimen
2074 2426 2215 2457 ecclesie
2239 2434 2305 2457 me-

1295 2483 1434 2517 morate,
1453 2489 1513 2510 nos
1539 2480 1681 2518 gratiam
1701 2479 1733 2509 iu
1750 2479 1809 2509 hoc
1828 2478 1890 2509 sibi
1910 2479 2030 2509 factam
2050 2488 2067 2508 a
2089 2478 2184 2509 nobis
2203 2482 2233 2510 et
2248 2479 2307 2519 jus

1293 2535 1381 2573 quod
1399 2534 1429 2564 61
1448 2542 1488 2563 ex
1505 2533 1695 2572 receptione
1711 2532 1903 2572 hujusmodi
1918 2531 2140 2571 competebat,
2155 2533 2307 2564 totaliter

1295 2588 1326 2617 in
1347 2588 1377 2617 te
1394 2586 1633 2617 transferimus
1661 2586 1700 2616 de
1716 2586 1823 2625 gratia
1844 2585 1996 2624 speciali,
2024 2585 2176 2616 volentes
2195 2588 2231 2616 ut
2251 2594 2306 2617 ex-

1292 2642 1370 2671 111116
1387 2640 1435 2670 sis
1460 2639 1641 2670 canonicus
1667 2639 1794 2678 prefate
1827 2639 1996 2669 Metensis
2026 2638 2166 2669 ecclesie
2191 2640 2222 2669 et
2240 2647 2306 2677 pro

1293 2694 1387 2724 illius
1404 2691 1728 2723 canonicohabearis
1744 2694 1773 2722 et
1788 2692 1821 2721 iu
1833 2700 1871 2722 ea
1884 2691 2080 2730 assequaris
2096 2690 2305 2730 prebendam

1293 2756 1356 2787 que
1375 2747 1462 2777 dicto
1476 2746 1655 2776 deberetur
1669 2745 1786 2782 electo,
1803 2745 1832 2775 si
1849 2745 2047 2775 retinuisset
2067 2738 2304 2776 canonicatum

1292 2800 1433 2831 ecclesie
1445 2802 1642 2835 memorate,
1654 2798 1880 2830 nonobstante
1890 2797 1978 2836 quod
1989 2797 2138 2827 —.Nulli
2154 2806 2235 2837 ergo
2256 2814 2303 2827 —.

1292 2854 1415 2884 Datum
1434 2853 1521 2892 apud
1539 2852 1828 2888 L'rbemveterem,
1848 2860 1867 2880 v
1890 2850 2052 2881 kalendas
2067 2851 2193 2887 martii,
2215 2859 2303 2882 anno

1291 2907 1402 2937 tertio.
1420 2916 1435 2935 »
