2519 3262
1039 275 1278 314 'morsis-:ME
1303 275 1466 312 ANNEE.

210 368 326 397 Uberto,
347 376 369 394 s.
387 367 532 394 Eustachii
547 368 667 394 diacono
684 367 834 399 cardinali,
847 367 999 394 arbitraria
1018 369 1158 401 potestate
1172 367 1220 392 ad-

206 416 378 452 judicatum,
394 416 556 443 confirmat.
575 417 653 450 (REG.
671 417 715 448 29,
733 416 782 442 fol.
799 416 843 443 41,
861 421 891 442 n⁰
905 416 963 449 85.)

251 537 264 554 «
294 526 386 555 Petro
411 525 605 566 presbytero,
625 525 772 554 canonico
799 524 919 554 ecclesie
941 523 1039 552 sancti
1057 522 1224 552 Gaudeneiz·
1253 520 1254 527 ¹

209 578 420 609 Νουανιέηεὶς.
439 580 487 609 Ea
503 587 566 617 que
577 578 717 617 judicio,
737 579 813 614 etta,
832 586 940 616 usque
957 576 1220 607 communimus.

209 634 295 663 Sane
312 632 431 672 petitio
450 635 505 662 tua
525 631 622 661 nobis
639 630 790 661 exhibita
808 629 999 660 continebat
1022 629 1111 668 (prod
1138 629 1224 659 inter

209 687 241 716 te
272 694 309 716 ac
336 685 496 715 dilectum
521 684 630 714 filium
658 683 832 713 Villanum
858 683 1019 713 Johannis
1033 683 1221 722 Lasangne,

209 739 407 769 canonicum
428 737 568 767 ecclesie
590 737 697 766 sancti
715 736 896 767 Gaudentii
914 735 1149 771 Novariensiffi
1169 744 1222 765 su-

208 800 268 831 per
286 791 429 830 quadam
448 790 617 829 prebenda
632 799 695 828 que
714 790 747 819 in
767 790 841 828 ipsa
856 789 999 819 ecclesia
1018 789 1145 819 vaeavit
1163 797 1223 828 per
1253 801 1255 827 j

208 847 351 875 mortem
363 843 516 883 magistri
532 843 623 873 Petri
640 843 679 873 de
697 843 903 878 Monticello,
915 843 1066 881 ejusdem
1080 842 1221 872 ecclesie

208 897 371 932 canonici,
393 897 426 926 in
443 905 509 935 qua
533 898 675 935 uterque
694 897 846 926 vestrum
871 905 906 925 se
922 895 977 934 jus
999 895 1120 925 habere
1137 895 1223 925 dice-

206 950 276 987 bat,
296 951 368 980 orta
386 949 526 980 materia
551 949 754 988 questionis,
772 958 834 979 nos
857 950 891 979 in
911 958 1011 979 causa
1026 948 1221 987 hujusmodi

206 1012 266 1042 per
298 1003 562 1042 appellationem
602 1003 642 1033 ad
672 1003 787 1033 sedem
819 1002 1039 1040 apostolicam
1070 1002 1221 1041 legitime

207 1056 375 1092 devoluta,
402 1056 563 1086 dilectum
586 1056 695 1086 tilium
716 1058 869 1086 nostrum
894 1056 947 1089 U„
973 1055 1079 1085 sancti
1103 1056 1222 1085 Eusta-

207 1109 273 1140 chii
297 1110 476 1140 diaconum
500 1109 717 1144 cardinalem,
740 1109 897 1139 dedimus
919 1108 1074 1147 partibus
1092 1109 1222 1138 andito-

206 1171 289 1193 rem.
307 1163 447 1199 Verum,
466 1162 526 1192 lile
542 1171 654 1192 coram
673 1162 791 1192 eodem
802 1161 966 1192 cardinali
984 1162 1017 1191 in
1033 1171 1135 1191 causa
1147 1162 1222 1200 ipsa

205 1215 356 1255 legitime
381 1216 568 1246 contestata
591 1215 757 1254 factisque
782 1214 1011 1254 positionibus
1033 1216 1063 1244 et
1084 1223 1220 1253 respon-

206 1269 361 1299 sionibus
385 1269 426 1298 ad
452 1269 599 1304 easdem,
632 1270 666 1298 tu
695 1271 726 1299 et
753 1269 844 1298 idem
871 1268 1041 1304 Yillanus,
1070 1268 1221 1298 volentes
1253 1298 1254 1302 ,

205 1322 312 1352 vitare
332 1322 521 1361 litigiorum
539 1321 710 1352 anfractus
727 1324 758 1352 et
779 1322 868 1351 viam
883 1321 977 1360 pacis
995 1322 1026 1351 et
1045 1321 1220 1352 concordie

205 1380 448 1418 amplectentes
478 1380 511 1410 in
545 1380 689 1410 eundem
718 1379 936 1415 cardinalem,
951 1382 1125 1410 reservata
1153 1379 1219 1409 sibi

201 1432 383 1470 judiciaria
400 1434 579 1470 potestate,
604 1435 777 1471 tamquam
795 1434 829 1463 in
848 1432 1026 1467 arbitrum,
1040 1433 1221 1463 arbitrato-

205 1494 288 1522 rem,
315 1485 789 1519 ordinatorem,dit'tinitorem
814 1494 874 1516 seu
899 1485 1113 1516 amicabilem
1133 1495 1219 1515 com-

204 1539 390 1577 positorem
408 1539 613 1577 superdicta
628 1539 800 1577 prebenda
816 1539 956 1577 ejusque
971 1539 1137 1569 fructibus
1154 1539 1220 1569 alte

206 1593 237 1621 et
250 1591 350 1621 basse
368 1592 641 1630 compromittere
660 1601 697 1621 ac
714 1601 773 1622 sue
789 1592 1007 1629 ordinationi,
1022 1592 1219 1622 diffinitioni
1251 1607 1252 1620 ι

205 1646 237 1675 et
254 1644 406 1680 arbitrio,
426 1646 545 1683 sponte
564 1654 600 1675 ac
616 1644 722 1674 libere
735 1654 795 1674 vos
811 1645 1008 1675 submittere
1026 1645 1218 1679 curavistis,
1250 1675 1252 1687 Ἰ,

205 1697 371 1736 corporali
400 1706 501 1736 super
526 1697 587 1728 hoc
607 1698 749 1736 prestito
765 1697 968 1736 juramento.
994 1698 1087 1728 [dem
1106 1700 1219 1728 autem

205 1751 607 1790 cardinalis„hujusmodi
626 1751 872 1789 compromisso
886 1753 1018 1790 recepto
1038 1754 1067 1781 et
1087 1751 1219 1781 anobis

205 1804 395 1840 ordinandi,
429 1804 612 1840 statuendi,
644 1804 856 1842 providendi,
892 1805 1098 1841 declarandi,
1131 1804 1216 1834 arbi-

204 1857 315 1887 trandi
333 1859 363 1887 et
379 1856 570 1887 diffiniendi
586 1866 688 1896 super
706 1857 795 1887 dicta
811 1857 981 1895 prebenda
996 1860 1027 1887 et
1045 1857 1117 1896 ejus
1134 1858 1220 1887 t‘ruc-
1250 1898 1251 1901 Ἴ

203 1910 307 1946 tibus,
328 1912 426 1948 prout
444 1910 510 1940 sibi
520 1910 704 1949 expediens
721 1910 904 1945 videretur,
924 1910 1063 1949 speciali
1081 1910 1218 1941 obtenta

202 1963 340 1993 licentia
356 1966 387 1994 et
404 1964 573 2000 mandato,
594 1963 678 1994 visis
697 1965 729 1994 et
751 1963 1022 2002 auditisjuribus
1037 1964 1216 2002 utriusque

201 2017 308 2055 partis
335 2025 371 2047 ac
395 2017 493 2055 plene
520 2017 699 2054 discussis,
722 2019 753 2047 et
771 2017 859 2055 juris
881 2017 997 2047 ordine
1024 2017 1214 2051 observato,

200 2070 298 2105 dixit,
327 2070 496 2100 ordinavit
513 2072 543 2100 et
563 2070 749 2101 arbitratus
771 2070 833 2100 fuit
856 2073 887 2100 et
913 2070 1015 2100 etiam
1039 2070 1212 2107 diffinivit,

198 2123 289 2162 quod
305 2125 340 2153 tu
362 2123 487 2154 dictam
503 2123 710 2163 prebendam
728 2123 865 2159 habeas,
887 2126 1015 2160 teneas,
1037 2124 1214 2162 possideas

197 2176 335 2215 pacifice
352 2179 383 2207 et
402 2177 526 2216 quiete,
547 2186 584 2207 ac
600 2177 710 2216 ipsam
732 2177 771 2207 ad
790 2178 822 2207 te
839 2177 1008 2216 pertinere
1024 2177 1212 2212 declarans,

195 2229 261 2260 tibi
271 2230 520 2260 sententialiter
532 2230 900 2270 adjudicavit-eandem,
918 2239 1020 2269 super
1035 2231 1109 2269 ipsa
1124 2231 1213 2261 dicto

196 2283 334 2313 Villano
350 2286 552 2322 perpetuum
566 2284 743 2314 silentium
759 2284 973 2322 imponendo,
985 2286 1082 2322 prout
1099 2285 1132 2314 in
1146 2285 1214 2314 ins-

196 2338 368 2367 trumento
393 2337 470 2367 inde
494 2337 656 2373 confecto,
679 2337 828 2376 sigillato
844 2337 959 2376 sigillo
979 2337 1089 2376 ipsius
1108 2338 1213 2368 cardi-

196 2389 285 2419 nalis
295 2390 430 2428 plenius
447 2391 650 2420 continetur.
668 2391 740 2421 Nos
757 2390 883 2429 itaque,
906 2390 975 2420 tuis
993 2389 1213 2428 supplicatio-

196 2442 298 2473 nibus
325 2443 491 2480 inclinati,
522 2444 612 2482 quod
641 2452 743 2482 super
756 2443 817 2474 boc
835 2443 876 2474 ab
904 2444 1021 2474 eodem
1047 2443 1211 2473 cardinali

198 2496 323 2526 factum
346 2499 409 2533 est,
430 2499 541 2527 ratum
555 2499 587 2527 et
612 2497 749 2527 firmum
768 2497 941 2533 habentes,
961 2497 994 2527 id
1013 2496 1212 2527 auctoritate

197 2549 384 2587 apostolica
400 2551 640 2580 confirmamus
658 2552 689 2581 et
705 2550 875 2589 presentis
890 2550 1008 2589 scripti
1025 2550 1211 2589 patrocinio

197 2602 460 2633 communimus.

238 2654 404 2685 Tenorem
432 2656 542 2693 ipsius
571 2656 791 2686 instrumenti
816 2657 855 2686 de
880 2656 982 2686 verbo
1007 2656 1049 2686 ad
1070 2655 1211 2686 verbum

195 2708 412 2746 presentibus
429 2708 535 2738 inseri
551 2708 725 2745 facientes,
743 2710 801 2748 qui
816 2709 895 2740 talis
912 2711 962 2740 est
982 2721 987 2739 ;

238 2771 253 2790 α
276 2761 312 2791 In
331 2762 467 2792 nomine
483 2761 621 2792 Domini
640 2770 749 2792 amen.
772 2763 970 2793 Presidente
989 2762 1131 2792 rationis
1150 2762 1210 2792 im-

195 2814 302 2854 perio,
321 2816 397 2851 etc„
418 2823 525 2853 usque
539 2814 745 2853 judicentur.
763 2815 849 2845 Sane
866 2815 954 2846 inter
970 2815 1210 2854 presbyterum

197 2867 337 2898 Petrum
367 2869 399 2898 et
426 2868 602 2898 villanum
631 2868 796 2898 Johannis
822 2868 1000 2908 Lasangne
1031 2869 1211 2899 canonicos

197 2921 337 2951 ecclesie
357 2922 465 2951 sancti
481 2921 663 2952 Gaudentii
684 2922 906 2952 Novariensis
923 2930 1024 2960 super
1041 2921 1211 2960 prebenda

2254 290 2291 318 37

1253 390 1255 392 .
1284 366 1478 397 Monticello
1498 367 1531 396 in
1549 367 1666 397 eadem
1684 368 1813 397 vacavit
1832 369 1984 405 ecclesia,
2001 372 2071 399 orta
2094 371 2127 400 iu
2142 372 2293 402 Romana

1253 410 1255 422 l

1253 426 1255 439 l

1284 420 1377 449 curia
1396 420 1538 449 materia
1553 420 1753 458 questionis,
1772 421 2009 452 sanctissimus
2025 425 2118 461 pater
2136 425 2293 454 dominus

1285 471 1443 502 Pristinus
1468 481 1554 512 papa
1578 474 1643 503 IIII
1664 482 1724 503 nos
1750 473 1924 505 L'bertuni,
1944 475 2161 506 miseratione
2180 477 2293 507 divina

1285 525 1390 555 sancti
1408 525 1581 555 Eustachii
1598 526 1776 556 diaconum
1790 527 2006 561 cardinalem,
2021 528 2051 557 in
2069 539 2169 558 causa
2183 530 2294 568 liujus-

1285 578 1375 608 modi
1394 578 1485 609 dedit
1511 580 1672 617 predictis
1694 579 1847 618 partibus
1872 581 2071 611 auditorem.
2093 584 2295 621 Comparcn-

1284 630 1376 661 tibus
1408 632 1521 671 itaque
1551 633 1712 671 predictis
1736 633 1936 672 presbytero
1958 636 1989 664 et
2020 634 2154 665 Yillano
2180 645 2294 674 perso-

1285 684 1406 715 naliter
1440 695 1552 715 coram
1580 686 1688 722 nobis,
1720 687 1808 716 idem
1838 687 1995 717 Yillanus
2026 690 2139 717 contra
2167 688 2293 718 dictum

1254 755 1255 779 ζ
1284 737 1522 777 presbyterum
1539 738 1693 769 libellum
1711 739 1830 769 obtulit
1850 740 1884 769 in
1902 740 1987 770 hunc
2005 741 2140 770 modum
2161 753 2166 770 :

194 2974 306 3012 ipsius
336 2975 478 3005 ecclesie
508 2983 572 3013 que
605 2983 664 3013 per
695 2977 836 3005 mortem
866 2975 1020 3014 magistri
1048 2975 1139 3005 Petri
1169 2975 1209 3005 de
1240 2991 1242 3002 1

1324 800 1340 820 ((
1372 791 1493 821 Coram
1521 792 1628 828 vobis,
1657 792 1842 823 venerabili
1870 795 1963 831 patre
1992 794 2128 824 domino
2155 794 2291 829 L'berto,

1286 854 1300 872 n
1318 844 1425 874 sancti
1443 845 1615 875 Eustachii
1627 845 1767 875 diacono
1783 846 1956 881 cardinali,
1969 846 2122 885 partibus
2142 847 2293 877 auditore

1286 907 1300 925 »
1318 906 1488 933 concesso,
1511 898 1592 928 dicit
1613 899 1642 928 et
1660 899 1817 937 proponit
1830 899 2000 935 Villanus,
2016 902 2115 929 natus
2130 900 2294 930 ‚temanitis

1286 960 1300 979 »
1321 949 1508 989 Lasangne,
1527 951 1709 980 canonicus
1727 951 1869 981 ecclesie
1898 952 2004 982 sancti
2020 952 2201 982 Gaudentii
2227 954 2292 983 No-

1287 1015 1300 1029 »
1318 1003 1498 1038 variensis,
1518 1006 1632 1033 contra
1660 1004 1898 1043 presbyterum
1920 1005 2056 1034 Petrum
2076 1005 2133 1043 qni
2152 1005 2231 1035 dicit
2259 1015 2294 1036 se

1286 1065 1300 1084 1)
1323 1056 1475 1095 ejusdem
1499 1057 1640 1087 ecclesie
1664 1057 1875 1092 canonicum,
1894 1058 1982 1096 quod
2009 1057 2091 1087 olim
2111 1058 2198 1088 idem
2225 1059 2293 1087 11]-

1284 1117 1301 1138 »
1323 1109 1422 1139 lanus
1448 1111 1482 1140 in
1506 1110 1634 1149 prefata
1659 1111 1802 1141 ecclesia
1820 1111 1926 1141 sancti
1953 1111 2133 1141 Gaudentii
2151 1112 2293 1142 auctori-

1252 1165 1253 1174 *
1285 1173 1300 1192 >›
1320 1165 1385 1194 tate
1404 1163 1597 1194 litterarum
1622 1164 1750 1194 domini
1774 1164 1812 1194 G.
1840 1164 1879 1194 de
1907 1164 2133 1203 Monteltmgo,
2153 1165 2233 1195 olim
2260 1166 2294 1195 in

1285 1226 1299 1245 1)
1321 1216 1686 1255 partibusLombardie
1704 1217 1888 1256 apostolice
1900 1218 1991 1247 sedis
2008 1217 2123 1256 legati,
2138 1222 2292 1256 receptus

1284 1279 1300 1299 »
1319 1270 1431 1300 extitit
1462 1270 1496 1300 in
1514 1271 1712 1300 canonicum
1730 1273 1761 1301 et
1780 1271 1813 1300 in
1836 1270 1986 1308 fratrem,
2010 1273 2041 1301 et
2067 1271 2203 1301 tandem
2227 1271 2293 1302 sibi

1285 1323 1356 1353 »de
1376 1323 1548 1362 prebenda
1578 1323 1703 1353 ibidem
1726 1326 1865 1354 vacante
1883 1333 1942 1362 per
1969 1326 2111 1354 mortem
2140 1325 2293 1363 magistri

1283 1386 1300 1406 »
1317 1377 1411 1407 Petri
1433 1377 1473 1407 de
1498 1377 1703 1411 MonticcllQ
1721 1377 1890 1416 quondam
1914 1377 2065 1415 ejusdem
2083 1377 2222 1407 ecclesie
2241 1387 2292 1408 ca·

1282 1439 1299 1460 »
1319 1431 1444 1467 nonici,
1466 1431 1641 1469 provisum
1660 1430 1721 1460 fuit
1741 1431 1939 1461 auctoritate
1957 1431 2143 1469 apostolica
2156 1434 2185 1462 et
2204 1432 2292 1461 idem

1284 1495 1298 1510 »
1314 1484 1472 1514 Yillanus
1489 1484 1528 1514 de
1545 1484 1618 1522 ipsa
1635 1484 1746 1514 extitit
1763 1484 1956 1518 investitus,
1971 1484 2081 1514 dictus
2114 1484 2293 1522 presbyter

1282 1547 1298 1567 »
1322 1538 1361 1568 de
1390 1538 1505 1567 eadem
1538 1537 1707 1576 prebenda
1732 1537 1798 1567 sibi
1826 1537 1865 1567 de
1893 1537 1978 1567 facto
2002 1537 2173 1576 provideri
2201 1538 2289 1574 tecit,

1282 1600 1298 1620 »
1319 1591 1395 1622 licet
1408 1591 1539 1621 nullum
1552 1591 1608 1629 jus
1626 1590 1747 1620 habeat
1762 1590 1795 1620 in
1810 1590 1936 1620 eadem.
1951 1590 2061 1626 Quare
2079 1590 2161 1628 petit
2181 1590 2291 1620 dictus

1283 1655 1297 1673 »
1315 1645 1542 1682 Yillanusper
1554 1645 1702 1674 vestram
1713 1644 1915 1673 sententiam
1932 1643 2291 1681 declararipredictam

1280 1697 1520 1736 »prebendam
1547 1697 1588 1726 ad
1618 1697 1729 1735 ipsum
1765 1696 1939 1726 Villanum
1971 1696 2009 1726 de
2034 1697 2109 1735 Jure
2138 1698 2290 1734 spectare

1281 1764 1295 1778 υ
1316 1760 1351 1780 ac
1382 1751 1562 1789 pertinere,
1595 1752 1625 1780 et
1654 1759 1727 1779 cam
1747 1749 1811 1779 sibi
1831 1749 2017 1788 adjudicari
2038 1758 2112 1779 cum
2132 1749 2289 1779 omnibus

1281 1804 1448 1842 »juribus
1477 1806 1508 1833 et
1532 1803 1747 1842 pertinentiis
1773 1803 1855 1837 suis,
1877 1804 1907 1832 et
1942 1802 2071 1841 prefato
2090 1801 2289 1841 presbytero

1282 1868 1296 1885 »
1316 1857 1443 1895 imponi
1468 1858 1668 1895 perpetuum
1688 1856 1863 1885 silentium
1883 1864 1984 1893 super
2004 1855 2088 1894 ipsa.
2116 1855 2184 1884 Hec
2208 1855 2288 1893 petit

1281 1921 1296 1940 ³)
1318 1919 1393 1940 cum
1418 1909 1584 1940 fructibus
1604 1909 1680 1939 inde
1696 1908 1875 1947 perceptis,
1894 1909 1976 1946 petit
1997 1909 2099 1938 etiam
2122 1916 2289 1946 expensas

1248 1966 1249 1970 ’
1280 1973 1296 1992 »
1320 1963 1424 1994 factas
1440 1965 1470 1993 et
1487 1964 1694 2001 protestatur
1713 1962 1751 1991 de
1767 1962 1942 1996 faciendis,
1955 1970 2038 2000 quas
2057 1963 2208 1999 tempore
2220 1970 2290 1991 sen—

1278 2026 1295 2046 »
1313 2017 1416 2047 tentie
1429 2015 1622 2052 declarabit,
1640 2015 1734 2045 salvo
1748 2015 1835 2053 jure,
1854 2017 1915 2045 etc.
1934 2024 1949 2043 ))

1317 2081 1332 2100 ((
1350 2070 1423 2100 Lite
1440 2069 1543 2108 igitur
1561 2077 1672 2098 coram
1690 2067 1787 2098 nobis
1807 2076 1908 2106 super
1929 2068 2090 2106 jamdicto
2110 2067 2226 2097 libello
2244 2068 2289 2097 le-

1275 2124 1391 2162 gitime
1414 2124 1611 2156 contestata,
1631 2122 1822 2160 juramento
1840 2122 1879 2151 de
1897 2121 2036 2151 veritate
2057 2121 2197 2151 dicenda
2213 2121 2288 2150 hinc

1274 2177 1352 2207 inde
1370 2177 1511 2216 prestito
1532 2176 1695 2214 factisque
1710 2174 1938 2214 positionibus
1957 2176 1988 2204 et
2010 2174 2201 2204 subsecutis
2221 2183 2288 2204 res-

1274 2229 1498 2269 ponsionibus
1517 2229 1556 2259 ad
1576 2229 1724 2265 easdem,
1740 2238 1777 2258 ac
1795 2228 1883 2258 datis
1904 2227 2069 2262 articulis,
2084 2229 2197 2266 partes
2216 2228 2287 2266 ipse

1274 2284 1426 2315 volentes
1445 2284 1552 2313 vitare
1576 2282 1765 2321 litigiorum
1785 2281 1956 2311 anfractus
1981 2282 2011 2311 et
2032 2281 2121 2311 viam
2148 2282 2240 2319 pacis
2255 2283 2287 2310 et

1274 2337 1448 2368 concordie
1478 2336 1732 2375 amplectentes,
1758 2335 1830 2364 suis
1855 2334 2021 2373 parcendo
2053 2333 2227 2363 laboribus
2252 2336 2283 2364 et

1274 2391 1434 2430 expensis
1448 2390 1453 2408 ¹
1469 2391 1503 2420 in
1516 2398 1589 2425 nos,
1612 2390 1785 2419 reservata
1802 2387 1899 2418 nobis
1917 2387 2096 2426 judiciaria
2108 2388 2284 2425 potestate,

1273 2447 1447 2483 tamquam
1477 2444 1511 2473 in
1544 2442 1723 2477 arbitrum,
1756 2441 2005 2475 arbitratorem,
2044 2440 2284 2475 ordinatorem,

1273 2497 1494 2528 diffinitorem
1523 2505 1583 2526 seu
1602 2494 1816 2526 amicabilem
1839 2493 2100 2532 compositorem
2117 2501 2218 2531 super
2233 2501 2284 2522 ea-

1274 2552 1349 2582 dem
1366 2550 1535 2586 ιιι-6116111111
1548 2551 1579 2580 et
1597 2549 1669 2588 ejus
1686 2547 1853 2578 fructibus
1871 2547 1937 2577 alte
1957 2548 1988 2577 et
2005 2546 2104 2576 basse
2134 2554 2283 2584 compro-

1272 2605 1407 2634 mittere
1439 2612 1476 2633 ac
1504 2604 1618 2633 nostre
1640 2599 2070 2636 ordinationi,diffinitioni
2088 2600 2118 2629 et
2141 2598 2282 2628 arbitrio

1273 2659 1393 2697 sponte
1413 2666 1450 2687 ac
1468 2655 1574 2686 libere
1591 2664 1627 2686 se
1650 2654 1851 2685 submittere
1874 2654 2088 2689 curaverunt,
2105 2652 2145 2682 de
2171 2651 2283 2682 obser-

1271 2711 1393 2741 vandis
1412 2709 1635 2745 ordinatione,
1652 2707 1855 2738 diffinitione
1872 2715 1931 2737 seu
1951 2705 2091 2736 arbitrio
2110 2706 2225 2735 nostro
2242 2703 2283 2734 ab

1272 2764 1400 2794 eisdem
1432 2762 1600 2802 corporali
1614 2761 1757 2800 prestito
1773 2760 1978 2799 juramento,
1997 2759 2095 2797 prout
2113 2759 2147 2788 in
2160 2758 2282 2787 instru-

1271 2820 1384 2848 mento
1400 2816 1535 2856 publico
1547 2824 1606 2855 per
1622 2814 1879 2852 infrascriptum
1889 2812 2105 2843 tabellionem
2116 2811 2191 2841 inde
2208 2819 2283 2840 con-

1272 2870 1370 2905 fecto,
1390 2870 1526 2908 plenius
1551 2869 1752 2899 continetur.
1771 2867 1842 2897 Nos
1860 2866 1986 2904 itaque,
2003 2866 2135 2903 recepto
2163 2864 2196 2893 in
2220 2871 2280 2893 nos

1304 2983 1325 3006 1.
1342 2988 1383 3005 ms
1400 2986 1406 3005 ἱ
1420 2978 1552 3011 expendis.
