2519 3262
1052 191 1292 230 TROISOEME
1319 192 1483 229 ANNEE.

226 281 423 311 mandatum
450 282 590 312 ecclesie
616 291 680 312 non
705 284 873 318 curantes,
898 291 1043 321 qnorum
1068 282 1173 321 aliqui
1197 282 1238 312 ab

226 334 418 373 hujusmodi
435 336 602 365 sententia
625 344 731 374 usque
750 336 790 365 ad
814 344 930 365 eorum
954 335 1083 365 obitum
1107 335 1238 365 absolu-

224 388 328 418 tionis
343 388 514 426 postulare
529 388 728 418 beneficium
745 389 947 419 omitt-ebant
960 397 1019 418 nec
1039 388 1079 417 ab
1095 388 1172 417 aliis
1189 388 1234 417 vi-

223 441 393 471 tabantur.
412 442 519 476 Quare
539 442 665 472 dictum
688 441 991 480 archiepiscopum,
1016 449 1092 470 cum
1111 440 1237 470 ibidem

225 494 335 533 ipsius
352 495 513 533 prodesse
530 495 700 533 presentia
716 503 780 524 11011
799 495 937 530 valeret,
958 494 999 523 ad
1016 493 1237 532 apostolicam

226 548 340 578 sedem
352 548 501 586 oportuit
513 548 738 586 personaliter
752 547 916 577 laborare.
930 547 1025 577 L’nde
1040 555 1112 582 nOS,
1128 547 1238 585 ipsius

225 601 260 630 in
274 601 334 631 1130
347 603 441 639 parte
456 601 699 639 compatientes
714 600 887 630 laboribus
902 602 931 630 et
947 599 1047 629 malis
1064 608 1238 630 occurrere

224 654 418 693 hujusmodi
446 654 631 692 cupientes,
654 654 786 683 litteras
810 654 943 683 nostras
964 652 1027 682 tibi
1049 653 1238 682 direximus

225 708 437 738 continentes
450 709 496 743 ut,
513 706 553 737 ob
564 707 775 744 sedisipsius
784 715 821 736 ac
831 708 983 736 nostram
999 706 1236 740 reverentiam,

226 761 266 791 ab
285 760 478 799 hujusmodi
497 760 672 790 sceleratis
686 768 823 789 manum
840 759 889 789 tui
906 759 1087 798 patrocinii
1102 759 1238 797 penitus

225 814 411 849 retrahens,
426 814 534 843 eidem
548 812 799 851 archiepiscopo
817 812 869 842 vel
886 812 958 851 ejus
976 813 1112 842 vicariis
1133 813 1167 842 in
1180 821 1238 851 pu-

225 867 359 898 niendis
383 866 544 905 predictis
568 865 766 896 excessibus
793 874 829 896 ac
852 866 930 896 aliis
961 866 1171 904 corrigendis
1203 875 1239 896 ac

225 919 485 950 manutenendis
507 919 648 950 ecclesie
673 927 732 949 sue
750 918 885 958 juribus
908 928 1036 949 necnon
1060 921 1092 949 et
1118 919 1152 949 in
1170 920 1239 949 tuis

224 973 468 1011 compellendis
491 972 638 1002 subditis
662 972 703 1002 ad
730 972 917 1010 parendum
943 972 1053 1002 eidem
1076 973 1110 1002 in
1135 973 1240 1002 0111111-

224 1026 288 1056 1)115
310 1025 527 1064 supradictis,
547 1034 611 1065 que
632 1034 698 1056 non
720 1027 770 1056 est
789 1025 929 1056 dubium
942 1025 982 1056 ad
999 1026 1072 1064 ejus
1088 1027 1239 1064 spectare

225 1079 387 1113 officium,
413 1088 487 1109 cum
511 1079 551 1109 ab
577 1087 615 1109 eo
641 1079 809 1118 dictisque
836 1079 1061 1118 requirereris
1087 1079 1238 1116 vicariis,

224 1133 405 1171 presertim
425 1141 499 1162 cum
518 1132 680 1163 dicereris
698 1132 890 1171 juramento
908 1133 1017 1163 teneri
1034 1133 1112 1172 jura
1130 1136 1162 1163 et
1182 1132 1239 1162 ho-

223 1194 324 1216 nores
346 1185 567 1216 ecclesiarum
590 1187 811 1216 manutenere
832 1195 868 1216 ac
890 1186 1082 1222 defendere,
1105 1188 1239 1225 oportu-

224 1249 304 1269 num
331 1239 481 1270 favorem
508 1248 543 1270 ac
573 1239 694 1270 efficax
729 1239 895 1270 auxilium
922 1239 1092 1270 exhibere.
1119 1240 1238 1270 Eidem

225 1301 358 1332 quoque
374 1293 629 1332 archiepiscopo
646 1293 724 1323 aliis
738 1293 895 1323 dedimus
912 1293 1036 1323 litteris
1054 1293 1088 1323 in
1105 1294 1239 1323 manda-

224 1347 270 1376 tis
290 1348 325 1376 ut
341 1347 458 1376 contra
473 1345 669 1384 hujusmodi
691 1347 941 1384 contemptores
963 1346 1121 1383 clavium,
1141 1348 1238 1385 prout

226 1399 386 1438 expedire
411 1401 639 1437 cognosceret,
660 1408 798 1429 manum
824 1408 919 1429 suam
943 1408 1124 1438 aggravare
1148 1408 1240 1430 cura-

225 1454 286 1488 ret,
305 1452 460 1482 invocato
480 1452 520 1482 ad
536 1452 610 1488 hoc,
628 1452 657 1483 si
676 1461 761 1491 opus
777 1453 951 1491 existeret,
967 1453 1095 1483 auxilio
1111 1453 1239 1483 brachii

225 1506 402 1536 secularis.

264 1560 404 1595 Verum,
426 1568 501 1589 cum
526 1559 756 1598 postmodum,
780 1560 918 1590 directis
946 1559 1007 1590 tibi
1041 1560 1166 1590 litteris
1182 1568 1238 1590 su-

223 1613 388 1652 pradictis
407 1613 564 1651 receptisE
582 1615 617 1643 ut
644 1613 672 1643 si
692 1622 793 1652 super
810 1613 876 1643 hiis
896 1622 960 1652 que
977 1614 1064 1643 dicte
1091 1614 1238 1643 contine-

223 1665 304 1696 bant
326 1666 450 1701 littere,
469 1666 596 1696 nostris
615 1666 720 1696 velles
745 1675 863 1705 parere
885 1667 1054 1696 mandatis
1083 1667 1239 1705 quodque

223 1720 339 1749 contra
371 1719 515 1749 militem
557 1720 736 1758 quendam,
777 1720 834 1758 qui
874 1719 1238 1750 excommunicationis

224 1772 430 1803 sententiam
448 1773 483 1802 in
502 1773 614 1811 ipsum
633 1773 801 1811 prolatam
820 1773 877 1802 diu
893 1773 1006 1803 animo
1030 1773 1239 1803 sustinuerat

224 1825 402 1865 pertinaci,
421 1826 531 1855 eidem
553 1826 819 1865 archiepiscopo,
841 1826 898 1865 qui
917 1827 1079 1856 adversus
1096 1827 1240 1856 eundem

225 1879 370 1909 militem
387 1881 628 1918 aggravaverat
646 1888 783 1909 manum
800 1888 909 1916 5113111,
929 1879 1077 1909 favorem
1096 1881 1128 1910 et
1144 1880 1240 1909 auxi-

225 1932 308 1962 lium
328 1932 518 1967 exhiberes,
537 1933 577 1962 ab
601 1932 711 1971 ipsius
737 1932 862 1963 fuisses
880 1933 1017 1963 vicariis
1041 1933 1239 1972 requisitus,

225 1986 404 2016 asseruisti
429 1987 461 2016 te
490 1995 556 2016 non
578 1986 711 2016 mittere
734 1995 872 2016 manum
896 1986 929 2016 in
950 1988 1047 2016 tuum
1068 1986 1239 2017 hominem

223 2038 343 2078 ligium
360 2039 413 2069 vel
435 2039 469 2069 in
495 2039 635 2069 feudum
655 2039 765 2078 ipsius
784 2039 912 2079 absque
938 2041 1030 2070 curie
1052 2042 1108 2070 tue
1128 2049 1242 2079 sguar-

225 2092 280 2122 dio
300 2092 371 2122 sive
389 2093 545 2127 consilio,
569 2093 752 2132 juravisse.
776 2093 884 2132 Super
902 2093 1088 2124 Grecorum
1108 2102 1241 2132 quoque

222 2146 406 2176 coercenda
432 2146 689 2184 presumptione
704 2148 736 2176 et
755 2146 957 2177 criminibus
975 2147 1186 2186 corrigendis
1206 2147 1241 2177 in

225 2199 311 2238 ipsis
326 2201 357 2230 et
373 2199 462 2236 aliis,
482 2208 645 2238 expresso
664 2200 753 2238 quod
771 2200 837 2239 ipsi
857 2200 1110 2239 archiepiscopo
1128 2202 1242 2231 contra

225 2252 366 2283 clericos
379 2253 561 2283 assisteres
576 2253 770 2288 rebellatos,
784 2254 1018 2292 respondendo
1032 2254 1186 2284 innuisse
1196 2254 1243 2284 vi-

226 2305 317 2335 deris
352 2305 521 2344 prefatum
548 2305 840 2344 archiepiscopum
866 2315 932 2336 non
957 2315 1056 2345 posse
1080 2308 1114 2337 in
1136 2307 1242 2338 laicos

224 2358 288 2389 tibi
310 2358 476 2396 5011111105,
507 2360 805 2398 quantumcunque
823 2360 1047 2398 peccaverint,
1074 2361 1242 2400 corrigere

224 2412 277 2442 vel
292 2412 425 2451 punire,
437 2414 574 2451 propter
589 2412 679 2451 quod
694 2412 805 2443 dictus
823 2413 1098 2452 archiepiscopus
1116 2414 1241 2444 iterum

227 2467 278 2496 est
297 2467 432 2495 coactus
457 2465 678 2503 apostolicam
702 2474 805 2505 super
824 2466 885 2497 hoc
906 2467 1156 2505 providentiam
1180 2467 1243 2497 im-

226 2518 372 2557 plorare,
383 2526 541 2548 asserens
560 2518 649 2557 quod
668 2518 709 2548 ab
723 2518 917 2558 huJusmodi
935 2519 1061 2550 favoris
1076 2521 1108 2551 et
1121 2520 1242 2551 auxilii

224 2571 435 2602 exhibitione
452 2570 581 2601 salubri
594 2571 827 2610 juramentum
847 2572 886 2603 de
908 2581 975 2603 non
990 2574 1156 2605 mittendo
1174 2583 1245 2605 ma-

224 2633 306 2655 num
320 2625 354 2655 in
372 2626 469 2655 tuum
486 2625 659 2656 hominem
672 2625 793 2664 ligium
808 2634 827 2656 a
842 2626 886 2662 te,
902 2627 938 2656 ut
955 2626 1134 2663 asseritur,
1151 2636 1242 2667 pres-

224 2677 338 2714 titum,
358 2687 521 2709 excusare
532 2678 700 2717 nequirat,
719 2687 795 2709 cum
810 2687 869 2717 per
885 2679 972 2710 illud
987 2680 1139 2719 predicto
1156 2681 1245 2719 jura-

225 2733 339 2762 mento
359 2732 448 2770 quod
461 2731 501 2762 de
515 2731 652 2771 juribus
667 2733 700 2763 et
720 2731 906 2763 honoribus
928 2733 1151 2764 ecclesiarum
1174 2743 1244 2765 ma-

227 2785 386 2815 nutendis
401 2786 433 2816 et
453 2785 674 2816 defendendis
691 2786 884 2824 prestitisse
902 2786 1243 2826 diceris,nequiverit

229 2838 397 2878 derogari,
419 2847 479 2869 nec
499 2839 703 2869 servandum
724 2839 769 2869 sit
787 2838 1001 2878 aliquatenus
1014 2840 1246 2878 J'uranientum

229 2891 319 2931 quod
344 2890 554 2922 salutaribus
580 2891 749 2922 institutis
768 2891 882 2922 obviat
904 2893 935 2923 et
958 2892 1112 2924 effectum
1138 2894 1245 2934 impe-

2249 207 2302 235 251

1295 282 1343 313 dit
1358 283 1585 313 ecclesiastice
1602 284 1792 323 discipline.
1811 286 1878 315 Nec
1895 287 1997 316 etiam
2014 287 2079 317 dici
2096 290 2203 326 potest
2219 292 2305 328 qnod

1295 344 1397 374 super
1421 337 1629 375 corrigendis
1658 340 1689 367 et
1716 339 1897 376 puniendis
1924 340 2123 370 excessibus
2148 341 2179 370 in
2211 342 2307 372 laicis

1293 388 1423 418 Latinis
1443 390 1474 418 et
1490 390 1608 419 Grecis
1625 391 1786 421 assistere
1807 400 1872 421 non
1891 391 2015 422 debeas
2040 393 2104 431 ipsi
2125 394 2307 433 archiepis-

1295 450 1387 479 copo,
1420 443 1581 480 tanquam
1620 443 1813 482 hujusmodi
1855 445 2017 475 correctio
2047 450 2077 475 et
2109 448 2239 484 punitio
2268 449 2307 477 ad

1295 502 1394 524 suum
1410 503 1469 533 pro
1487 504 1525 525 eo
1542 505 1605 526 non
1619 498 1745 535 spectet
1761 497 1909 527 osticium
1925 499 2014 536 quod
2031 499 2065 528 in
2082 500 2308 538 eosjurisdic—

1295 548 1421 577 tionem
1445 547 1575 578 obtines
1596 550 1830 587 temporalem,
1852 560 1926 581 cum
1946 552 2122 582 Romanus
2141 554 2306 591 pontifex,

1295 609 1336 630 ex
1355 610 1512 631 concesse
1532 602 1594 631 sibi
1614 603 1779 633 divinitus
1803 604 1835 634 in
1856 604 1954 634 beato
1978 606 2077 635 Petro
2096 606 2307 644 plenitudine

1295 654 1474 691 potestatis
1490 655 1521 684 in
1543 655 1727 693 quemlibet
1745 656 1980 692 christianum,
2000 658 2242 698 cujuscumque
2263 660 2310 689 di-

1296 706 1448 744 gnitatis,
1467 708 1691 745 preminentie
1710 710 1761 740 vel
1779 711 1985 740 conditionis
2003 712 2139 747 existat,
2158 714 2187 742 et
2207 714 2306 743 ceteri

1296 760 1429 797 prelatI,
1449 761 1482 790 in
1500 761 1743 793 sollicitudinis
1761 763 1869 801 ipsius
1889 766 2019 802 partem
2036 766 2216 803 assumpti,
2234 775 2307 804 pos·-

1297 813 1365 843 sint
1384 822 1500 844 onmes
1523 816 1553 844 et
1575 815 1727 853 singulos
1745 817 1783 846 de
1801 817 1924 855 populo
1947 827 2024 848 cure
2049 827 2107 848 sue
2126 819 2308 849 commisso

1296 867 1426 897 ratione
1457 869 1586 906 peccati
1612 869 1793 908 disciplina
1822 871 2051 901 ecclesiastica
2077 880 2241 907 coercere,
2274 875 2307 902 ut

1297 929 1382 958 quos
1400 921 1463 950 Dei
1484 921 1586 951 timor
1608 931 1625 952 a
1648 923 1738 952 malo
1761 932 1826 953 non
1848 927 1992 958 revocat,
2015 925 2128 954 saltim
2145 926 2308 956 severitas

1298 973 1526 1004 ecclesiastice
1545 975 1720 1006 coherceat
1735 976 1925 1015 discipline.

1338 1027 1423 1057 Cum
1452 1028 1556 1067 igitur
1590 1029 1812 1068 proculdubio
1845 1031 1885 1060 ad
1912 1031 2022 1069 ipsius
2051 1032 2309 1071 archiepiscopi,

1297 1081 1461 1119 tanquam
1476 1081 1534 1120 qui
1551 1082 1711 1121 specialis
1728 1083 1760 1112 in
1777 1083 1912 1113 civitate
1931 1093 1966 1114 ac
1983 1085 2109 1115 diocesi
2127 1087 2157 1115 et
2175 1094 2308 1124 genera-

1298 1133 1342 1163 lis
1361 1134 1394 1164 in
1408 1135 1590 1174 metropoli
1608 1136 1800 1166 Nicosiensi
1816 1137 2005 1167 animarum
2017 1140 2066 1168 est
2083 1140 2219 1177 pateret
2235 1147 2310 1177 pas-

1298 1189 1362 1223 tor,
1378 1187 1527 1218 officium
1538 1189 1801 1227 spectetibidem
1814 1190 1848 1219 in
1859 1190 2007 1229 quolibet
2027 1191 2149 1222 clerico
2161 1193 2192 1221 et
2212 1191 2309 1226 laico,

1299 1241 1419 1272 Latino
1436 1243 1467 1272 et
1479 1242 1597 1279 Greco,
1612 1243 1856 1282 cujuscumque
1872 1244 2059 1282 dignitatis,
2072 1245 2308 1283 preminentie‚

1298 1294 1436 1324 honoris
1472 1303 1530 1325 seu
1568 1296 1773 1326 conditionis
1808 1297 1860 1326 vel
1892 1297 2143 1336 Jurisdictionis
2172 1298 2309 1332 existat,

1297 1348 1448 1386 predicta
1467 1350 1498 1378 et
1516 1348 1584 1379 alia
1601 1349 1751 1388 quelibet
1773 1350 1856 1380 vitia
1877 1353 1907 1380 et
1932 1353 2068 1389 peccata
2089 1351 2256 1390 corrigere
2275 1360 2310 1381 ac

1297 1402 1429 1440 punire,
1442 1402 1645 1440 imponendo
1657 1411 1773 1441 penaS,
1788 1405 1824 1433 ut
1837 1404 2033 1442 predicitur,
2046 1404 2143 1443 juxta
2155 1413 2310 1443 persona-

1297 1463 1372 1484 rum
1400 1456 1431 1485 et
1450 1464 1652 1486 excessuum
1676 1456 1870 1495 qualitates,
1899 1466 1973 1492 1105,
2000 1458 2055 1496 qui
2081 1459 2125 1494 te,
2152 1461 2310 1497 tanquam

1297 1508 1498 1538 catholicum
1514 1509 1577 1539 Dei
1597 1510 1629 1539 et
1651 1509 1724 1548 ejus
1741 1509 1883 1540 ecclesie
1901 1510 2022 1544 filium,
2046 1510 2240 1549 dictumque
2259 1519 2310 1541 re-

1297 1570 1400 1600 gnum
1416 1561 1645 1592 benivolentia
1658 1563 1897 1601 prosequimur
1913 1563 2065 1602 speciali,
2080 1564 2121 1593 ad
2144 1565 2239 1593 tuum
2260 1573 2308 1594 co-

1297 1617 1497 1653 gnoscentes
1507 1615 1668 1645 honorem
1679 1618 1839 1655 tuamque
1852 1616 1997 1646 salutem
2013 1618 2163 1655 spectare
2175 1617 2263 1655 quod
2277 1617 2309 1646 in

1298 1668 1440 1707 hiisque
1466 1669 1506 1698 ad
1533 1669 1645 1699 divine
1666 1669 1799 1708 justitie
1829 1670 1969 1706 cultum,
1988 1670 2150 1700 honorem
2169 1670 2309 1700 ecclesie

1299 1731 1335 1752 ac
1351 1722 1541 1752 animarum
1574 1722 1719 1752 salutem
1750 1723 1931 1761 pertinent,
1958 1725 2097 1762 paratus
2124 1723 2311 1753 inveniaris

1298 1777 1329 1805 et
1344 1777 1533 1813 promptus,
1553 1775 1767 1806 nobilitatem
1793 1778 1886 1806 tuam
1910 1785 2069 1815 rogamus
2087 1778 2116 1806 et
2135 1776 2312 1806 hortamur

1298 1830 1423 1859 attente
1454 1828 1654 1859 mandantes
1681 1827 1860 1867 quatenus,
1879 1830 2061 1867 pinder-ter
2091 1829 2311 1859 considerans

1298 1882 1388 1920 qnod
1413 1881 1645 1912 ecclesiastica
1665 1882 1898 1921 secularisque
1919 1884 2070 1921 potestas
2093 1883 2222 1912 mutuis
2242 1882 2311 1912 suf-

1298 1935 1417 1974 fragiis
1443 1935 1594 1974 indigent
1622 1937 1654 1965 et
1678 1935 1844 1972 foventur,
1868 1936 1956 1966 dicto
1981 1936 2234 1974 archiepiscopo
2258 1935 2312 1965 vel

1298 1989 1371 2027 ejus
1380 1988 1529 2023 vicariis,
1540 1997 1600 2027 pro
1611 1988 1738 2019 Christi
1753 1990 1900 2025 nomine,
1914 1989 2009 2028 cujus
2025 1991 2075 2019 est
2086 1990 2175 2019 idem
2187 1989 2311 2019 archie-

1298 2044 1457 2080 piscopus
1472 2041 1506 2071 in
1518 2042 1578 2072 hac
1592 2044 1685 2080 parte
1703 2043 1872 2080 minister,
1891 2052 1927 2073 ac
1942 2043 2029 2073 dicte
2045 2042 2136 2073 sedis
2153 2045 2182 2072 et
2200 2044 2313 2072 nostra

1299 2095 1501 2130 reverentia,
1512 2095 1545 2125 in
1558 2095 1742 2134 puniendis
1756 2097 1786 2125 et
1797 2096 2007 2135 corrigendis
2018 2096 2178 2134 predictis
2191 2097 2222 2125 et
2235 2095 2313 2126 aliis

1298 2149 1492 2188 hujusmodi
1509 2148 1709 2179 excessibus
1731 2149 1764 2178 in
1786 2158 1998 2188 quocumque
2018 2149 2139 2179 clerico
2159 2151 2191 2178 et
2214 2148 2313 2184 laico,

1300 2202 1421 2232 Latino
1438 2203 1470 2232 et
1487 2202 1606 2238 Greco,
1629 2202 1789 2236 civitatis,
1807 2203 1956 2233 diocesis
1973 2204 2005 2233 et
2022 2202 2222 2240 metropolis
2240 2210 2311 2240 pre-

1300 2255 1480 2291 dictarum,
1502 2264 1538 2285 ac
1555 2255 1816 2285 manutenendis
1832 2255 1973 2285 ecclesie
1989 2264 2048 2285 sue
2060 2255 2195 2294 juribus
2215 2256 2245 2284 et
2260 2254 2313 2284 110·

1300 2308 1442 2339 noribus
1465 2317 1595 2338 necnon
1612 2311 1643 2338 et
1658 2308 1902 2347 compellendis
1927 2308 2074 2338 subditis
2095 2308 2167 2338 suis
2188 2308 2229 2337 ad
2248 2307 2314 2337 sibi

1300 2362 1489 2401 parendum
1501 2364 1533 2392 et
1551 2363 1800 2399 contemptores
1817 2361 1964 2391 clavium
1981 2361 2124 2392 ecclesie
2141 2360 2316 2392 0011010011-

1301 2416 1354 2446 dis
1377 2415 1450 2446 sive
1475 2415 1658 2454 puniendis
1687 2414 1864 2451 assistens,
1881 2416 2086 2453 oportunum
2115 2415 2266 2445 favorem
2284 2416 2315 2444 et

1302 2469 1423 2500 efficax
1450 2468 1618 2499 auxilium
1641 2468 1782 2505 eisdem,
1808 2477 1884 2498 cum
1904 2467 1944 2498 ab
1968 2468 2053 2507 ipsis
2075 2468 2181 2499 fueris
2205 2468 2317 2507 requi-

1303 2523 1402 2556 situs,
1422 2522 1612 2561 impendas,
1630 2521 1677 2552 ita
1689 2521 1777 2560 quod
1797 2521 1886 2552 idem
1901 2521 2178 2561 archiepiscopus
2196 2521 2318 2552 exinde

1303 2575 1470 2606 sincerius
1486 2577 1518 2606 10
1534 2577 1673 2614 paterno
1688 2577 1915 2614 prosequatur
1933 2575 2052 2607 affectu
2070 2577 2101 2606 et
2119 2584 2180 2606 nos
2197 2575 2231 2605 in
2247 2574 2316 2605 tuis

1304 2629 1413 2659 simus
1429 2629 1461 2659 et
1479 2628 1642 2667 sepedicti
1665 2628 1760 2668 regni
1779 2628 1987 2659 utilitatibus
2010 2629 2237 2668 promptiores
2258 2636 2318 2659 nec

1304 2683 1457 2721 oporteat
1473 2691 1534 2712 1105
1552 2691 1654 2721 super
1670 2681 1738 2712 hiis
1755 2682 1855 2712 aliter
1866 2682 2055 2721 providere.
2070 2682 2245 2721 Alioquin,
2263 2691 2320 2713 no-

1303 2736 1413 2766 lentes
1439 2736 1495 2774 jus
1516 2735 1729 2766 Nicosiensis
1749 2735 1903 2772 ecclesie,
1929 2736 2010 2775 quin
2030 2736 2185 2766 divinum
2204 2735 2318 2774 potius

1304 2789 1429 2828 negligi
1459 2789 1511 2819 vel
1534 2788 1791 2827 presumptione
1811 2789 1924 2827 aliqua
1945 2789 2114 2827 occupari,
2135 2797 2209 2819 cum
2229 2788 2319 2819 defe-

1306 2842 1449 2872 rendum
1465 2850 1532 2872 non
1552 2842 1596 2872 sit
1619 2842 1720 2872 alicui
1738 2843 1854 2872 contra
1870 2842 1993 2879 Deum,
2011 2842 2120 2871 eidem
2139 2841 2320 2880 archiepis-

1306 2904 1400 2935 copo,
1419 2895 1496 2926 licet
1513 2895 1587 2934 ipse
1606 2904 1648 2926 ex
1665 2895 1776 2926 officio
1796 2903 1857 2925 suo
1872 2895 2067 2934 hujusmodi
2085 2894 2253 2925 auxilium
2272 2894 2320 2924 111-
