2519 3262
1096 251 1350 281 APPENDICE
1373 251 1404 281 II
2257 264 2296 293 59

209 341 241 368 et
264 339 410 369 offensas
427 340 458 370 et
476 339 652 378 promittet
669 348 797 376 cavere,
814 341 912 379 Juxta
932 341 1128 371 mandatum
1147 350 1223 372 nos·
1249 346 1252 406 ἆ
1281 343 1451 372 communi
1475 343 1656 381 Spoletano
1680 345 1768 383 quod
1786 354 1827 375 ex
1851 355 1916 385 quo
1935 347 2077 385 predicti
2103 349 2230 379 domini
2254 351 2293 381 de

209 392 311 428 trum,
337 392 426 431 quod
450 392 604 423 decetero
629 401 694 422 non
718 393 921 432 inquietabit
943 402 1003 424 nec
1029 394 1223 426 molestabit
1248 427 1251 446 Ι
1280 396 1410 425 Arrone
1428 397 1460 425 et
1479 396 1519 425 de
1539 396 1769 427 Castro-lacus
1793 399 1841 428 sic
1861 400 2046 430 restiterint
2065 403 2179 432 nostre
2196 402 2293 433 bene-

208 446 332 475 terram
365 445 475 484 ipsam
506 454 566 475 nec
592 446 779 484 predictam
811 446 990 476 ecclesiam
1021 455 1122 485 super
1150 447 1220 478 illa.
1247 454 1250 511 ἰ
1280 448 1404 486 placito
1434 448 1629 484 voluntatis,
1659 459 1721 480 non
1746 451 1954 482 intendimus
1980 462 2041 483 nos
2066 454 2291 485 intromittere

248 497 423 528 'l'ractabis
437 498 557 529 deinde
569 507 645 529 cum
658 498 830 529 nobilibus
846 499 931 529 viris
947 499 1094 530 dominis
1111 500 1151 530 de
1162 501 1223 530 Ar-
1248 513 1249 519 ¹
1280 500 1320 530 de
1335 499 1531 530 defensione
1554 501 1705 540 ipsorum
1723 503 1936 535 dominorum
1956 514 2021 544 quo
2042 507 2082 536 ad
2099 506 2160 537 hoc
2176 510 2291 538 contra

208 559 287 581 rone
308 552 341 581 et
355 551 395 581 de
414 551 644 582 Castro-lacus
663 561 766 591 super
781 561 861 591 pace
880 555 912 582 et
935 553 1112 583 concordia
1135 553 1222 583 inter
1247 522 1249 589 i
1279 552 1405 582 dictum
1423 562 1616 589 commune:
1637 557 1667 585 et
1688 555 1747 585 hoc
1773 556 1885 594 ipsum
1906 558 2034 588 eisdem
2053 560 2200 590 dominis
2221 563 2289 591 stu-

207 612 265 634 eos
279 606 310 634 et
328 604 455 634 dictum
472 613 650 635 commune
665 605 895 643 Spoletanum7
914 608 1048 636 auctore
1062 606 1220 640 Domino,
1247 596 1249 651 ]
1279 606 1359 636 deas
1375 606 1545 636 intimare.
1564 608 1599 638 Si
1617 617 1694 638 vero
1713 610 1861 639 castrum
1878 610 1991 649 ipsum
2009 612 2048 642 de
2066 613 2231 643 Peruculo
2249 615 2290 644 ad

208 656 433 692 reformanda,
457 657 613 688 videlicet
641 658 730 697 quod
753 660 901 688 castrum
926 658 1084 688 Peruculi
1112 659 1220 689 eidem

208 710 377 740 communi
392 710 573 749 Spoletano
584 711 782 741 restituatur
796 712 828 741 et
843 711 932 741 idem
947 719 1124 742 commune
1140 712 1217 751 Spo-

208 763 369 800 letanum,
383 766 546 802 quantum
561 764 603 794 ad
615 764 708 802 ipsos
725 764 892 800 dominos,
912 764 1031 794 ineuin
1044 767 1169 795 statum
1186 765 1219 795 in

207 923 297 952 modi
315 923 404 952 idem
417 931 593 953 commune
605 923 837 961 Spoletanum,
851 924 1014 961 quantum
1032 924 1073 953 ad
1088 932 1219 962 posses-

207 975 337 1006 sionem
350 976 403 1006 vel
422 976 523 1006 etiam
536 976 790 1014 proprietatem,
807 975 909 1006 nichil
924 976 964 1006 de
978 985 1064 1006 novo
1080 985 1220 1015 prorsus

204 1029 292 1067 J‘uris
310 1029 476 1068 acquirat:
491 1029 623 1059 etidem
639 1037 816 1059 commune
834 1029 1055 1067 Spoletanum
1072 1030 1219 1060 remittet
1246 1038 1247 1042 ¹

207 1082 256 1111 eis
275 1090 392 1111 omnes
416 1082 561 1112 offensas
584 1081 782 1120 hujusmodi
804 1090 864 1112 nec
887 1086 1025 1121 propter
1044 1082 1104 1113 hoc
1129 1083 1220 1121 ipsos

206 1134 358 1165 decetero
372 1134 584 1170 molestabit3
597 1136 627 1165 et
638 1134 749 1165 dicere
758 1135 887 1173 poteris
899 1135 1062 1174 predictis
1073 1136 1220 1166 dominis

206 1188 306 1226 quod,
325 1188 355 1217 si
366 1187 537 1218 voluerint
548 1188 605 1227 jus
619 1196 719 1218 suum
732 1197 833 1227 super
847 1188 914 1218 hiis
929 1189 1089 1228 prosequi
1107 1198 1219 1220 coram
1246 1204 1247 1216 1

206 1240 314 1277 nobis,
333 1249 396 1271 nos
415 1243 530 1271 contra
556 1250 734 1272 commune
752 1242 973 1280 spoletanum
990 1242 1147 1272 dabimus
1170 1243 1220 1273 eis

204 1294 340 1333 plenam
356 1294 527 1333 „iustitiam
546 1295 580 1324 in
598 1295 660 1325 hac
675 1296 781 1333 parte.
801 1295 959 1326 Predicta
977 1298 1091 1326 tamen
1107 1296 1220 1326 omnia

204 1347 382 1386 fiant‚jure
395 1348 544 1386 predicte
559 1348 712 1379 Romane
725 1348 866 1379 ecclesie
880 1349 916 1378 in
931 1349 1017 1388 ipsis
1031 1358 1091 1388 per
1107 1350 1221 1379 omnia

205 1408 339 1439 semper
365 1401 471 1431 salvo.
498 1401 533 1431 Si
554 1403 667 1432 autem
688 1401 722 1431 in
742 1401 803 1432 hoc
829 1401 909 1432 dicti
930 1402 1058 1432 domini
1083 1410 1222 1432 consen·
1246 1413 1247 1420 ¹

204 1454 301 1489 tiant,
318 1463 379 1484 nos
391 1454 646 1490 nichilominus,
666 1455 868 1494 priusquam
884 1456 1056 1486 restitutio
1073 1456 1113 1486 de
1132 1456 1219 1486 dicto
1246 1463 1247 1469 ¹

204 1509 314 1537 castro
325 1507 484 1538 Peruculi
498 1508 566 1543 fiat,
582 1508 713 1538 tamdiu
725 1507 788 1538 sub
803 1508 964 1547 expensis
973 1508 1124 1547 ejusdem
1139 1509 1219 1547 Spo-

203 1560 308 1590 letani
331 1561 522 1591 communis
543 1560 734 1592 tenebimus
757 1561 791 1591 in
817 1562 944 1592 nostris
968 1561 1126 1592 manibus
1149 1571 1218 1592 cas-

203 1615 294 1644 trum
320 1613 433 1652 ipsum
458 1614 563 1644 donec
590 1614 689 1644 nobis
714 1614 753 1645 de
779 1623 864 1652 pena
888 1614 982 1645 mille
1007 1615 1218 1645 marcharum
1246 1610 1267 1616 ³

204 1667 446 1706 sterlingorum
462 1667 562 1698 fuerit
575 1668 726 1706 plenarie
741 1667 970 1703 satisfactum,
985 1671 1014 1698 et
1033 1676 1135 1706 super
1152 1668 1219 1698 biis
1245 1680 1246 1683 ¹

205 1720 308 1750 etiam
328 1720 593 1759 assignabuntur
612 1721 683 1751 sive
704 1721 944 1760 obligabuntur
966 1720 1064 1751 nobis
1084 1721 1218 1760 fidejus-

206 1782 301 1803 sores
327 1773 486 1812 superius
514 1774 702 1805 memorati.
736 1774 832 1809 Quod
860 1774 889 1804 si
915 1774 995 1804 dicti
1024 1775 1151 1804 domini
1178 1775 1218 1804 de
1244 1784 1246 1799 1

204 1827 334 1856 Arrone
362 1829 393 1857 et
422 1827 654 1857 Castro-lacus
684 1827 951 1857 condescendere
980 1828 1149 1858 noluerint
1184 1829 1218 1857 in

204 1880 288 1910 hanc
306 1880 406 1915 viam,
427 1882 462 1911 tu
480 1883 614 1915 extunc,
633 1882 806 1919 tamquam
821 1889 862 1910 ex
882 1881 993 1911 officio
1011 1884 1125 1911 nostro
1144 1891 1219 1920 pro-
1244 1897 1246 1919 1,

203 1933 336 1969 cedens,
355 1934 448 1963 dicas
464 1933 591 1964 eisdem
609 1933 758 1964 dominis
775 1934 814 1964 de
831 1935 962 1964 Arrone
980 1936 1011 1964 et
1030 1934 1069 1965 de
1086 1935 1218 1965 Castro—

203 1986 298 2016 lacus
323 1987 412 2025 quod
432 1988 543 2017 nostre
567 1987 752 2017 voluntatis
776 1989 807 2018 et
827 1987 1027 2017 intentionis
1048 1987 1165 2018 existit
1183 1990 1219 2018 ut
1245 1981 1246 1992 ¹

202 2039 397 2079 hujusmodi
412 2040 547 2070 sedetur
557 2041 727 2071 discordia
739 2042 770 2071 et
786 2041 956 2077 scandala,
968 2041 1028 2071 hac
1044 2041 1220 2072 occasione

204 2093 353 2130 suborta,
378 2102 438 2132 per
455 2098 567 2124 nostre
585 2094 793 2132 provisionis
809 2094 1059 2133 providentiam
1086 2095 1220 2134 sopian-

202 2149 273 2182 tur3
293 2147 381 2177 unde
399 2149 493 2185 petes
509 2147 550 2176 ab
566 2147 616 2177 eis
639 2147 727 2185 quod
746 2148 873 2178 dictum
890 2149 1040 2178 castrum
1058 2147 1218 2178 Peruculi
1245 2189 1246 2193 Ἰ

205 2200 310 2230 libere
330 2200 364 2230 111
386 2200 545 2230 manibus
569 2200 695 2230 nostris
719 2203 857 2239 ponant.
883 2201 983 2231 Petes
1005 2201 1108 2231 etiam
1131 2201 1219 2232 dicto

205 2253 375 2284 communi
394 2253 575 2292 Spoletano
595 2254 684 2292 quod
701 2254 780 2284 illos
797 2254 836 2284 de
854 2254 954 2284 dictis
971 2254 1119 2284 dominis
1136 2263 1220 2293 quos
1245 2265 1246 2284 1

204 2306 327 2336 habent
355 2307 517 2345 captivos„
546 2307 579 2336 in
600 2307 757 2337 manibus
781 2307 850 2337 tuis
878 2307 1058 2337 restituant
1079 2309 1109 2338 et
1136 2308 1219 2337 assi-

204 2361 320 2398 gnent3
340 2362 371 2390 et
387 2359 486 2390 sihoc
499 2360 625 2390 factum
639 2360 753 2394 fuerit,
771 2360 889 2390 tandiu
901 2360 1058 2390 similiter
1070 2361 1219 2390 castrum
1244 2361 1246 2390 1

206 2413 319 2451 ipsum
344 2413 536 2443 tenebimus
562 2413 667 2443 donec
693 2413 904 2444 satisfactum
931 2413 1033 2443 fuerit
1057 2412 1156 2443 nobis
1180 2413 1219 2443 de
1245 2413 1246 2422 ¹

206 2474 292 2505 pena
308 2468 338 2496 et
351 2466 512 2504 expensis
529 2475 589 2505 pro
604 2466 756 2496 custodia
773 2466 876 2497 castri
889 2466 996 2501 factis,
1011 2468 1109 2505 prout
1125 2475 1221 2505 supe·
1245 2468 1246 2474 ¹

206 2519 278 2549 rius
292 2521 344 2550 est
356 2527 569 2558 expressum.
584 2519 717 2554 Quibus
734 2528 792 2558 per
807 2520 935 2550 dictum
947 2528 1124 2550 commune
1141 2520 1221 2558 Spo-
1245 2513 1247 2518 X

205 2571 355 2602 letanum
365 2571 528 2610 impletis,
544 2572 672 2602 dictum
686 2574 836 2602 castrum
848 2573 1068 2603 restituemus
1079 2572 1219 2608 eisdem,

206 2625 273 2655 nisi
289 2625 425 2655 omnino
438 2625 573 2662 justitia
593 2625 654 2655 hoc
676 2625 749 2655 fieri
767 2625 976 2664 prohiberet.
994 2625 1030 2655 Si
1046 2634 1126 2655 vero
1144 2633 1220 2664 pre-

206 2678 286 2709 dicti
303 2678 431 2708 domiui
444 2678 505 2708 hoc
519 2678 628 2708 facere
642 2677 730 2708 forte
744 2678 924 2714 noluerint,
939 2678 1028 2708 idem
1044 2687 1220 2708 commune

206 2731 426 2770 spoletanum
445 2730 619 2761 exhibebit
643 2731 747 2761 aliam
767 2731 932 2770 ydoneam
951 2732 1141 2762 cautionem
1160 2740 1220 2770 pro

205 2784 273 2815 hiis
291 2784 344 2815 vel
360 2784 566 2815 sufficientia
591 2785 731 2823 pignora
750 2786 808 2814 aut
830 2784 1022 2823 singulares
1044 2792 1218 2823 personas,

198 2838 249 2869 -ad
257 2838 319 2868 hoc
328 2838 410 2868 adeo
421 2837 629 2868 sufficientes
641 2839 670 2868 et
683 2837 844 2876 ydoneas,
857 2838 946 2876 quod
956 2838 995 2868 de
1008 2837 1104 2876 ipsis,
1118 2845 1221 2876 quan-

206 2893 278 2922 tum
292 2891 333 2922 ad
347 2891 495 2930 predicte
507 2899 591 2930 pene
607 2891 823 2925 solutionem,
836 2899 897 2921 nos
912 2890 1103 2930 etpredicta
1119 2890 1222 2920 eccle·
1246 2897 1249 2932 ,³

209 2945 260 2975 sia
278 2945 398 2975 merito
414 2945 586 2983 possimus
605 2952 681 2974 esse
698 2943 827 2978 securi;
848 2946 880 2974 et
896 2945 977 2974 tunc
994 2943 1087 2974 dices
1109 2943 1219 2973 eidem
1246 2934 1249 2970 ἕ

1247 686 1248 703 ἶ
1279 667 1400 688 manus
1424 661 1558 689 nostras
1579 660 1736 691 devenire
1760 663 1938 701 contigerit
1961 667 1992 694 et
2013 665 2155 695 detineri
2178 667 2211 696 in
2237 667 2289 706 pi-

1246 745 1248 754 .
1278 719 1380 750 gnore
1397 721 1572 751 quousque
1587 713 1713 744 dictum
1728 723 1905 745 commune
1917 717 2136 754 spoletanum
2149 719 2188 749 de
2204 729 2289 758 pena

1246 762 1248 799 {
1278 765 1310 794 et
1327 765 1486 802 expensIs
1504 765 1705 802 satisfaciat,
1725 769 1759 797 ut
1780 769 1830 797 est
1846 768 1984 804 dictum,
2004 770 2145 801 detineri
2163 775 2193 802 et
2213 781 2288 803 cus-

207 825 273 854 quo
286 818 392 853 erant,
412 818 562 855 tempore
577 817 772 856 hujusmodi
785 819 874 847 111016
889 817 1068 851 discordie,
1088 818 1220 848 reduca-
1246 804 1247 826 ἶ

206 870 261 899 tur
278 869 325 899 ita
347 870 435 908 quod
454 878 513 908 per
533 870 782 900 restitutionem
804 871 837 900 et
855 870 1086 900 reduc-tionem
1108 870 1220 909 hujus-
1246 874 1248 879 ’

1277 817 1379 847 todiri
1406 817 1569 848 faciemus
1594 821 1742 850 castrum
1771 821 1959 859 predictum
1985 831 2043 852 nec
2069 825 2288 856 restituemus

1278 878 1336 900 nec
1364 871 1499 901 restitui
1522 872 1686 902 faciemus
1707 874 1833 904 eisdem
1853 883 2028 914 quousque
2054 877 2094 906 <le
2113 886 2196 915 pene
2214 887 2285 916 pre-

1278 923 1366 954 dicta
1385 925 1417 954 et
1432 926 1602 970 expensis,
1623 934 1707 964 quas
1724 935 1783 965 pro
1800 927 1910 966 ipsius
1929 929 2082 959 custodia
2099 930 2171 960 fieri
2189 932 2290 961 conti-

1271 970 1374 1015 gerit,
1397 977 1494 1008 nobis
1520 978 1621 1008 fuerit
1646 979 1796 1017 plenarie
1818 981 2043 1011 satisfactum.

1318 1030 1474 1061 Ceterum
1487 1031 1526 1061 de
1544 1033 1749 1062 monasterio
1763 1034 1940 1064 Ferentilli
1957 1036 1987 1065 et
2000 1036 2071 1074 eJ‘us
2084 1038 2173 1066 terra
2186 1037 2289 1067 nichil

1278 1083 1472 1122 specialiter
1489 1093 1568 1124 ages
1585 1085 1642 1121 ibi,
1664 1086 1743 1124 quia
1760 1086 1794 1116 in
1817 1088 1986 1118 mandatis
2003 1097 2063 1126 per
2086 1098 2146 1119 nos
2165 1090 2290 1121 facien-

1278 1137 1332 1166 dis
1348 1137 1407 1168 hec
1425 1138 1587 1168 duximus
1606 1139 1822 1170 reservanda.

1317 1191 1394 1221 Hiis
1417 1191 1521 1230 igitur
1539 1192 1786 1231 sollempniter,
1805 1194 1889 1224 sicut
1914 1195 2018 1229 decet,
2043 1199 2073 1226 et
2094 1196 2157 1226 rite
2180 1205 2290 1235 perac-

1277 1245 1334 1280 tis³
1353 1244 1465 1275 veniet
1487 1245 1528 1275 ad
1554 1246 1761 1284 presentiam
1780 1249 1930 1277 nostram
1955 1249 2117 1287 syndicus
2138 1250 2289 1287 ejusdem

1278 1297 1452 1336 Spoletani
1479 1300 1681 1335 communis,
1709 1308 1784 1329 cum
1811 1300 1992 1331 sufficienti
2022 1304 2053 1332 et
2076 1302 2175 1341 pleno
2198 1312 2290 1333 man-

1278 1350 1355 1380 dato
1382 1351 1421 1380 ad
1447 1350 1628 1389 jurandum
1665 1354 1695 1382 et
1733 1353 1923 1384 faciendum
1953 1355 2065 1384 omnia
2097 1364 2160 1394 que
2189 1365 2290 1395 super

1278 1403 1344 1433 hiis
1374 1404 1501 1434 fuerint
1532 1405 1695 1435 facienda.
1727 1406 1851 1436 Datum
1883 1407 1971 1445 apud
2000 1408 2289 1446 Urbemveterem,

1278 1457 1452 1497 idusjunii
1469 1458 1686 1497 pontificatus
1704 1459 1812 1490 nostri
1830 1468 1915 1490 311110
1934 1462 2092 1492 secundo.
2116 1472 2130 1491 »

1367 1607 1464 1638 2953

1862 1609 1988 1643 Orvieto,
2011 1610 2040 1636 17
2055 1609 2117 1645 juin
2139 1610 2214 1638 1203.

1313 1690 1450 1725 Episcopo
1468 1693 1496 1717 et
1512 1691 1637 1725 capitulo
1660 1692 1809 1719 Verulauis
1832 1692 1960 1728 indulget
1979 1696 2020 1724 111,
2039 1695 2159 1720 cedente
2181 1694 2224 1721 vel
2238 1696 2290 1721 de·-

1277 1740 1394 1766 eedente
1409 1740 1493 1766 Petro
1510 1739 1625 1772 clerico,
1643 1743 1746 1775 nepote
1764 1741 1890 1776 episcopi
1907 1742 2031 1773 Troiani,
2049 1743 2170 1769 ecclesia
2189 1752 2212 1770 s.
2225 1745 2290 1770 Ste—

1276 1789 1363 1823 phani
1377 1790 1410 1815 de
1423 1789 1541 1819 Boiano,
1560 1789 1720 1816 Verulanae
1739 1790 1871 1817 diocesis.
1890 1792 1926 1817 ad
1939 1799 2005 1818 usus
2022 1791 2150 1826 ipsorum
2170 1800 2289 1820 mensae

1276 1840 1446 1864 revertatur.
1466 1839 1567 1869 (Auen.
1583 1845 1791 1866 CAPITULAIRES
1810 1847 1842 1866 ms
1858 1840 1992 1874 X'Enom.)

1317 1942 1332 1961 «
1356 1931 1497 1962 Urbanus
1520 1933 1691 1972 episc-opus,
1719 1943 1820 1963 servus
1843 1943 1998 1963 sci-corum
2029 1934 2095 1969 Dei,
2126 1934 2290 1964 venerabili

1275 1985 1391 2024 fratri.
1406 2012 1411 2016 .
1430 1986 1583 2025 episcopo,
1603 1990 1629 2015 c!
1646 1985 1763 2016 dilectis
1780 1986 1856 2026 filiis
1873 1987 2008 2026 capitulo
2032 1987 2192 2017 Verulanis
2208 1987 2288 2016 salu-

1278 2044 1333 2068 tem
1359 2044 1386 2068 et
1415 2039 1612 2078 apostolicam
1648 2039 1895 2071 benedictionem.
1925 2041 2147 2079 Exigentibus
2177 2043 2288 2071 vestre

1277 2093 1468 2123 devotionis
1482 2093 1626 2127 meritis.
1645 2093 1734 2123 votis
1752 2094 1876 2124 vestris
1895 2093 2039 2124 libenter
2058 2095 2240 2124 annuimus
2257 2096 2287 2125 et

1277 2146 1460 2184 petitiones
1474 2148 1614 2182 vestras.
1634 2149 1797 2185 quantum
1816 2155 1889 2177 cum
1902 2147 1972 2177 Deo
1984 2156 2178 2186 possumus,
2199 2147 2287 2178 savo-

1277 2199 1431 2229 rabiliter
1448 2199 1663 2229 exaudimus.
1682 2200 1766 2230 Cum
1780 2200 1892 2239 igitur.
1913 2200 1999 2231 sicut
2013 2209 2054 2230 ex
2070 2202 2163 2239 parte
2175 2203 2289 2231 vestra

1278 2253 1340 2283 fuit
1366 2253 1580 2291 propositum
1600 2262 1712 2283 coram
1736 2252 1846 2289 nobis,
1863 2253 2006 2283 ecclesia
2020 2262 2047 2284 S.
2070 2254 2231 2292 Stephani
2248 2254 2288 2284 de

1277 2306 1421 2342 Boiano,
1438 2306 1608 2336 Verulane
1625 2306 1781 2341 diocesis,
1797 2306 1898 2336 Petro
1915 2306 2047 2342 clerico,
2062 2307 2175 2346 nepoti
2191 2315 2287 2337 vene-

1278 2359 1396 2389 rabilis
1406 2359 1522 2401 fratris
1534 2359 1642 2389 nostri
1654 2359 1817 2398 [episcopi
1829 2359 1991 2398 TroiaJnL
2005 2360 2204 2390 auctoritate
2215 2360 2288 2390 feli-

1278 2413 1326 2443 cis
1337 2412 1580 2443 recordationis
1590 2412 1777 2443 Innocentii
1790 2421 1886 2451 pape,
1899 2413 2150 2451 predecessoris
2164 2413 2285 2449 nostri,

1277 2465 1399 2496 collata
1422 2466 1536 2502 suerit,
1564 2475 1628 2505 que
1648 2466 1782 2497 comuni
1803 2474 1918 2496 mense
1937 2468 2048 2496 vestre
2072 2466 2181 2496 fuerat
2208 2466 2288 2505 dep-

1278 2519 1394 2558 lutam,
1407 2519 1544 2557 vestris]
1556 2518 1863 2558 supplicationibus
1874 2518 2038 2554 inclinati,
2050 2520 2085 2549 ut
2098 2519 2215 2549 eodem
2227 2519 2288 2550 cle-

1277 2572 1346 2602 rico
1367 2572 1504 2602 cedente
1522 2572 1575 2602 vel
1598 2572 1787 2607 decedente,
1806 2571 1935 2610 prefata
1951 2571 2095 2601 ecclesia
2115 2571 2224 2602 libere
2247 2572 2289 2602 ad

1278 2633 1361 2655 usus
1376 2625 1526 2663 predicte
1551 2632 1678 2660 mense,
1708 2624 1794 2654 sicut
1822 2624 1917 2662 prius
1933 2626 2015 2660 erat,
2033 2633 2108 2654 011111
2127 2624 2286 2655 omnibus

1279 2677 1351 2707 suis
1365 2677 1593 2716 pertinentiis,
1613 2679 1810 2707 revertatur.
1830 2676 1871 2706 ad
1887 2677 1994 2706 instar
2009 2676 2120 2707 felicis
2136 2678 2288 2708 recorda-

1277 2730 1381 2760 tionis
1391 2730 1579 2761 Alexandri
1590 2729 2075 2769 pape,predecessorisnostri,
2089 2730 2288 2761 auctoritate

1277 2783 1374 2813 vobis
1392 2783 1601 2822 presentium
1619 2782 1846 2822 indulgemus,
1865 2782 2084 2813 decernentes
2105 2783 2241 2813 irritum
2257 2784 2289 2813 et

1277 2836 1377 2866 inane
1397 2837 1427 2866 si
1451 2845 1549 2866 secus
1572 2836 1611 2866 de
1628 2836 1717 2866 dicta
1745 2836 1886 2866 ecclesia
1904 2835 1957 2866 vel
1983 2836 2200 2874 pertinentiis
2217 2836 2289 2866 suis

1279 2889 1379 2919 suerit
1395 2890 1643 2928 attemptatum,
1663 2897 1728 2919 non
1747 2888 1961 2919 obstantibus
1978 2888 2151 2928 aliquibus
2165 2889 2289 2920 litteris

1279 2941 1320 2972 ab
1339 2941 1525 2980 apostolica
1545 2942 1623 2972 sede
1643 2941 1791 2973 obtentis
1809 2942 1862 2972 vel
1880 2942 1983 2973 etiam
1998 2941 2202 2978 obtinendis,
2223 2942 2290 2973 nisi
