2519 3262
230 224 288 254 162

773 305 896 339 Orvieto,
910 306 943 332 20
954 304 1069 340 janvier
1088 305 1164 333 1261,

321 307 417 338 1274

267 390 404 425 Episcopo
422 390 565 417 Aninionsi
581 390 709 425 indulget
728 393 768 420 ut,
784 390 817 416 ad
833 389 1040 416 sublevandum
1055 396 1143 416 onera
1158 388 1236 415 debi-

230 442 325 466 torum
354 439 442 473 ipsius
473 439 621 469 ecclesiae,
654 438 812 473 prioratum
840 438 927 465 ctiam
947 446 1092 464 summam
1119 439 1235 464 centum

232 496 394 514 marcarum
415 488 619 522 sterlingorum
648 487 805 519 valentem,
836 495 891 513 una
916 495 981 513 cuni
1009 486 1174 521 episcopatu
1191 494 1237 513 ac-

231 536 325 570 cipere
344 539 368 562 et
389 536 511 563 retinere
529 535 631 562 valcat.
650 535 728 569 (Rea.
746 537 790 566 29,
806 535 854 562 fol.
872 535 932 566 106,
949 539 980 561 n⁰
1001 535 1076 569 324.)

275 654 289 672 «
312 668 316 673 .
336 668 340 672 .
359 640 498 683 episcopo
516 643 682 673 Aniciensi.
711 643 806 679 Cum,
829 643 915 673 sicut
934 643 967 672 in
989 644 1105 672 nostra
1122 650 1239 680 propo-

232 697 330 727 suisti
350 696 518 735 presentia
535 696 751 732 constItutus,
770 695 964 726 Anicicnsis
982 695 1124 726 ecclesia
1144 694 1237 734 gravi

231 752 404 788 prematur
436 758 535 779 onere
570 748 773 782 debitorum,
815 757 876 778 nos
906 748 1059 779 volentes
1098 748 1132 777 in
1163 748 1236 783 hoc,

232 804 394 841 quantum
414 811 489 832 cum
506 803 576 832 Deo
595 810 790 840 possumus,
814 801 941 831 salubri
960 801 1109 831 remedio
1126 800 1236 839 provi-

230 856 319 892 dere,
338 858 384 889 ut,
404 856 432 885 si
451 856 576 894 aliquis
592 855 644 885 vel
663 855 768 894 aliqui
784 855 955 893 prioratus
976 854 1071 894 cujus
1090 854 1142 884 vel
1156 862 1237 893 quo-

230 917 305 939 rum
328 910 511 947 proventus
548 908 649 938 etiam
681 916 849 938 summam
881 911 1013 938 centum
1047 912 1237 937 marcarum

230 961 470 1000 sterlingorum
495 961 629 991 valeant
657 960 844 997 annuatim,
862 960 924 990 tibi
943 960 984 990 ab
1002 960 1175 999 aliquibus
1196 959 1239 989 ad

230 1024 314 1054 quos
337 1014 532 1045 eorumdem
559 1016 687 1052 spectat
714 1013 850 1044 collatio
868 1014 1061 1051 offerantur,
1087 1013 1181 1052 ipsos
1199 1013 1237 1042 li-

230 1068 293 1098 cite
317 1068 464 1106 recipere
483 1069 514 1098 et
531 1076 597 1097 una
615 1076 690 1097 cum
715 1067 912 1106 episcopatu
939 1067 1112 1097 Aniciensi
1132 1066 1237 1097 libere

230 1121 374 1152 retinere
392 1121 517 1157 valeas,
542 1120 652 1159 ipsius
673 1122 856 1159 proventus
873 1120 907 1150 in
925 1120 1129 1150 solutionem
1145 1119 1236 1150 debi—

230 1164 341 1205 torum'
358 1174 551 1213 hujusmodi
574 1174 809 1210 convertendo,
829 1174 1069 1204 constitutione
1091 1175 1148 1204 aut
1163 1173 1236 1212 qui-

230 1228 378 1258 buslibet
400 1227 621 1267 indulgentiis
647 1227 739 1257 sedis
766 1227 949 1266 apostolice
968 1227 1146 1257 contrariis
1162 1226 1236 1265 qui-

230 1281 438 1320 buscumque
478 1281 633 1320 personis
674 1281 845 1311 concessis
883 1288 942 1319 per
981 1289 1065 1319 quas
1099 1281 1237 1311 effectus

230 1335 438 1374 presentium
464 1334 621 1374 impediri
644 1334 753 1364 valeat
778 1334 830 1364 vel
862 1334 1002 1367 differri,
1022 1342 1237 1372 nequaquam

230 1388 455 1424 obstantibUS,
473 1388 672 1418 auctoritate
690 1387 752 1418 tibi
776 1387 984 1426 presentium
1006 1387 1234 1425 indulgemus.

231 1441 280 1471 lta
307 1443 419 1471 tamen
438 1441 527 1480 quod
552 1442 735 1479 proventus
761 1440 954 1479 hujusmodi
979 1440 1012 1469 in
1031 1440 1237 1470 solutionem

230 1494 457 1533 predictorum
482 1493 673 1524 debitorum
701 1493 913 1532 integraliter
938 1494 1177 1523 convertantur
1206 1494 1238 1523 et

230 1547 332 1577 iidem
356 1547 526 1585 prioratus
542 1546 678 1576 interim
703 1546 827 1576 debitis
852 1546 1026 1585 obsequiis
1053 1555 1118 1576 non
1149 1545 1237 1575 frau-

230 1600 360 1630 dentur.
392 1600 514 1629 Datum
550 1599 638 1637 apud
664 1598 954 1634 Urbemveterem,
990 1608 1039 1628 1111
1071 1598 1238 1629 kalendas

231 1653 404 1687 februarii,
422 1661 508 1682 anno
522 1652 632 1683 tertio.
656 1662 670 1681 »

324 1827 416 1857 1275
773 1824 896 1854 Urviem,
914 1826 948 1851 23
959 1823 1072 1859 janvicr
1088 1824 1164 1851 1204.

267 1910 446 1943 bis-pensatio
472 1912 499 1936 ut
525 1909 648 1936 residere
679 1917 735 1935 non
759 1911 902 1935 tencatur.
927 1909 1006 1943 (ltin.
1031 1910 1075 1939 29,
1100 1909 1147 1935 sol.
1176 1909 1236 1940 ltlt'»,

231 1958 347 1993 110325.)

270 2078 286 2098 «
308 2091 314 2097 .
333 2091 337 2096 .
356 2067 459 2096 abbati
472 2066 575 2096 lnsule
592 2067 727 2096 Barbas-e
740 2067 963 2107 Lnydunensis.
986 2068 1168 2098 Personam
1186 2077 1238 2099 ve-

231 2121 392 2151 nerabilis
405 2121 519 2151 fratris
532 2121 658 2151 nostri.
676 2144 682 2149 .
698 2121 846 2159 episcopi
865 2121 1070 2158 Aniciensis,
1086 2121 1238 2152 volentes

229 2175 389 2213 prosequi
409 2174 522 2204 favore
543 2175 648 2213 gratie
672 2174 844 2213 specialis,
864 2174 1061 2205 discretioni
1078 2178 1131 2205 tue
1150 2184 1238 2205 man-

229 2227 349 2257 damus
378 2227 540 2266 quatinus
573 2227 705 2257 duobus
737 2227 882 2262 clericis,
902 2227 1053 2266 ejtisdem
1086 2228 1237 2267 episcopi

230 2281 403 2319 obsequiis
420 2280 670 2317 insistentibus,
685 2280 789 2310 facias
802 2289 861 2319 per
876 2282 908 2311 te
923 2281 974 2311 vel
986 2281 1090 2311 alium
1109 2281 1238 2311 fructus

229 2335 260 2364 et
287 2335 470 2372 proventus
488 2333 729 2364 beneficiorum
752 2343 891 2364 suorum
911 2334 944 2364 in
964 2334 1138 2365 Anicieusi
1158 2335 1237 2365 civi-

228 2388 294 2417 tate
313 2387 364 2417 vel
383 2387 509 2418 diocesi
535 2387 806 2423 consistentium,
824 2387 926 2417 etiam
950 2387 978 2418 si
998 2396 1037 2418 ea
1055 2388 1155 2417 iidem
1173 2388 1238 2419 cle-

228 2439 288 2470 rici
307 2440 339 2470 in
359 2440 502 2470 ecclesia
519 2440 691 2471 obtineant
708 2440 903 2477 cathedrali,
927 2440 1107 2471 cotidianis
1123 2441 1238 2472 distri-

227 2492 425 2523 butionibus
452 2501 516 2532 que
536 2493 608 2524 dari
633 2495 881 2524 consueverunt
903 2493 969 2524 hiis
988 2493 1044 2533 qui
1066 2494 1237 2525 canonicis

227 2545 319 2576 horis
337 2546 515 2582 intersunt,
529 2546 692 2577 duntaxat
708 2547 870 2586 exceptis,
890 2546 1101 2586 integraliter
1117 2548 1237 2577 minis-

227 2599 319 2630 trari.
348 2599 620 2630 Contradictores
646 2601 707 2630 etc.
737 2609 844 2639 usque
875 2601 1129 2639 compescendo.
1160 2602 1235 2631 Non

226 2651 379 2682 obstante
398 2670 444 2682 —.
465 2652 605 2682 Proviso
621 2653 710 2691 quod
726 2652 890 2683 beneficia
909 2653 983 2692 ipsa
999 2653 1123 2683 debitis
1141 2654 1235 2684 obse-

226 2705 387 2744 quiisnon
399 2705 595 2735 fraudentur
605 2708 635 2736 et
645 2706 835 2736 animarum
851 2715 931 2736 cura
948 2706 982 2736 in
996 2706 1046 2737 eis
1062 2706 1234 2745 inquibus

225 2759 380 2788 imminet
410 2758 602 2788 nullatenus
621 2759 819 2798 negligatur.
843 2760 965 2789 Datum
983 2759 1072 2798 apud
1093 2760 1232 2790 L‘rbem-

224 2813 383 2847 veterem,
404 2820 424 2841 x
441 2811 602 2841 kalendas
621 2811 795 2848 februarii,
813 2820 899 2842 anno
916 2812 1027 2843 tertio.
1050 2822 1064 2840 n

984 221 1228 253 REGISTRES
1254 220 1467 252 D'URBAIN
1497 220 1553 250 IV.

1386 306 1483 338 1276

1330 381 1549 415 Archiepiscopo
1569 380 1698 407 Jadrensi
1715 381 1833 406 mandat
1849 382 1877 406 ut
1903 387 1967 406 cum
1984 379 2155 406 Praestantio
2171 380 2204 406 de
2220 381 2303 408 Coto-

1295 438 1388 465 pagna
1418 433 1445 456 ct
1482 431 1569 456 Sinna
1602 429 1722 456 muliere
1756 429 1791 455 dc
1828 428 2016 456 matrimonio
2051 431 2212 462 contracto,
2249 437 2305 456 non

1296 479 1426 505 obstante
1447 481 1548 513 quarto
1575 477 1833 512 consanguinitatis
1857 478 1956 512 gradu,
1978 478 2136 512 dispenset.
2159 477 2238 511 (Rea.
2257 478 2302 509 29,

1296 526 1344 554 rol.
1362 528 1421 555 106,
1437 532 1467 553 η’ἱ
1482 527 1548 558 32ὓ;
1566 527 1722 557 l'orTimsr,
1742 526 1849 559 18786.)

1839 303 1963 334 Orvieto‚
1978 304 2009 331 21
2024 303 2138 339 janvier
2155 305 2233 332 1254.

1337 646 1352 664 «
1374 661 1379 666 .
1397 659 1405 666 .
1424 635 1651 675 archiepiscopo
1662 635 1818 665 ,ludi-ensi.
1836 635 1900 665 Per
1911 636 1986 665 tuas
1999 634 2097 665 nobis
2113 652 2161 664 —-.
2178 635 2301 665 Datum

1296 689 1385 728 apud
1416 689 1703 725 Urbemveterem‚
1735 698 1785 719 xu
1818 688 1981 718 kalendas
2009 687 2183 723 februarii,
2216 696 2303 718 anno

1295 742 1405 775 tertio.
1427 752 1442 772 »

1388 921 1481 952 1277
1833 918 1957 949 Orvieto,
1977 918 2010 946 31
2022 918 2136 954 janvier
2155 918 2232 946 1204.

1332 1004 1422 1032 Priori
1438 1007 1464 1031 ct
1484 1004 1608 1039 capitulo
1626 1003 1753 1031 ecclcsiae
1770 1012 1793 1030 s.
1818 1004 1955 1031 Fcliciani
1980 1003 2155 1039 Fuliginatis
2172 1003 2302 1038 indulget

1294 1055 1326 1081 ut
1338 1054 1478 1088 Angelum
1490 1053 1638 1084 clericum,
1651 1056 1750 1079 natum
1765 1052 1857 1087 Egidii
1870 1053 2026 1087 Angelerii,
2038 1052 2108 1080 civis
2119 1051 2300 1087 Fuliginatis,

1295 1101 1325 1129 ia
1342 1110 1442 1129 eorum
1462 1102 1582 1129 ecclesia
1604 1102 1743 1136 recipiant
1763 1102 1791 1128 in
1807 1102 1988 1135 canonicum,
2008 1109 2073 1128 cum
2088 1101 2303 1136 exspectatione

1295 1152 1464 1186 praebcndae.
1484 1152 1561 1185 (Bm.
1579 1152 1622 1183 29,
1640 1150 1689 1177 sol.
1710 1151 1769 1182 106,
1789 1156 1818 1177 n⁰
1833 1151 1910 1185 327.)

1337 1274 1351 1293 «
1374 1287 1403 1293 ..
1425 1264 1526 1303 priori
1548 1267 1574 1293 el
1598 1261 1734 1302 capitulo
1751 1261 1874 1291 ecclesie
1897 1262 1998 1291 sancti
2018 1261 2170 1291 Feliciani
2187 1261 2306 1301 Fuliqi-

1298 1318 1390 1348 natis.
1427 1318 1542 1355 Nuper
1582 1315 1680 1346 nobis
1715 1324 1774 1354 per
1803 1317 1934 1345 vestras
1967 1315 2100 1345 litteras
2131 1315 2306 1346 humiliter

1296 1370 1517 1409 supplicastis
1541 1371 1577 1400 ut
1601 1369 1762 1399 dilectum
1795 1368 1906 1399 filium
1933 1368 2099 1407 Angelum
2131 1368 2304 1405 clericum,

1296 1426 1411 1454 natum
1438 1423 1549 1462 Egidii
1568 1422 1751 1462 Angelerii,
1769 1421 1854 1452 civis
1870 1421 2088 1461 Fuliginatis‚
2108 1422 2143 1452 in
2162 1421 2307 1452 ecclesia

1296 1479 1409 1508 vestra
1422 1476 1525 1515 recipi
1541 1476 1780 1506 mandaremus
1796 1475 1829 1505 in
1843 1475 2041 1505 canonicum
2055 1477 2087 1505 et
2103 1475 2137 1505 in
2154 1474 2305 1506 fratrem.

1296 1531 1367 1561 Nos
1392 1530 1518 1569 itaque,
1547 1529 1671 1559 vestris
1700 1527 2008 1567 supplicationibus
2035 1528 2202 1565 inclinati,
2225 1528 2307 1558 reci-

1296 1583 1411 1623 piendi
1441 1583 1584 1613 eundem
1609 1581 1781 1616 clericum,
1806 1581 1988 1612 dummodo
2016 1581 2060 1612 sit
2088 1582 2252 1621 ydoneus²
2272 1581 2307 1612 in

1297 1637 1413 1668 eadem
1441 1636 1583 1667 ecclesia
1608 1636 1640 1666 in
1668 1635 1865 1665 canonicum
1889 1636 1921 1665 et
1939 1635 1974 1664 in
1992 1634 2130 1665 fratrem
2149 1636 2181 1665 et
2197 1635 2309 1674 provi-

1297 1691 1396 1721 dendi
1426 1690 1492 1720 sibi
1518 1689 1558 1720 de
1582 1688 1751 1728 prebenda
1774 1696 1834 1718 seu
1860 1687 2023 1718 beneficio
2051 1688 2080 1718 si
2112 1697 2178 1727 qua
2198 1687 2252 1719 vel
2277 1688 2307 1718 si

1297 1744 1386 1783 quod
1411 1744 1443 1773 in
1466 1743 1540 1782 ipsa
1560 1742 1704 1773 ecclesia
1730 1743 1826 1772 vacat
1854 1741 1895 1771 ad
1910 1750 2051 1780 presens
2067 1741 2119 1772 vel
2137 1741 2307 1781 quamcito

1297 1798 1337 1828 ad
1358 1797 1390 1827 id
1408 1796 1568 1827 obtulerit
1594 1804 1629 1826 se
1654 1796 1808 1831 facultas,
1836 1804 1874 1826 ac
1891 1795 2134 1825 nichilominus
2163 1795 2202 1825 de
2219 1803 2305 1826 com·

1297 1850 1457 1880 munibus
1490 1849 1598 1887 ipsius
1626 1849 1769 1879 ecclesie
1796 1847 2028 1886 proventibus,
2060 1848 2148 1878 sicut
2179 1848 2238 1878 uni
2265 1856 2308 1878 ex

1296 1903 1405 1939 vobis,
1423 1911 1487 1932 non
1502 1902 1654 1933 obstante
1674 1919 1721 1935 -,
1745 1901 1878 1940 plenam
1900 1901 1997 1931 vobis
2015 1901 2215 1931 auctoritate
2233 1909 2308 1940 pre-

1297 1956 1443 1987 sentium
1474 1955 1689 1986 concedimus
1708 1955 1913 1985 facultatem.
1933 1954 2100 1984 Volumus
2116 1956 2229 1984 tamen
2257 1971 2305 1983 —.

1296 2009 1420 2039 Datum
1447 2009 1535 2047 apud
1565 2007 1854 2043 Urbemveterem,
1882 2017 1903 2036 ιι
1936 2007 2100 2037 kalendas
2128 2007 2304 2044 februarii,

1297 2071 1383 2092 anno
1401 2062 1510 2092 tertio.
1531 2074 1546 2089 »

1387 2235 1483 2266 {278
1841 2232 1968 2265 Ori-icto,
1987 2232 2018 2259 10
2035 2231 2138 2258 ferrici·
2154 2231 2231 2259 1254.

1331 2318 1434 2348 Blasio,
1452 2317 1600 2352 capellano
1613 2316 1780 2351 apostolico,
1799 2316 1895 2351 nepoti
1914 2316 2067 2344 Alexandri
2086 2325 2165 2352 papae
2186 2324 2243 2347 1111,
2262 2325 2309 2343 ca·

1295 2366 1461 2393 nonicatum
1490 2366 1690 2393 Ainbiancnsis
1718 2365 1846 2393 ecclesiae
1868 2365 1991 2393 confert.
2019 2365 2097 2399 (ch.
2119 2365 2164 2397 29,
2186 2365 2236 2393 fol.
2260 2366 2308 2394 106

1295 2421 1333 2449 γ’,
1353 2420 1383 2442 n⁰
1397 2415 1473 2450 328.)

1336 2538 1350 2556 «
1370 2526 1482 2562 Blasio,
1509 2525 1666 2566 capellano
1687 2531 1802 2561 nostro,
1831 2525 1936 2565 nepoti
1951 2524 2053 2563 felicis
2081 2524 2303 2555 recordationis

1294 2579 1797 2620 Alexandripape,predecessoris
1807 2579 1914 2615 nostri,
1927 2579 2074 2608 canonico
2090 2578 2304 2609 Ambianensi.

1295 2634 1401 2664 Tuam
1417 2634 1568 2664 volentes
1583 2633 1747 2664 honorare
1764 2640 1956 2672 personam,
1975 2631 2211 2662 canonicatum
2225 2632 2307 2662 Am-

1296 2686 1469 2717 bianensis
1493 2687 1645 2723 ecclesie,
1661 2695 1736 2717 cum
1758 2685 1970 2725 plenitudine
1984 2685 2073 2724 juris
2090 2684 2255 2721 canonici,
2269 2692 2306 2716 ac

1294 2739 1498 2779 prebendam
1512 2748 1612 2779 quam
1631 2739 1770 2770 duxeris
1790 2738 2042 2777 acceptandam,
2060 2737 2169 2776 siqua
2185 2737 2219 2767 in
2233 2737 2308 2776 ipsa

1295 2793 1437 2823 ecclesia
1450 2795 1544 2823 vacat
1561 2793 1601 2822 ad
1619 2801 1770 2831 presens,
1784 2791 1846 2822 tibi
1859 2791 2081 2826 conferimus,
2096 2789 2306 2821 Antoninum

1294 2846 1464 2882 clericum,
1486 2848 1738 2884 procuratorem
1753 2846 1860 2879 tuum,
1881 2853 1942 2884 per
1959 2846 1992 2874 te
2011 2843 2233 2874 investientes
2247 2851 2307 2882 per

1295 2901 1449 2930 nostrum
1475 2899 1613 2929 anulum
1631 2898 1671 2929 de
1688 2898 1830 2929 eisdem.
1846 2897 1941 2933 Quod
1957 2897 1986 2928 si
2005 2897 2120 2937 aliqua
2137 2895 2306 2935 prebenda
