2519 3262
1028 285 1266 324 TROISIEME
1299 284 1462 322 ANNEE.
2251 300 2289 328 57

200 382 262 412 illa
288 381 487 412 auctoritate
514 381 700 420 apostolica
725 379 977 415 confirmamus,
1006 378 1081 413 etc„
1107 385 1214 415 usque

201 435 467 465 communimus.

241 488 407 518 Tenorem
431 487 649 518 instrumenti
671 485 815 525 predicti
833 485 873 514 de
891 483 993 514 verbo
1013 483 1054 513 ad
1073 482 1214 513 verbum

200 541 354 571 annotari
372 540 589 580 presentibus
607 540 780 572 facientes,
802 537 860 576 qui
876 537 955 567 talis
976 539 1044 567 est:

239 604 256 625 «
272 595 310 624 In
326 595 460 624 nomine
476 593 615 624 Domini
634 600 742 623 amen.
763 591 856 621 Inter
872 590 1075 629 magistrum
1092 588 1214 619 ,10111111-

199 656 276 678 nem
309 648 348 677 de
376 647 484 677 Macio
506 647 544 676 de
575 645 704 681 Cumis,
728 644 857 674 domini
886 652 971 682 pape
999 643 1211 682 scriptorem,

199 700 398 730 canonicum
428 699 568 730 ecclesie
599 698 638 728 de
663 698 790 732 Lenno,
819 698 968 727 Cumane
999 696 1156 731 diocesis,
1180 696 1212 724 et

198 753 418 784 Thomasium
436 753 474 781 de
492 750 967 789 Larnbertengis.canonicum
986 749 1094 787 ipsius
1112 748 1213 779 eccle-

197 807 258 838 sie.
279 814 380 844 super
397 804 567 844 prebenda
583 813 647 843 que
663 804 794 833 vacavit
813 803 845 832 in
863 803 980 832 eadem
998 802 1141 832 ecclesia
1153 810 1212 840 per

198 862 339 889 mortem
368 857 540 891 Ottoboni,
569 856 761 895 presbyteri
788 855 929 885 ecclesie
945 855 1095 894 predicte
1115 863 1212 884 cano-

196 913 275 946 nici,
295 914 326 942 et
344 920 444 950 quam
462 912 670 940 memoratus
688 910 833 947 scriptor
853 909 895 939 ad
911 917 947 938 se
968 908 1007 938 de
1024 908 1099 946 jure
1118 916 1210 946 spec-
1242 934 1243 937 ,

195 966 278 999 tare,
305 965 485 1003 ipsumque
514 963 735 994 Thomasium
761 971 820 1001 per
849 962 963 1000 plures
990 970 1096 991 annos
1123 961 1212 991 dete-

195 1018 312 1048 nuisse
329 1017 458 1047 dicebat
479 1019 592 1047 contra
607 1016 779 1055 justitiam
799 1017 1008 1054 occupatam,
1031 1023 1159 1044 necnon
1178 1016 1209 1044 et

195 1079 297 1109 super
317 1070 483 1100 fructibus
510 1079 550 1100 ex
569 1070 685 1100 eadem
709 1068 881 1107 prebenda
904 1068 1073 1106 perceptis
1093 1076 1110 1097 a
1128 1069 1210 1097 tem-

194 1132 274 1163 pore
290 1132 354 1162 quo
373 1125 445 1162 ipsa
462 1122 632 1162 prebenda
649 1122 792 1157 vacavit,
813 1123 886 1152 orta
902 1121 1045 1151 materia
1062 1121 1209 1159 questio-

194 1178 259 1213 nis,
277 1177 414 1207 tandem
432 1178 558 1216 partes,
574 1176 691 1206 vitatis
711 1175 901 1214 litigiorum
918 1174 1210 1212 a11fractihus,per

194 1230 335 1261 semitas
354 1230 447 1268 pacis
472 1229 626 1259 incedere
654 1228 839 1267 cupientes,
864 1228 954 1258 idem
981 1228 1125 1266 scriptor
1148 1236 1209 1266 pro

194 1292 230 1314 se
247 1292 283 1314 ac
297 1283 459 1321 magister
476 1284 685 1313 Bertramus.
704 1282 788 1311 civis
807 1282 992 1316 Cumanus,
1011 1283 1209 1319 procurator

193 1336 318 1376 prefati
333 1336 520 1370 Thomasii,
538 1344 598 1374 pro
609 1336 684 1374 ipso
697 1335 893 1370 Thomasio,
909 1343 928 1364 a
945 1343 1010 1373 quo
1029 1342 1131 1372 super
1148 1334 1209 1364 hoc

192 1390 331 1429 plenum
347 1389 491 1420 habebat
501 1389 709 1425 mandatum,
720 1389 753 1418 in
763 1397 835 1423 1105,
846 1387 1042 1423 Geraldum,
1052 1387 1208 1418 abbatem

193 1443 387 1473 monasterii
420 1443 628 1478 Lesatensis,
650 1442 840 1472 Tliolosane
870 1441 1028 1477 diocesis,
1049 1440 1208 1479 prelibati

194 1496 322 1526 domini
352 1505 436 1535 pape
467 1496 702 1534 cappellanum
738 1498 768 1525 et
804 1503 983 1525 causarum
1010 1495 1128 1532 palatii
1155 1495 1207 1524 sui

193 1549 384 1589 generalem
409 1549 611 1587 auditorem,
629 1550 803 1587 tamquam
822 1548 857 1577 in
877 1547 1054 1581 arbitrum,
1067 1547 1208 1577 arbitra-

193 1604 301 1633 torem
320 1604 351 1632 et
371 1602 585 1632 amicabilem
607 1600 952 1640 compositorem‚sub
972 1609 1055 1638 pena
1074 1602 1206 1630 centum

193 1655 358 1686 librarum
381 1655 611 1694 imperialium
638 1664 656 1684 a
679 1656 772 1693 parte
801 1662 867 1683 non
895 1654 1051 1683 servante
1078 1653 1208 1683 ordina-

193 1708 320 1738 tionem
339 1710 491 1737 nostram
509 1708 597 1745 parti
618 1716 691 1737 eam
711 1707 860 1736 servanti
879 1706 1052 1742 solvenda,
1074 1707 1208 1745 01111111-

194 1762 307 1790 mento
335 1760 412 1790 hinc.
441 1761 517 1790 inde
548 1760 701 1798 prestito,
720 1760 995 1798 compromittere
1025 1762 1207 1798 nostreque

194 1814 410 1849 ordinationi,
436 1814 633 1843 diffinitioni
655 1816 685 1843 et
706 1813 845 1843 arbitrio
864 1822 966 1852 super
982 1813 1042 1843 1100
1062 1822 1097 1842 50
1120 1821 1208 1842 sum-

194 1867 327 1897 mittere
347 1870 465 1905 sponte
483 1876 518 1896 ac
538 1867 642 1896 libere
661 1868 874 1896 curaverunt.
895 1866 1101 1905 Hujusmodi
1129 1874 1206 1904 ergo

193 1920 440 1958 compromisso
470 1928 487 1949 a
514 1919 612 1949 nobis
643 1923 788 1957 recepto,
811 1919 901 1949 idem
920 1919 1065 1957 scriptor
1093 1928 1205 1949 coram

192 1973 290 2003 nobis
306 1973 460 2003 libellum
480 1972 599 2002 obtulit
620 1972 804 2011 injudicio,
822 1972 957 2002 1111111110
974 1973 1112 2002 modum
1133 1982 1138 2000 :

232 2036 249 2057 «
267 2026 387 2056 Coram
411 2026 518 2060 vobis,
535 2025 719 2055 venerabili
738 2027 843 2064 patre,
855 2026 992 2056 domino
1012 2025 1130 2056 abbate
1147 2027 1206 2056 Le-

193 2089 208 2109 11
229 2080 369 2115 51110051,
389 2079 585 2118 cappellano
604 2079 732 2109 domini
747 2087 832 2117 pape
850 2088 887 2109 ac
903 2079 1012 2117 ipsius
1026 2088 1204 2110 causarum

194 2142 208 2162 1)
228 2133 377 2171 generali
396 2132 560 2168 auditore,
582 2132 622 2162 ab
640 2132 758 2162 eodem
778 2132 914 2162 domino
933 2132 1104 2170 deputato,
1124 2133 1205 2163 dicit

192 2187 259 2216 »et
287 2186 442 2224 proponit
468 2186 631 2223 magister
659 2185 829 2216 ,Iohannes
859 2185 899 2215 de
928 2185 1056 2221 Cumis,
1076 2186 1205 2216 domini

191 2248 208 2268 1)
226 2248 311 2278 pape
336 2239 491 2277 scriptor,
512 2241 627 2268 contra
643 2239 864 2269 Thomasium
883 2239 923 2268 de
934 2239 1204 2278 Lambertengis,

192 2301 208 2321 1)
228 2293 387 2323 clericum
414 2295 614 2327 Cumanum,
630 2292 717 2330 quod
742 2292 835 2326 olim,
856 2292 1056 2322 auctoritate
1076 2292 1205 2323 littera-

192 2355 209 2375 »
227 2355 302 2376 rum
323 2346 431 2376 felicis
449 2346 693 2376 recordationis
704 2345 893 2375 Ι11000011111
907 2354 991 2384 pape
1005 2346 1081 2376 IIII.
1095 2355 1205 2385 recep-

193 2408 209 2428 »
229 2402 285 2430 tus
303 2399 366 2429 fuit
382 2399 422 2428 ab
437 2398 730 2437 archipresbytero
744 2400 773 2428 et
788 2399 985 2436 cappellano
1006 2399 1147 2430 ecclesie
1165 2400 1204 2430 (10

192 2461 209 2481 1)
225 2453 351 2488 Lenno,
374 2452 523 2483 Cumane
542 2453 699 2488 diocesis,
718 2453 750 2481 in
764 2452 881 2482 eadem
900 2452 1042 2482 ecclesia
1060 2453 1093 2482 in
1111 2462 1205 2483 cano-

192 2514 209 2534 »
228 2505 341 2535 nicum
352 2507 384 2536 et
404 2506 438 2535 in
458 2505 596 2536 fratrem
615 2508 644 2535 et
660 2508 734 2543 post
751 2505 944 2543 hujusmodi
962 2506 1204 2544 receptionem,

192 2567 209 2587 »
228 2559 359 2588 vacavit
385 2558 527 2596 quedam
552 2558 721 2597 prebenda
744 2559 832 2589 dicto
857 2558 1002 2588 ζ1011111101
1029 2558 1139 2589 debita
1170 2560 1204 2589 in

193 2620 209 2640 »
228 2611 317 2641 dicta
329 2611 481 2647 ecclesia,
492 2620 549 2649 per
559 2613 702 2641 mortem
713 2611 882 2645 Ottoboni,
892 2611 1084 2650 presbyteri
1096 2613 1204 2651 ipsius

193 2673 209 2694 ›)
229 2664 394 2700 canonici,
413 2672 514 2702 quam
528 2663 734 2702 prebendam
749 2665 859 2694 dictus
873 2664 1075 2695 Thomasius
1090 2667 1205 2696 contra

193 2727 210 2747 1)
225 2718 395 2757 justitiam
411 2718 442 2747 et
459 2716 493 2746 in
510 2717 697 2755 periculmn
717 2717 827 2747 anime
845 2726 903 2748 sue
926 2719 1112 2756 occupavit,
1129 2728 1205 2749 cum

193 2771 360 2801 »nullum
384 2770 442 2809 jus
466 2769 585 2800 habeat
618 2770 652 2799 in
685 2770 812 2800 eadem.
845 2770 954 2806 Quare
983 2772 1067 2810 petit
1095 2772 1205 2802 dictus

193 2833 211 2854 »
227 2824 398 2855 ,Iohannes
414 2832 472 2862 per
488 2831 559 2857 vos,
576 2823 756 2853 reverende
767 2824 872 2861 pater,
886 2832 946 2862 per
964 2826 1112 2854 vestram
1131 2834 1205 2855 sen—

193 2886 210 2907 »
229 2877 370 2907 tentiam
398 2876 561 2907 declarari
593 2876 705 2914 ipsum
737 2876 958 2906 'l'homasium
987 2877 1120 2907 nullum
1149 2878 1205 2916 jus

194 2939 211 2960 »
229 2930 351 2960 habere
368 2930 402 2960 in
420 2929 590 2968 prebenda
610 2929 771 2967 predicta,
794 2929 973 2968 ipsumque
990 2930 1060 2960 fore
1073 2930 1114 2960 ab
1130 2931 1206 2969 ipsa

193 2983 366 3021 »penitus
393 2982 628 3017 amovendum,
657 2990 692 3011 ac
717 2981 783 3019 ipsi
810 2981 954 3011 Johanni
978 2990 1038 3020 per
1064 2983 1206 3013 eandem

319 3045 460 3073 URBAIN
484 3044 537 3077 IV,
559 3046 580 3071 t.
601 3043 657 3075 III,
679 3044 744 3077 Rey.
764 3043 823 3070 ord.

1277 384 1294 405 11
1313 375 1518 406 sententiam
1530 376 1735 414 prebendam
1747 386 1820 407 cum
1837 377 2004 408 fructibus
2017 388 2058 409 ex
2070 388 2106 410 ea
2123 382 2289 420 perceptis

1277 437 1293 458 »
1310 428 1495 467 adedicari
1512 429 1709 467 predictam.
1731 440 1745 459 »

1317 491 1331 510 «
1352 481 1458 520 Super
1485 491 1551 520 quo
1574 482 1690 512 libello
1710 482 1769 513 lite
1787 491 1805 512 a
1830 483 1982 521 partibus
2004 484 2038 513 in
2056 494 2157 515 cansa
2178 486 2289 525 hujus-

1276 535 1410 564 modiin
1427 537 1544 565 nostra
1556 536 1728 574 presentia
1744 536 1894 574 legitime
1905 538 2104 573 contestata,
2121 538 2289 578 1110115110-

1275 587 1458 617 sitionibus
1476 590 1507 618 et
1533 588 1575 618 ad
1593 597 1650 618 eas
1673 589 1955 627 responsionibus
1979 589 2183 625 subsecutis,
2205 593 2288 622 visis

1275 649 1420 679 quoque,
1440 641 1602 680 inspectis
1621 650 1657 671 ac
1674 642 1841 672 discussis
1851 642 1949 680 plene
1963 643 2098 680 juribus·
2113 646 2288 683 utriusque

1274 695 1435 732 partiS,et
1451 703 1470 724 a
1485 695 1702 725 sanctissimo
1715 697 1809 733 patre
1821 704 1857 725 ac
1872 695 2289 732 dominoUi‘lia110,tlix·ina

1273 747 1583 786 providentiapapa
1598 748 1676 783 IIII,
1691 749 1872 784 statuendi,
1883 748 2082 784 arbitrandi,
2097 751 2286 786 ordinandi,

1274 801 1486 838 providendi,
1504 801 1699 835 mandandi,
1714 801 1903 831 diffiniendi
1922 805 1952 832 et
1970 804 2211 840 pronuntiandi
2234 814 2288 834 su-

1273 862 1332 892 per
1351 853 1422 888 1100,
1443 857 1541 892 prout
1570 854 1668 884 nobis
1683 854 1854 885 videretur
1872 856 2068 894 expediens,
2089 857 2288 887 auctoritate

1273 907 1425 945 plenaria
1444 910 1475 937 et
1494 907 1601 938 libera
1618 909 1784 946 potestate
1804 908 1881 938 viva
1896 917 1974 938 voce
1987 909 2084 938 nobis
2104 910 2285 946 concessis,

1273 960 1497 990 consideratis
1511 960 1647 999 juribus
1671 961 1820 999 partium
1836 963 1866 990 et
1886 961 2152 992 circumstantiis
2175 971 2288 1001 perso-

1272 1022 1403 1049 narum,
1419 1014 1618 1044 auctoritate
1633 1022 1670 1043 ac
1687 1015 1854 1052 potestate
1871 1013 2066 1052 hujusmodi
2078 1015 2286 1049 ordinamus,

1272 1067 1543 1105 pronuntiamus,
1572 1066 1820 1097 arbitranmret
1835 1067 2025 1097 diffinimus
2040 1069 2075 1097 ut
2094 1069 2288 1099 nominatus

1272 1120 1434 1159 magister
1459 1120 1631 1150 ,1011110005
1652 1120 1818 1159 prefatam
1847 1120 2065 1158 prebendam,
2089 1130 2189 1160 quam
2222 1121 2288 1152 sibi

1272 1173 1504 1212 adjudicamus
1532 1175 1564 1203 et
1584 1174 1626 1203 ad
1651 1174 1764 1212 ipsum
1790 1175 1942 1212 spectare
1966 1174 2191 1211 decernimus,
2213 1184 2287 1206 cum

1268 1226 1403 1265 juribus
1421 1228 1451 1256 et
1466 1227 1684 1264 pertinentiis
1702 1227 1775 1256 suis
1788 1226 1919 1262 habeat,
1940 1228 2052 1258 teneat
2071 1230 2100 1258 et
2115 1229 2288 1266 possideat

1271 1280 1409 1318 pacifice
1425 1282 1456 1310 et
1473 1280 1602 1319 quiete,-
1622 1280 1779 1319 idemque
1795 1280 1998 1310 Thomasius
2015 1281 2220 1319 prebendam
2240 1282 2287 1321 ip-

1272 1341 1344 1363 sam
1363 1334 1473 1363 eidem
1492 1334 1655 1372 magistro
1671 1333 1816 1363 ε1011110111
1834 1334 1868 1363 111
1892 1342 1973 1372 pace
1992 1334 2161 1365 dimittere
2178 1337 2288 1365 tenea-

1271 1388 1336 1422 tur,
1365 1395 1467 1425 super
1492 1395 1530 1416 ea
1548 1386 1614 1425 ipsi
1631 1386 1814 1416 Thomasio
1831 1386 2030 1417 diffiniendo
2047 1389 2079 1417 et
2101 1387 2287 1418 ordinando

1271 1441 1472 1478 perpetuum
1488 1439 1664 1470 silentium
1681 1440 1931 1470 sententialiter
1948 1440 2170 1478 imponentes.
2194 1443 2285 1471 11010·

1271 1501 1356 1527 rum,
1376 1493 1587 1523 attendentes
1602 1493 1691 1531 quod
1708 1493 1884 1532 indignum
1902 1493 2063 1523 existeret
2084 1494 2118 1523 nt
2136 1494 2287 1523 nomina-

1269 1548 1324 1576 tus
1342 1546 1558 1583 Τ1101111151115,
1572 1546 1629 1584 (1111
1643 1546 1714 1584 Jam
1729 1546 1844 1584 elapso
1861 1546 2022 1576 decennio
2034 1547 2067 1576 in
2080 1546 2169 1577 dicta
2184 1547 2287 1577 eccle-

1270 1599 1320 1628 sia
1340 1599 1403 1629 fuit
1420 1599 1454 1628 in
1481 1599 1680 1629 canonicum
1701 1600 1732 1629 et
1764 1599 1797 1628 in
1819 1600 1957 1629 fratrem
1976 1599 2161 1638 apostolica
2177 1601 2287 1630 aucto-

1270 1652 1368 1682 ritate
1397 1654 1565 1690 receptus,
1593 1652 1730 1691 quique,
1747 1652 1835 1682 sicut
1851 1652 1985 1688 dicitur,
2011 1653 2152 1683 ecclesie
2176 1655 2286 1691 potest

1270 1705 1378 1735 eidem
1395 1714 1460 1735 non
1482 1705 1654 1735 modicum
1673 1705 1820 1736 existere
1844 1706 2050 1741 fructuosus,
2071 1714 2214 1736 vacuum
2234 1715 2284 1736 ca-

1269 1759 1381 1788 nonici
1396 1767 1518 1788 nomen
1535 1759 1639 1797 gerat,
1655 1758 1855 1788 auctoritate
1866 1767 1902 1788 ac
1920 1760 2085 1797 potestate
2105 1759 2284 1797 premissis

1269 1812 1478 1847 ordinamus,
1500 1811 1719 1849 providemus
1741 1813 1772 1841 et
1797 1811 1980 1841 statuimus
2006 1813 2039 1841 ut
2061 1812 2100 1842 de
2128 1812 2193 1842 alia
2211 1821 2284 1851 pre-

1268 1863 1377 1894 benda
1404 1873 1468 1903 que
1494 1865 1533 1894 de
1555 1864 1630 1903 jure
1658 1864 1744 1894 nulli
1776 1864 1834 1894 alii
1853 1864 2026 1900 debeatur,
2046 1865 2124 1894 siin
2142 1865 2284 1896 ecclesia

1268 1917 1418 1955 predicta
1445 1920 1539 1947 vacat
1565 1917 1606 1947 ad
1638 1925 1779 1955 presens
1802 1917 1855 1947 vel
1872 1918 2124 1956 quamprimum
2141 1927 2176 1948 se
2193 1919 2233 1948 ad
2250 1919 2284 1949 id

1267 1971 1479 2009 oportunitas
1506 1970 1677 2004 obtulerit,
1701 1970 1810 2000 eidem
1829 1970 2023 2006 Thomasio,
2041 1980 2105 2001 non
2129 1971 2283 2003 obstante

1267 2024 1295 2054 si
1321 2023 1434 2062 aliqua
1457 2023 1627 2062 prebenda
1656 2023 1722 2052 sibi
1751 2023 1914 2054 debitam
1932 2024 2075 2054 ecclesia
2094 2024 2167 2063 ipsa
2192 2034 2284 2055 vaca-

1266 2078 1325 2111 vit,
1346 2086 1446 2116 quam
1474 2077 1564 2107 idem
1589 2077 1793 2107 Tliomasius
1820 2086 1879 2116 per
1911 2078 2151 2117 negligentiam
2168 2080 2280 2117 petere

1267 2131 1433 2165 omiserit,
1451 2130 1570 2160 debeat
1580 2130 1762 2169 provideri.
1778 2130 1829 2160 Ad
1842 2130 1902 2160 hec
1920 2131 2101 2169 siquidem,
2120 2140 2179 2169 pro
2194 2131 2280 2162 bono

1266 2184 1360 2223 pacis
1378 2186 1409 2214 et
1422 2184 1610 2219 concordie,
1629 2183 1825 2213 ordinamus
1843 2186 1873 2214 et
1891 2184 2047 2214 volumus
2065 2186 2098 2214 ut
2118 2194 2279 2215 memora-

1266 2240 1321 2267 tus
1338 2238 1500 2276 magister
1525 2237 1696 2267 Johannes
1723 2237 1939 2267 medietatem
1959 2237 2129 2267 fructuum
2157 2240 2187 2268 et
2206 2247 2279 2276 pro-

1266 2292 1427 2320 ventuum
1451 2290 1579 2329 prefate
1602 2290 1770 2328 prebende
1796 2290 1861 2320 sibi
1894 2299 1953 2328 per
1983 2299 2044 2320 nos
2078 2291 2279 2329 adjudicate,

1265 2344 1396 2374 tamdiu
1413 2343 1479 2382 ipsi
1504 2343 1685 2373 Thomasio
1715 2343 1870 2373 exhibeat
1891 2344 1994 2373 donec
2013 2344 2122 2374 eidem
2138 2344 2280 2374 Thoma-

1267 2398 1317 2428 sio
1336 2397 1375 2427 de
1395 2397 1461 2426 alia
1478 2396 1650 2435 prebenda
1667 2396 1701 2426 in
1719 2396 1807 2426 dicta
1827 2396 1970 2426 ecclesia
1993 2399 2033 2426 sit
2052 2397 2228 2435 provisum
2249 2399 2280 2427 et

1266 2451 1362 2481 illam
1377 2451 1478 2480 etiam
1508 2451 1720 2488 assequatur.
1740 2450 1884 2480 Fructus
1913 2452 2025 2480 autem
2042 2450 2189 2488 sepet'ate
2207 2459 2279 2488 pre-

1266 2503 1372 2534 bende
1397 2504 1437 2534 de
1461 2512 1526 2542 qua
1560 2503 1622 2533 fuit
1653 2506 1775 2539 actum,
1797 2503 1855 2542 qui
1879 2504 2082 2542 sequestrati
2110 2503 2278 2540 dicuntur,

1266 2557 1464 2587 memoratis
1491 2556 1653 2595 magistro
1674 2556 1820 2586 ι1011111101
1841 2558 1872 2586 01
1891 2556 1951 2586 Τ11.
1970 2556 2104 2586 restitui
2123 2556 2280 2587 volumus

1266 2614 1298 2642 et
1316 2612 1526 2647 mandamus,
1544 2612 1631 2642 inter
1641 2620 1699 2642 eos
1709 2612 2002 2650 communiterpro
2015 2612 2193 2651 equalibus
2204 2621 2279 2651 por-

1265 2665 1417 2695 tionibus
1427 2665 1638 2695 dividendos.
1656 2664 1861 2703 Hujusmodi
1873 2673 2006 2704 quoque
2020 2665 2277 2701 ordinationem,

1266 2718 1508 2757 provisionem,
1528 2718 1850 2756 pronuntiationem,
1865 2718 2055 2755 arbitrium,
2066 2719 2237 2749 decretum
2247 2720 2279 2749 et

1267 2771 1463 2801 mandatum
1480 2772 1621 2810 utraque
1630 2779 1710 2810 pars
1720 2771 1923 2810 emologavit
1934 2773 1966 2801 et
1980 2771 2107 2801 eisdem
2119 2779 2278 2809 expresse

1267 2824 1448 2855 consensit.
1467 2825 1505 2854 In
1521 2824 1617 2863 cujus
1632 2825 1681 2854 rei
1697 2824 2093 2863 testimonium,presens
2106 2824 2278 2863 publicum

1267 2878 1532 2908 instrumentum
1550 2886 1610 2916 per
1627 2886 1763 2907 manum
1782 2878 1976 2916 Raymundi
1996 2878 2077 2907 dicti
2094 2877 2203 2910 Fato-e,
2219 2885 2277 2915 pu-

1266 2930 1347 2960 blici
1364 2930 1500 2967 notarii,
1523 2929 1626 2960 scribi
1647 2930 1790 2960 fecimus
1809 2932 1990 2969 nostroque
2009 2930 2122 2969 sigillo
2140 2929 2275 2959 inuniri.

1267 2985 1390 3014 Actum
1419 2983 1507 3022 apud
1532 2983 1821 3019 Urbemveterem,
1851 2983 1885 3013 in
1906 2983 2031 3021 palatio
2053 2983 2132 3013 dicti
2152 2981 2276 3012 domini

2137 3043 2153 3071 8
