2519 3262
1051 226 1290 263 TssOlleME
1318 225 1480 262 ANNEE.

265 327 279 345 i(
298 339 304 345 .
324 339 330 345 .
347 317 446 345 sancii
473 316 605 351 Andree,
623 323 649 347 et
666 342 672 348 .
692 340 698 346 .
724 316 932 346 Danlwldensi
956 316 1116 356 episeopis.
1144 316 1237 345 Inter

224 370 310 400 alias
323 370 631 400 sollicitudines—.
647 370 732 401 Sane
747 370 947 409 Ergadiensi
965 369 1108 399 ecclesia
1122 370 1236 406 pasto-

223 423 400 453 rissolatio
410 424 584 461 destituta,
596 424 779 454 ‹lilectitilii
793 447 798 452 .
816 446 822 451 .
838 422 1235 460 decanus,etrapitulum

222 476 332 515 ipsius
358 477 512 513 ecclesie,
528 486 587 516 per
604 477 693 507 viam
709 476 947 514 compromissi
973 475 1013 504 ad
1032 475 1233 504 electionem

222 530 401 568 procedere
424 531 648 566 intendentem,
673 529 783 560 tribus
805 538 846 558 ex
867 528 1014 566 capitulo
1034 529 1107 566 ipso
1124 529 1233 566 provi-

222 583 321 613 dendi
339 583 448 614 eidem
474 583 614 613 ecclesie
640 583 679 612 de
696 581 854 620 pontifice
880 581 1096 611 contulerunt
1112 581 1232 611 unani-

222 636 322 666 miter
347 637 560 674 potestatem.
591 635 662 673 Ipsi
693 636 805 664 autem
836 636 905 664 tres
937 634 1096 664 dilectum
1124 634 1233 664 filium

222 688 361 719 fratrem
371 688 604 723 Laurentium,
619 687 658 717 de
676 687 791 717 ordine
805 686 947 716 fratrum
963 687 1233 723 Predicatorum,

221 741 255 771 in
271 741 468 780 episcopum
481 740 690 770 concorditer
708 740 893 778 elegerunt.
910 740 1108 770 Presentato
1121 741 1234 779 itaque

220 793 318 824 nobis
344 803 403 832 per
422 793 566 823 eundem
587 793 763 829 decanum,
783 795 1036 832 procuratorem
1055 793 1165 832 ipsius
1184 804 1232 824 ca-

218 847 331 885 pituli,
358 847 552 886 hujusmodi
579 846 755 877 electionis
777 847 923 883 decreto,
955 855 1016 877 nos
1047 847 1233 877 venerabili

218 900 317 930 fratri
333 901 449 930 nostro
471 922 478 930 .
500 923 506 929 .
527 900 728 931 Penestrino
741 901 912 939 episcopo,
927 900 1122 939 hujusmodi
1136 909 1233 940 nego-

217 953 304 982 tium
333 953 598 983 examinandum
630 953 792 983 duximus
821 953 1111 983 committendum.
1140 954 1232 984 Idem

216 1014 296 1036 vero
313 1006 505 1045 episcopm,
525 1006 706 1045 diligenter
720 1006 870 1044 predicto
888 1008 1080 1036 examinato
1098 1007 1232 1046 negotio

217 1060 248 1089 et
265 1058 364 1097 plene
383 1059 550 1095 discusso,
568 1068 632 1098 que
657 1059 785 1090 invenit
807 1059 906 1089 nobis
923 1061 954 1090 et
974 1059 1137 1090 fratribus
1156 1069 1230 1090 nos-

215 1112 279 1142 tris
311 1112 456 1142 fideliter
484 1113 650 1143 recitavit.
676 1113 793 1147 Porro,
823 1113 903 1151 quia
930 1113 1123 1143 invenimus
1143 1114 1230 1152 quod

215 1165 359 1203 predicti
384 1167 452 1195 tres
472 1174 537 1195 non
559 1174 773 1196 communem
793 1166 851 1195 sed
870 1166 1078 1204 singularem
1094 1167 1230 1197 electio-

215 1227 303 1252 nem,
315 1219 430 1248 contra
440 1227 606 1248 canonum
617 1220 754 1254 statuta,
765 1218 924 1254 fecerant,
935 1219 1080 1249 cundem
1090 1220 1229 1250 fratrem

215 1271 437 1302 Laurentium
464 1281 530 1302 non
568 1272 793 1302 communiter
824 1272 884 1302 sed
919 1273 1139 1312 singulariter
1169 1273 1230 1304 eli-

213 1325 332 1364 gendo,
363 1325 561 1355 electionem
590 1325 742 1360 eandem,
766 1326 941 1356 occasione
975 1326 1169 1365 hujusmodi
1199 1330 1230 1358 et

214 1387 280 1408 non
300 1380 436 1417 propter
465 1378 574 1416 ipsius
599 1379 714 1409 fratris
732 1379 905 1409 Laurentii
924 1388 1067 1418 persone
1095 1380 1229 1417 vitium,

214 1432 438 1467 cassavimus,
454 1431 588 1469 justitia
608 1432 782 1462 suadente.
800 1433 940 1468 Verum,
956 1433 1036 1471 quia
1051 1442 1092 1463 ex
1112 1433 1228 1464 fidedi-

214 1493 357 1523 gnorum
377 1485 540 1515 relatione
560 1485 752 1523 accepimus
773 1486 862 1524 quod
889 1486 998 1516 eidem
1026 1486 1122 1516 fratri
1146 1487 1229 1516 Lau-

213 1538 322 1568 rentio
349 1538 416 1568 vite
437 1538 616 1571 munditia,
646 1547 777 1568 morum
803 1538 963 1569 honestas
990 1541 1021 1569 et
1038 1539 1228 1569 litterarum

213 1590 355 1621 scientia
375 1591 614 1630 suffragantur,
638 1593 669 1621 et
692 1592 781 1630 quod
798 1592 870 1630 ipse
889 1592 922 1621 in
942 1592 1180 1630 spiritualibus
1197 1595 1228 1624 et

213 1643 461 1683 temporalibus
493 1646 544 1674 est
580 1644 797 1675 laudabiliter
829 1646 1106 1684 circumspectus,
1130 1647 1227 1685 digne

210 1697 424 1736 providimus
444 1697 554 1736 ipsius
577 1697 741 1728 honorare
761 1707 952 1736 personam.
980 1699 1143 1734 Quocirca
1165 1700 1228 1729 t'ra-

211 1751 364 1781 ternitati
385 1753 507 1787 vestre,
532 1751 571 1781 de
599 1760 664 1790 qua
686 1751 820 1790 plenam
848 1752 880 1781 in
904 1752 1049 1782 Domino
1069 1752 1226 1783 fiduciam

210 1803 416 1841 obtinemuS,
440 1813 499 1842 per
531 1804 718 1843 apostolica
745 1805 871 1843 scripta
891 1805 1092 1836 mandamus
1117 1807 1226 1844 quati-

209 1865 273 1887 nus
297 1866 356 1887 vos
380 1857 433 1887 vel
452 1857 537 1887 alter
556 1859 719 1893 vestrum,
738 1858 779 1894 si,
803 1858 1027 1888 consideratis
1045 1858 1226 1897 diligenter

208 1910 474 1940 circumstantiis
500 1911 683 1945 universis,
716 1910 812 1940 vobis
851 1912 1042 1942 constiterit
1073 1912 1224 1950 predicto

207 1963 305 1993 fratri
322 1964 505 1994 Laurentio
526 1964 567 1993 ad
589 1963 806 1994 obtinendam
830 1965 1059 2003 episcopalem
1080 1966 1224 2004 dignita—

205 2018 274 2046 tem
290 2017 427 2055 propria
449 2017 571 2047 merita
587 2017 777 2056 suffragari,
797 2018 982 2056 preficiatis
1002 2018 1128 2056 ipsum,
1147 2028 1224 2049 auc-

204 2070 339 2100 toritate
351 2071 478 2104 nostra,
494 2071 603 2101 eidem
614 2071 814 2110 Ergadiensi
828 2071 969 2102 ecclesie
983 2072 1223 2111 inepiscopum

206 2124 237 2153 et
258 2124 430 2161 pastorem
448 2125 480 2153 et
507 2124 538 2154 ei
564 2123 698 2154 faciatis
725 2133 849 2155 munus
874 2125 1140 2155 consecrationis
1159 2126 1219 2156 im-

204 2176 306 2214 pendi
329 2177 396 2207 eta
413 2177 486 2207 suis
514 2177 661 2207 subditis
685 2177 912 2208 obedientiam
935 2180 968 2209 et
995 2180 1221 2209 reverentiam

206 2229 271 2260 sibi
290 2229 437 2260 debitam
457 2230 622 2261 exhiberi.
643 2232 916 2262 Contradictores
934 2233 995 2262 etc.
1014 2241 1121 2271 usque
1136 2242 1222 2263 corn-

204 2283 383 2321 pescendo.
398 2284 579 2322 Recepturi
592 2284 633 2314 ab
646 2294 684 2315 eo
696 2286 926 2324 postmodum,
944 2287 1059 2316 nostro
1072 2288 1103 2316 et
1118 2286 1220 2316 eccle-

205 2336 253 2366 sie
281 2336 432 2367 Romane
466 2338 614 2374 nomine,
644 2338 820 2369 fidelitatis
852 2339 951 2369 solite
975 2339 1219 2377 juramentum,

201 2388 300 2427 juxta
318 2389 461 2420 formam
487 2399 589 2429 quam
605 2391 702 2421 vobis
720 2391 783 2421 sub
804 2391 897 2422 bulla
917 2394 1034 2422 nostra
1050 2393 1220 2423 mittimus

203 2442 435 2473 interclusam.
465 2444 623 2474 Formam
656 2447 768 2475 autem
803 2446 989 2484 juramenti
1026 2447 1115 2484 quod
1147 2447 1220 2485 ipse

201 2495 379 2534 prestabit,
399 2497 439 2526 dc
456 2496 557 2527 verbo
575 2498 616 2527 ad
629 2498 780 2535 verbum,
799 2507 858 2538 per
875 2500 947 2538 eius
964 2501 1117 2539 patentes
1131 2500 1220 2530 litte-

201 2558 258 2579 ras
274 2549 384 2588 ipsius
399 2549 512 2588 sigillo
530 2550 691 2590 signatas,
708 2560 767 2590 per
779 2553 955 2591 proprium
975 2553 1130 2583 nuntium
1150 2555 1219 2583 stu—

202 2603 311 2634 deatis
329 2604 539 2642 quamtotius
556 2604 737 2635 destinare,
755 2606 880 2636 Datum
897 2607 985 2644 apud
1001 2606 1216 2638 Urbemvete-

200 2665 283 2692 rem,
304 2666 325 2685 ιι
345 2657 507 2687 kalendas
523 2657 654 2695 aprilis,
671 2666 756 2688 anno
774 2659 885 2688 tertio.
904 2668 920 2688 »

771 2839 898 2869 Orviet0‚
919 2840 949 2867 13
967 2848 1044 2867 mars
1061 2841 1140 2868 1202.

294 2841 389 2872 1497

235 2924 336 2950 Abbati
354 2923 521 2950 monasterii
542 2934 564 2949 s.
580 2923 687 2949 N1‹·olai
702 2923 729 2949 in
747 2924 845 2955 Bosro,
861 2923 1058 2950 [laudunensis
1078 2924 1212 2958 diocesis,

2248 242 2306 270 215

1296 315 1331 340 ad
1358 314 1486 349 ejusdcm
1516 315 1628 342 abbatis
1646 324 1754 350 preces,
1781 317 1907 350 insluluvt
1932 318 2132 345 ut.lol1unn=3m
2151 320 2184 345 sl„-
2209 321 2305 347 illici-i-

1295 366 1385 389 munt.
1402 363 1462 398 ejus
1488 364 1636 395 elvricum,
1664 366 1697 391 dc
1713 366 1810 400 aliquo
1834 366 1970 393 beneficio
1991 368 2025 392 ad
2042 367 2170 401 ejusd-:m
2192 370 2303 396 :il-luitis

1293 412 1477 439 collationi-m
1497 415 1644 447 spectante
1662 415 1818 448 provideat.
1838 416 1917 441 [luzo.
1939 418 1982 445 29,
2002 416 2048 442 l'ol.
2072 417 2128 449 112,
2149 423 2177 442 ιιο
2194 419 2268 444 557..

1333 518 1480 548 «Abbati
1506 521 1729 551 monasteriis.
1759 520 1884 551 Nicolai
1911 523 1942 550 in
1971 522 2076 557 lloseo,
2096 523 2303 553 Lsiznlimvnsis

1292 570 1429 602 diocesis.
1448 573 1483 602 In
1503 574 1618 603 nostra
1634 574 1837 604 constitutus
1856 593 1903 604 —.
1922 576 2044 606 Datum
2062 577 2149 614 apud
2167 577 2304 607 Ifrbem-

1292 626 1451 660 veterem,
1474 636 1508 655 ιιι
1528 627 1602 657 idus
1617 628 1742 663 martii,
1761 637 1847 658 anno
1865 629 1976 658 tertio.
1994 641 2007 657 >i

1853 800 1977 831 orviem,
1996 802 2029 826 27
2048 808 2126 826 mars
2149 801 2226 827 1205.

1387 798 1479 829 1498

1326 881 1417 908 Priori
1445 886 1470 909 et
1502 883 1653 909 conventui
1678 884 1847 910 monasterii
1880 884 1913 910 «le
1949 885 2042 911 Monte
2065 885 2162 917 llcrili,
2193 886 2301 912 ordinis

1290 939 1312 958 s.
1342 931 1498 962 Benedicti,
1522 931 1654 958 Clusinae
1682 932 1816 965 diocesis,
1838 933 1941 967 quilms
1964 934 2122 960 Alexander
2148 934 2196 960 llll
2225 935 2302 961 dedit

1289 979 1317 1006 in
1335 981 1479 1006 mandatis
1501 982 1529 1006 ut
1552 981 1696 1010 Balbinae.
1712 982 1829 1008 relictae
1846 983 1990 1016 quondam
2007 982 2094 1009 «mitti
2113 984 2146 1009 de
2165 983 2300 1015 llisentio,

1289 1028 1441 1055 ecclesiam
1461 1038 1483 1056 s.
1503 1029 1632 1056 Silvestri
1654 1031 1688 1056 de
1705 1030 1843 1062 Bisentio,
1864 1040 1912 1065 pro
1928 1032 2128 1058 constituendo
2146 1032 2173 1058 in
2193 1041 2225 1058 ea
2244 1041 2302 1059 mo-

1288 1077 1448 1104 nasterium
1471 1079 1579 1105 ordinis
1609 1087 1632 1105 s.
1659 1079 1800 1107 Damiani,
1822 1080 1996 1114 conferrent,
2015 1081 2155 1115 significat
2183 1089 2211 1107 se
2238 1089 2302 1107 con-

1288 1126 1447 1153 cessionem
1479 1127 1655 1162 hujusmodi,
1689 1129 1804 1154 etiamsi
1842 1129 1879 1155 sit
1905 1137 1954 1163 per
1986 1131 2082 1155 sedem
2113 1130 2301 1164 apostolicam

1287 1175 1469 1207 confirmata,
1496 1184 1640 1203 revocare.
1674 1177 1750 1211 (Risu.
1783 1179 1826 1204 29.
1852 1177 1898 1204 l‘ol.
1921 1179 1979 1212 1222,
1999 1179 2114 1208 wat-8,
2143 1179 2300 1210 PoTTuA-sr,

1286 1224 1337 1252 188
1344 1225 1397 1259 lo.)

1326 1343 1342 1363 «
1360 1333 1464 1363 Priori
1479 1339 1505 1363 el
1521 1335 1683 1364 conventui
1700 1335 1877 1364 monastvrii
1891 1335 1925 1364 dc
1941 1335 2043 1364 Monte
2060 1334 2171 1367 Iler-ili,
2186 1335 2302 1365 ordinis

1287 1398 1310 1417 s.
1331 1387 1498 1424 Beneficii,
1516 1387 1639 1417 Clusine
1653 1387 1787 1418 diocesis.
1807 1389 1857 1419 Ex
1873 1391 1965 1427 parte
1984 1390 2096 1419 vestra
2112 1407 2161 1418 —.
2177 1389 2300 1419 Datum

1287 1440 1375 1478 apud
1407 1441 1697 1477 Urbemveterem,
1723 1450 1753 1470 v1
1781 1442 1944 1472 kalendas
1973 1442 2104 1481 aprilis,
2132 1451 2217 1472 anno
2236 1444 2300 1472 ter-

1287 1493 1346 1523 lio.
1373 1504 1386 1522 ))

1849 1662 1973 1688 (iri-ieta.
2000 1664 2032 1689 27
2051 1672 2128 1689 mars
2149 1664 2225 1690 1202.

1379 1663 1473 1694 1499

1322 1746 1450 1772 Priorem
1478 1755 1500 1773 s.
1528 1747 1583 1773 Viti
1609 1747 1643 1773 do
1658 1747 1785 1775 Montali,
1808 1747 1960 1774 Perusinar¹
1983 1747 2297 1782 dio-‘osis..praedictae

1284 1795 1424 1828 epistolae
1436 1798 1674 1822 conservatorem
1692 1797 1821 1829 deputat.
1838 1797 1917 1822 uim.
1937 1797 1980 1823 29.
1999 1796 2044 1822 t'ol.
2069 1797 2116 1823 liz!
2133 1803 2172 1827 ΥΟ,
2189 1802 2218 1823 11⁰
2231 1798 2297 1829 mm

1284 1843 1442 1870 Porruasr.
1466 1845 1581 1876 18841.)

1323 1960 1337 1978 t(
1359 1950 1496 1979 Priorem
1523 1961 1547 1980 s.
1585 1951 1646 1980 I'iti
1673 1950 1709 1980 de
1732 1950 1872 1984 Martiali,
1905 1951 2054 1981 Perusiae
2081 1952 2215 1982 (limosis.
2248 1954 2298 1983 Ex

1283 2006 1378 2042 parte
1408 2004 1610 2034 dilectorum
1628 2022 1677 2033 —.
1697 2005 1822 2034 Datum
1847 2005 1935 2043 apud
1955 2005 2244 2040 Urbemveterem,
2264 2016 2294 2036 vi

1282 2057 1446 2087 kalendas
1465 2058 1598 2096 aprilis,
1614 2066 1701 2088 anno
1718 2059 1828 2088 tertio.
1851 2069 1865 2087 ι)

1857 2226 1981 2253 Urviclo,
1998 2228 2030 2253 23
2049 2235 2127 2252 murs
2147 2227 2223 2253 lztl'r.

1377 2227 1470 2257 1500

1318 2310 1475 2337 l'lebanum
1506 2311 1643 2337 ccclesiae
1666 2312 1699 2337 de
1725 2311 1926 2343 tlar1iiiguaco,
1951 2311 2135 2338 l'istoriensis
2159 2312 2295 2344 diocesis,

1280 2362 1461 2386 executorem
1480 2361 1595 2394 deputat
1616 2359 1744 2386 mandati
1764 2366 1793 2386 ιιο
1815 2360 1865 2386 529
1883 2360 1999 2394 signati.
2016 2361 2096 2387 altitu.
2111 2362 2155 2387 29.
2178 2360 2224 2387 sol.
2247 2361 2296 2387 142

1279 2415 1316 2440 ψ’,
1333 2415 1364 2435 n⁰
1380 2410 1455 2443 550.)

1319 2525 1333 2543 ι(
1352 2514 1486 2545 l’lebano
1504 2516 1626 2544 ecclesie
1648 2515 1683 2544 dc
1701 2515 1913 2555 Carmiqmico,
1944 2516 2138 2546 Pisloriensis
2155 2516 2293 2547 diocesis.

1278 2569 1330 2598 Ad
1352 2569 1412 2599 hec
1440 2569 1532 2599 Deus
1550 2587 1598 2596 —.
1619 2569 1743 2599 Datum
1767 2569 1855 2607 apud
1881 2568 2172 2603 Urbemveterem,
2198 2580 2219 2600 x
2238 2571 2295 2601 ka-

1277 2622 1395 2652 lendas
1412 2622 1543 2660 aprilis,
1562 2631 1647 2652 anno
1666 2622 1776 2652 tertio.
1799 2631 1814 2650 ι)

1849 2793 1974 2825 ort-iero,
1991 2795 2024 2821 28
2043 2802 2121 2820 mars
2142 2795 2216 2820 taut.

1369 2794 1457 2824 1501

1310 2876 1564 2911 archipresbytero
1588 2879 1614 2903 ct
1637 2876 1762 2911 capitulo
1785 2877 1926 2904 ecclesiae
1950 2887 1971 2905 s.
1996 2877 2134 2904 Joliannis
2154 2878 2180 2904 in
2201 2878 2290 2904 l'ersi-

1272 2928 1347 2959 ccto,
1363 2925 1551 2952 Bononiensis
1565 2925 1699 2957 diocesis,
1714 2926 1831 2952 man-lat
1847 2929 1873 2952 ul
1890 2926 2087 2958 Guillelmum,
2108 2934 2206 2953 eorum
2221 2935 2288 2953 con-
