2519 3262
238 228 296 258 270

825 306 948 338 Orvicto,
967 307 1001 333 25
1022 305 1077 332 mai
1098 305 1172 333 1264.

329 315 344 345 1
353 314 424 345 738

273 397 510 424 Archidiaconum
537 394 725 421 Mil-lclscxiac
749 394 775 419 in
796 393 916 419 ecc-lesia
937 391 1124 418 Londonicnsi
1141 393 1169 418 ct
1185 399 1245 417 ma-

238 446 360 481 gistrum
388 445 550 478 Philippum
570 444 603 469 dc
626 442 774 472 Cancellis,
795 441 999 468 subdiaconum
1020 443 1044 467 ct
1065 440 1243 475 capellanum

237 494 437 530 apostolicum,
449 492 610 527 praedictae
621 490 783 518 collationis
793 493 956 517 executores
968 490 1093 524 deputat.
1105 489 1183 522 (Rite.
1200 490 1244 517 29.

239 544 285 570 fol.
307 544 354 571 175
370 548 406 573 νο,
424 547 453 568 11⁰
472 542 522 567 788
538 543 544 573 )

277 661 291 679 ι(
311 650 534 680 Arcleidiarono
563 649 750 679 Miltlelseaeie
771 650 800 678 in
830 648 954 678 ecclesia
985 647 1189 677 londoniensi
1219 651 1245 676 el

238 704 382 741 mqqissto
415 703 572 743 Phyllippo
601 703 636 733 de
654 702 820 737 Cancellis,
840 702 1023 731 subdiacono
1037 706 1065 731 et
1088 699 1246 740 capellano

238 761 350 786 nostro.
368 757 515 796 Dignum
535 758 566 787 et
583 765 767 795 congruum
789 773 835 784 ——.
857 756 979 785 Datum
1000 755 1086 793 apud
1105 753 1245 783 Urbem-

237 811 396 847 veterem,
413 820 471 840 vm
489 810 653 840 kalendas
665 810 764 849 junii,
782 818 868 839 anno
885 809 996 839 tertio.
1017 818 1031 837 »

824 986 948 1017 Orvieto,
973 985 1076 1020 t2juin
1099 985 1175 1012 1261.

327 988 424 1019 1739

272 1070 363 1097 Priori
379 1073 407 1097 ct
432 1070 556 1105 capitulo
579 1070 790 1105 Fuliginatibus
816 1071 933 1097 mandat
956 1072 985 1097 ut
1002 1070 1150 1101 Jacobnm,
1164 1068 1246 1096 cleri-

235 1127 299 1146 cum
315 1119 453 1146 ecclesiae
470 1128 493 1146 s.
512 1119 612 1154 Angeli
631 1121 664 1146 de
674 1119 788 1154 criptis,
805 1120 948 1154 quondam
966 1118 1136 1153 Fuliginutis
1153 1118 1246 1146 dioec-

236 1167 285 1199 sis,
303 1167 331 1194 in
360 1168 530 1195 canonicum
559 1169 698 1203 recipiant
714 1168 794 1203 cique
821 1169 854 1196 dc
878 1168 1039 1203 praebenda
1066 1167 1244 1203 provideant.

236 1217 315 1251 (Riect
335 1218 378 1247 29,
400 1217 447 1245 fol.
471 1218 531 1248 176,
553 1222 585 1243 11⁰
606 1218 680 1253 789.)

275 1336 289 1355 (ι
311 1327 418 1356 Priori
430 1331 457 1355 el
471 1326 608 1367 capitulo
626 1326 861 1365 Fuliqhmtibus.
872 1326 1055 1356 Sinceritas
1070 1327 1181 1356 vestra
1194 1325 1246 1356 be-

236 1380 349 1410 nivola
364 1398 411 1410 —.
436 1380 559 1410 Datum
586 1380 674 1419 apud
691 1379 978 1414 Urbemveterem,
999 1389 1020 1408 ιι
1041 1379 1117 1410 idus
1144 1379 1243 1418 junii,

238 1441 324 1463 anno
342 1433 453 1463 tertio.
479 1442 493 1462 »

841 1606 963 1637 {Ji-vieto,
981 1608 996 1633 5
1013 1607 1074 1642 juin
1096 1608 1171 1634 1264.

328 1609 422 1639 [740

271 1694 381 1719 Decano
407 1692 544 1719 ccclesiae
576 1692 793 1719 Cameracensis
810 1692 927 1718 mandat
957 1694 986 1718 ut
1021 1692 1174 1719 llcuricum
1209 1694 1242 1719 dc

235 1740 374 1772 Braxclla,
399 1740 534 1767 clericum
557 1739 772 1766 Cameracensis
797 1740 929 1773 diocesis,
950 1740 977 1767 in
992 1740 1114 1768 ccclesia
1141 1741 1245 1776 lingar-

234 1789 324 1820 dcnsi,
343 1789 505 1815 Leodicnsis
522 1789 654 1819 diocesis,
674 1789 701 1815 in
717 1789 888 1816 canonicum
902 1789 988 1824 recipi
1000 1789 1093 1817 saciat.
1107 1790 1185 1825 (nno.
1199 1792 1242 1822 29,

236 1838 348 1868 forno,
368 1840 400 1864 ιιο
417 1838 492 1871 7911.)

274 1958 288 1977 ((
308 1971 334 1976 ..
355 1948 467 1977 decano
494 1948 616 1977 ecclesie
634 1948 871 1980 Cameracensis,
893 1950 1089 1980 Affectionis
1106 1953 1243 1990 paterne

235 2001 385 2031 studium
403 2019 450 2030 —.
467 2002 552 2031 Sane
570 2001 714 2031 dilectus
730 2002 821 2031 lilius
834 2003 1002 2033 llenricus
1020 2003 1059 2033 de
1074 2004 1243 2041 Braxella,

234 2054 377 2084 clericus
397 2054 651 2084 Cameracensis
672 2055 829 2089 diocesiS,
856 2055 1029 2085 humiliter
1056 2057 1171 2087 retulit
1193 2067 1244 2087 co-

235 2116 306 2137 ram
319 2107 416 2137 nobis
433 2107 533 2146 quod,
557 2107 635 2137 licet
653 2107 796 2137 ecclesia
810 2108 849 2138 ‹le
872 2108 988 2146 issi-pse,
1007 2110 1156 2148 predicte
1175 2110 1244 2140 dio-

234 2160 333 2196 cesis,
360 2159 425 2190 sibi
454 2160 535 2190 olim
562 2160 864 2198 apostolicat'uerit
884 2162 1081 2192 auctoritate
1108 2163 1241 2197 collata.

234 2221 293 2251 pro
314 2213 387 2252 ipsa
402 2214 514 2243 tamen
530 2213 692 2251 litigando
707 2214 848 2248 diutins,
865 2214 927 2244 sub
945 2214 1104 2253 gravibus
1120 2215 1243 2246 labori-

234 2264 296 2295 bus
317 2267 348 2295 et
366 2266 522 2304 expensis
540 2266 743 2296 contrariam
762 2266 827 2296 sibi
847 2276 949 2306 super
965 2268 1022 2297 illa
1040 2269 1242 2299 sententiam

234 2319 428 2356 reportavit,
457 2320 488 2349 et
507 2319 551 2349 ita
570 2328 634 2349 non
661 2320 732 2350 sine
753 2320 870 2350 multis
888 2321 1070 2359 gemitibus
1085 2322 1175 2352 omni
1193 2331 1243 2351 ec-

233 2371 423 2402 clesiastico
448 2372 609 2403 beneticio
638 2374 788 2404 remanet
821 2373 1020 2404 denudatus
1050 2374 1136 2409 Quia
1165 2384 1241 2405 vcro
1272 2382 1273 2386 ¹

233 2424 354 2455 dilecta
380 2425 413 2454 in
441 2425 575 2456 Christo
594 2426 683 2456 tilia.
702 2450 708 2456 .
728 2426 899 2457 abbatissa
927 2427 967 2458 de
989 2428 1239 2466 Momsteriolo,

233 2477 470 2508 Cisterciensis
487 2479 628 2515 ordinis,
645 2480 787 2510 eundem
808 2480 969 2511 clericum
993 2481 1090 2512 nobis
1115 2482 1240 2513 dndmn

233 2532 481 2562 commendavit
511 2541 569 2571 per
600 2542 679 2563 suas
696 2533 828 2564 litteras
845 2535 1023 2574 speciales,
1048 2537 1080 2566 et
1098 2536 1241 2567 dilectus

234 2584 336 2620 filius,
349 2584 452 2614 abbas
469 2586 666 2616 monasterii
680 2586 719 2617 de
730 2587 849 2621 Datus,
862 2596 920 2626 pro
934 2589 1008 2627 ipso
1021 2590 1240 2628 apostolicam

232 2637 374 2676 gratiam
398 2637 603 2677 imploravit,
623 2648 694 2676 nos,
725 2648 840 2671 eorum
859 2641 997 2673 obtentu
1014 2651 1049 2673 ae
1066 2643 1166 2674 etiam
1192 2644 1240 2674 in-

232 2690 321 2721 tuitu
345 2690 569 2722 laudabilium
599 2693 797 2724 meritorum
823 2694 862 2725 de
888 2695 1011 2734 quibus
1028 2696 1156 2735 prefato
1176 2698 1240 2729 cle-

232 2743 301 2773 rico
316 2752 334 2773 a
351 2744 527 2783 tidedignis
545 2745 778 2777 testimonium
792 2748 997 2786 perhibetur,
1010 2749 1147 2788 dignum
1165 2759 1239 2781 esse

232 2796 443 2834 providimus
460 2799 496 2828 ut
513 2798 622 2836 ipsum
640 2800 789 2838 gratiosa
805 2800 1032 2833 benivolentia
1051 2802 1235 2835 foveamus.

235 2849 311 2879 [nde
340 2850 375 2880 tit
403 2851 490 2889 quod
511 2860 584 2888 nos,
603 2853 733 2883 devotis
762 2854 913 2893 ejusdem
940 2856 1052 2886 clerici
1081 2857 1237 2895 precibus

232 2902 396 2937 inclinati.
415 2903 611 2935 discretioni
640 2907 694 2936 tue
713 2907 912 2938 mandamus
933 2909 1093 2948 quatinus
1110 2910 1232 2950 ipsum,

983 219 1227 251 REGISTRES
1258 217 1469 249 D'URBAIN
1501 217 1556 247 IV.

1304 302 1486 334 dummodo
1515 303 1558 332 sit
1578 302 1730 342 ydoneus
1760 302 1901 332 scientia
1919 304 1950 333 et
1972 302 2126 332 moribus
2155 303 2314 343 aliudque

1303 355 1502 386 canonicum
1520 363 1583 385 non
1604 355 1757 389 obsistat.
1780 355 1812 385 in
1831 355 1975 385 ecclesia
1994 356 2220 394 Hugardensi,
2235 357 2315 387 Leo-

1303 409 1432 439 diensis
1442 408 1600 444 diocesis,
1615 409 1646 438 in
1664 417 1729 447 qua
1744 408 1991 447 prebendarum
2006 409 2141 439 collatio
2155 409 2196 439 ad
2216 409 2313 440 dilec-

1304 463 1374 492 tum
1389 462 1495 492 tilium
1514 484 1520 490 .
1539 485 1545 491 .
1568 461 1778 500 prepositum
1800 462 1919 500 ipsius,
1940 461 2063 492 dicitur
2081 462 2261 500 pertinere,
2284 462 2313 491 si

1303 515 1439 544 nonnisi
1457 514 1588 544 duobus
1606 514 1683 544 aliis
1703 515 1734 544 in
1765 523 1803 544 ea
1825 514 2099 545 mandaverimus
2128 515 2311 553 provideri,

1303 568 1501 598 auctoritate
1518 568 1643 601 nostra,
1661 570 1761 606 perte
1780 567 1832 597 vel
1845 567 2030 607 peralium,
2046 567 2150 597 facias
2170 568 2204 598 in
2221 577 2316 598 cano·

1303 620 1415 651 nicum
1435 622 1466 651 et
1487 621 1519 650 in
1539 620 1678 650 fratrem
1694 621 1809 659 recipi,
1828 629 1865 651 ac
1880 620 1945 650 sibi
1963 621 2003 651 de
2024 620 2193 660 prebenda
2210 621 2316 660 siqua

1304 674 1337 703 in
1355 674 1497 704 ecclesia
1515 674 1587 712 ipsa
1606 675 1699 704 vacat
1716 674 1757 703 ad
1783 682 1936 713 presenS,
1955 674 2006 704 vel
2027 674 2196 713 quamcito
2215 682 2250 704 se
2269 674 2316 704 fa-

1304 727 1412 757 cultas
1445 726 1618 761 obtuIerit,
1635 727 1811 765 providere
1844 736 2016 766 procures
2054 727 2130 757 Non
2162 726 2316 758 obstante

1304 782 1430 810 statuto
1448 798 1497 816 —,
1514 789 1574 810 seu
1599 781 1686 819 quod
1715 780 1804 810 idem
1827 780 1971 811 clericus
1991 781 2159 819 quandam
2186 781 2321 819 pensio-

1305 842 1380 863 nem
1398 842 1433 863 se
1453 832 1534 863 alibi
1552 834 1675 864 asserit
1692 833 1854 864 obtinere.
1878 833 2151 864 Contradictores
2170 835 2231 864 etc.
2251 833 2316 864 Da-

1303 888 1375 917 tum
1396 887 1484 925 apud
1506 886 1795 923 Urbemveterem,
1818 887 1917 917 nonis
1941 887 2042 926 junii,
2062 895 2147 917 anno
2175 887 2316 917 tertio.»

1399 1056 1489 1087 1741
1901 1055 2025 1087 Orricto,
2040 1056 2072 1083 31
2089 1055 2146 1083 mai
2167 1056 2243 1083 1·.64.

1342 1139 1445 1167 Abbati
1466 1149 1489 1167 s,
1508 1140 1586 1167 Pauli
1602 1139 1742 1166 Bisuntini
1761 1140 1879 1166 mandat
1890 1144 1917 1167 ut
1929 1140 2088 1168 Jolianncm
2101 1141 2134 1166 de
2150 1149 2174 1167 s.
2187 1139 2317 1167 L'rsicino

1305 1189 1335 1215 in
1351 1188 1471 1216 ecclesia
1490 1197 1512 1216 S.
1530 1189 1665 1221 Ursicini,
1684 1188 1847 1216 Busilicnsis
1868 1188 2000 1219 diocesis,
2020 1189 2135 1216 obtentu
2151 1189 2316 1216 Basiliensis

1305 1237 1444 1272 episcopi,
1463 1238 1491 1265 in
1509 1237 1678 1265 canonicum
1695 1237 1781 1272 recipi
1800 1238 1884 1265 saciat
1901 1238 1982 1272 cique
1997 1238 2032 1266 de
2050 1238 2212 1272 praebenda
2227 1237 2319 1273 provi-

1304 1288 1380 1314 deat.
1398 1287 1477 1321 uteo.
1499 1286 1595 1319 aasol.
1617 1288 1675 1321 176,
1698 1292 1729 1313 n⁰
1746 1288 1819 1321 7111.)

1346 1404 1360 1423 u
1382 1394 1496 1424 Abbati
1517 1406 1540 1424 s.
1571 1394 1663 1424 Pauli
1688 1394 1855 1424 Bisunlini.
1881 1395 1964 1427 Cum
1987 1395 2074 1425 sicut
2100 1395 2244 1426 dilectus
2266 1411 2315 1426 —-.

1304 1448 1428 1478 Datum
1452 1449 1539 1487 apud
1565 1448 1856 1486 Urbemveterem,
1886 1458 1907 1478 11
1932 1449 2096 1479 kalendas
2113 1449 2214 1488 junii,
2230 1457 2316 1479 anno

1304 1501 1416 1531 tertio.
1440 1514 1453 1528 n

1398 1666 1492 1697 1742
1913 1665 2036 1697 Orvieto,
2054 1667 2071 1694 3
2082 1665 2146 1701 juin
2163 1666 2240 1693 1:264.

1339 1749 1452 1776 Cuntori
1472 1749 1610 1777 ccclesiae
1627 1749 1814 1777 [limiricensis
1836 1751 1952 1777 mandat
1969 1753 1999 1777 ut
2015 1750 2102 1777 Odoni
2120 1751 2153 1777 de
2175 1750 2315 1778 l‘rulliaco

1303 1798 1407 1825 clerico
1423 1799 1451 1825 in
1478 1799 1598 1826 ecclesia
1620 1809 1642 1825 s.
1665 1799 1740 1826 l‘ctri
1766 1800 1929 1826 Puellarum
1951 1800 1986 1826 dc
2005 1799 2175 1827 canonicatu
2192 1803 2219 1827 ct
2235 1808 2315 1835 prae·

1303 1848 1393 1874 bcnda
1411 1848 1569 1882 providi-at.
1590 1849 1668 1883 (Rea.
1683 1850 1728 1881 29,
1747 1849 1793 1876 t'ol.
1819 1850 1866 1876 176
1885 1854 1924 1881 νο,
1945 1854 1976 1876 n⁰
1992 1851 2066 1883 792.)

1343 1965 1357 1982 ι(
1380 1977 1385 1982 .
1405 1979 1410 1983 .
1432 1955 1552 1983 cantori
1572 1954 1693 1984 ecclesie
1722 1955 1933 1986 Biluricensis.
1954 1956 2119 1995 Exposuit
2145 1956 2243 1987 nohis
2265 1957 2311 1987 di-

1303 2007 1410 2038 lectus
1433 2008 1522 2037 tilius
1535 2008 1605 2038 Odo
1620 2009 1659 2037 de
1674 2009 1855 2044 l'rulliaco,
1882 2009 2026 2039 clericus
2059 2009 2189 2040 nullum
2209 2010 2314 2041 adhuc

1303 2060 1569 2092 ecclesiasticum
1594 2061 1795 2091 beneticium
1815 2065 2002 2098 assecutus,
2024 2063 2112 2102 quod
2131 2072 2191 2093 nos
2208 2073 2312 2102 quon-

1303 2114 1378 2143 dam
1394 2114 1585 2149 G.‚cantori
1601 2114 1742 2145 ecclesie
1758 2115 2231 2154 Ilituricensis,predecessori
2244 2119 2312 2153 tuo,

1273 2194 1275 2209 ,ἵ
1302 2175 1464 2205 expresso
1483 2168 1620 2205 proprio
1648 2168 1796 2203 nomine,
1826 2168 1968 2199 faciendi
1993 2169 2138 2200 eundem
2153 2170 2312 2201 clericum

1274 2228 1275 2237 ι
1302 2220 1333 2250 in
1352 2220 1592 2250 etz-losiabeati
1612 2221 1703 2251 Petri
1716 2221 1925 2258 Puellarum,
1941 2222 1972 2252 in
1989 2231 2054 2261 qua
2067 2222 2312 2262 prebendarum

1273 2270 1274 2292 ἓ
1301 2273 1436 2303 collatio
1465 2276 1540 2303 tuin·
1568 2274 1608 2303 ad
1640 2274 1749 2313 ipsum
1773 2277 1946 2305 cantorem
1965 2276 2149 2314 spectabat,
2165 2277 2199 2307 in
2217 2286 2314 2308 cano-

1302 2327 1412 2357 nicum
1434 2329 1464 2357 et
1486 2327 1515 2356 in
1539 2327 1675 2358 tratrem
1695 2328 1811 2367 recipi,
1832 2330 1862 2359 et
1883 2329 2081 2368 providendi
2099 2330 2164 2360 sibi
2186 2331 2225 2362 de
2241 2340 2313 2371 pre·

1300 2380 1419 2415 bend-a,
1438 2381 1467 2410 si
1486 2390 1551 2419 qua
1576 2382 1655 2411 tunc
1681 2381 1818 2411 vacabat
1844 2381 1968 2413 ibidem
1988 2383 2040 2413 vel
2061 2385 2311 2424 quamprimum

1300 2434 1341 2463 ad
1366 2433 1398 2463 id
1422 2434 1634 2472 oportunitas
1663 2443 1698 2465 se
1729 2436 1874 2471 otl'crret,
1898 2438 1930 2466 et
1961 2437 2226 2469 contradictores
2254 2447 2312 2478 per

1299 2496 1476 2517 censuram
1490 2487 1769 2525 ecclesiasticam,
1783 2489 2007 2528 appellatione
2016 2491 2214 2530 postposita,
2224 2501 2312 2523 com-

1301 2541 1469 2579 pescendi,
1487 2550 1552 2572 non
1568 2542 1723 2573 obstante
1740 2544 1830 2573 certo
1848 2543 1956 2582 ipsius
1975 2544 2116 2575 ecclesie
2136 2546 2311 2577 canonico·

1299 2603 1372 2624 rum
1400 2604 1539 2625 numero
1568 2596 1799 2626 concessimus
1825 2606 1883 2636 per
1908 2599 2040 2628 nostras
2068 2598 2201 2629 litteras
2230 2599 2309 2631 libe·

1299 2655 1369 2677 ram
1392 2646 1597 2678 facultatem.
1619 2649 1741 2679 Verum
1754 2649 1869 2680 eodem
1886 2652 2019 2681 cantore
2037 2651 2126 2681 viam
2152 2652 2310 2683 universe

1297 2700 1409 2730 carnis
1432 2701 1596 2740 ingresso,
1615 2703 1788 2741 predictus
1805 2703 1948 2734 clericus
1973 2704 2105 2734 nullum
2127 2707 2175 2736 est
2191 2714 2232 2736 ex
2248 2705 2309 2736 hoe

1297 2754 1511 2784 commodum
1536 2757 1725 2786 assecutus.
1747 2756 1795 2786 Nc
1823 2757 1924 2795 igitur
1942 2757 2029 2788 idem
2055 2757 2209 2794 clericus,
2237 2767 2309 2798 pre-

1297 2808 1635 2846 textuexpressionis
1652 2809 1799 2839 nominis
1815 2811 1962 2840 cantoris
1977 2811 2130 2849 predicti„
2146 2811 2230 2842 facte
2242 2811 2306 2842 sibi

1297 2868 1313 2889 a
1331 2859 1427 2890 nobis
1445 2861 1552 2898 gratie
1574 2862 1607 2891 in
1632 2862 1690 2891 hac
1710 2865 1803 2901 parte
1822 2863 2002 2894 frustretur
2020 2865 2151 2899 effectu,
2173 2873 2308 2904 presen-

1296 2913 1378 2943 tium
1398 2913 1458 2944 tibi
1475 2915 1673 2945 auctoritate
1691 2916 1906 2947 concedinms
1922 2919 1970 2953 ut,
1988 2917 2016 2947 si
2034 2920 2083 2948 est
2101 2918 2156 2953 ita,
2173 2927 2307 2957 expres-
