<?xml version="1.0" encoding="UTF-8"?>
<!DOCTYPE html PUBLIC "-//W3C//DTD XHTML 1.0 Transitional//EN"
    "http://www.w3.org/TR/xhtml1/DTD/xhtml1-transitional.dtd">
<html xmlns="http://www.w3.org/1999/xhtml" xml:lang="en" lang="en">
 <head>
  <title>
</title>
<meta http-equiv="Content-Type" content="text/html;charset=utf-8" />
  <meta name='ocr-system' content='tesseract 3.04.00' />
  <meta name='ocr-capabilities' content='ocr_page ocr_carea ocr_par ocr_line ocrx_word'/>
</head>
<body>
  <div class='ocr_page' id='page_1' title='image "./lesregistresdurb34cath/lesregistresdurb34cath_0378.png"; bbox 0 0 2519 3262; ppageno 0'>
   <div class='ocr_carea' id='block_1_1' title="bbox 248 235 306 264">
    <p class='ocr_par' dir='ltr' id='par_1_1' title="bbox 248 235 306 264">
     <span class='ocr_line' id='line_1_1' title="bbox 248 235 306 264; baseline 0 0"><span class='ocrx_word' id='word_1_1' title='bbox 248 235 306 264; x_wconf 77' lang='lat'>336</span> 
     </span>
    </p>
   </div>
   <div class='ocr_carea' id='block_1_2' title="bbox 247 312 1260 1625">
    <p class='ocr_par' dir='ltr' id='par_1_2' title="bbox 247 312 1260 1625">
     <span class='ocr_line' id='line_1_2' title="bbox 248 312 1256 352; baseline -0.007 -3"><span class='ocrx_word' id='word_1_2' title='bbox 248 319 358 352; x_wconf 77' lang='lat' dir='ltr'>nobis⁷</span> <span class='ocrx_word' id='word_1_3' title='bbox 379 317 531 348; x_wconf 87' lang='lat' dir='ltr'>nonnulli</span> <span class='ocrx_word' id='word_1_4' title='bbox 548 317 703 351; x_wconf 88' lang='lat' dir='ltr'>barones,</span> <span class='ocrx_word' id='word_1_5' title='bbox 724 313 868 349; x_wconf 79' lang='lat' dir='ltr'>nobiles,</span> <span class='ocrx_word' id='word_1_6' title='bbox 882 313 1009 344; x_wconf 85' lang='lat' dir='ltr'><strong>milites</strong></span> <span class='ocrx_word' id='word_1_7' title='bbox 1033 315 1064 343; x_wconf 90' lang='lat' dir='ltr'>et</span> <span class='ocrx_word' id='word_1_8' title='bbox 1082 312 1159 343; x_wconf 84' lang='lat' dir='ltr'>laici</span> <span class='ocrx_word' id='word_1_9' title='bbox 1174 312 1256 342; x_wconf 90' lang='lat' dir='ltr'>Leo—</span> 
     </span>
     <span class='ocr_line' id='line_1_3' title="bbox 248 365 1256 408; baseline -0.007 -6"><span class='ocrx_word' id='word_1_10' title='bbox 248 372 376 402; x_wconf 88' lang='lat' dir='ltr'>diensis</span> <span class='ocrx_word' id='word_1_11' title='bbox 397 373 428 401; x_wconf 89' lang='lat' dir='ltr'>et</span> <span class='ocrx_word' id='word_1_12' title='bbox 445 369 672 408; x_wconf 86' lang='lat' dir='ltr'>Trajectensis</span> <span class='ocrx_word' id='word_1_13' title='bbox 698 367 874 398; x_wconf 87' lang='lat' dir='ltr'>civitatum</span> <span class='ocrx_word' id='word_1_14' title='bbox 892 369 923 397; x_wconf 88' lang='lat' dir='ltr'>et</span> <span class='ocrx_word' id='word_1_15' title='bbox 946 367 1119 397; x_wconf 86' lang='lat' dir='ltr'>diocesum</span> <span class='ocrx_word' id='word_1_16' title='bbox 1138 366 1171 395; x_wconf 92' lang='lat' dir='ltr'>in</span> <span class='ocrx_word' id='word_1_17' title='bbox 1186 365 1256 395; x_wconf 89' lang='lat' dir='ltr'>bel-</span> 
     </span>
     <span class='ocr_line' id='line_1_4' title="bbox 247 420 1256 461; baseline -0.007 -6"><span class='ocrx_word' id='word_1_18' title='bbox 247 425 302 461; x_wconf 91' lang='lat' dir='ltr'>lis,</span> <span class='ocrx_word' id='word_1_19' title='bbox 332 424 537 455; x_wconf 69' lang='lat' dir='ltr'>exercitibus</span> <span class='ocrx_word' id='word_1_20' title='bbox 560 424 591 452; x_wconf 90' lang='lat' dir='ltr'>et</span> <span class='ocrx_word' id='word_1_21' title='bbox 613 421 858 452; x_wconf 67' lang='lat' dir='ltr'>torneamentis</span> <span class='ocrx_word' id='word_1_22' title='bbox 887 422 919 450; x_wconf 89' lang='lat' dir='ltr'>et</span> <span class='ocrx_word' id='word_1_23' title='bbox 943 420 1028 450; x_wconf 82' lang='lat' dir='ltr'>allas</span> <span class='ocrx_word' id='word_1_24' title='bbox 1051 420 1153 450; x_wconf 86' lang='lat' dir='ltr'>etiam</span> <span class='ocrx_word' id='word_1_25' title='bbox 1178 428 1256 449; x_wconf 90' lang='lat' dir='ltr'>non—</span> 
     </span>
     <span class='ocr_line' id='line_1_5' title="bbox 247 473 1254 514; baseline -0.007 -6"><span class='ocrx_word' id='word_1_26' title='bbox 247 479 341 508; x_wconf 84' lang='lat' dir='ltr'>nulla</span> <span class='ocrx_word' id='word_1_27' title='bbox 360 477 508 507; x_wconf 87' lang='lat' dir='ltr'>indebite</span> <span class='ocrx_word' id='word_1_28' title='bbox 533 474 783 514; x_wconf 56' lang='lat' dir='ltr'>acquisivitsse</span> <span class='ocrx_word' id='word_1_29' title='bbox 802 473 854 504; x_wconf 90' lang='lat' dir='ltr'>vel</span> <span class='ocrx_word' id='word_1_30' title='bbox 879 473 1038 503; x_wconf 87' lang='lat' dir='ltr'>habuisse</span> <span class='ocrx_word' id='word_1_31' title='bbox 1060 475 1254 503; x_wconf 86' lang='lat' dir='ltr'>noscuntur.</span> 
     </span>
     <span class='ocr_line' id='line_1_6' title="bbox 247 525 1256 569; baseline -0.006 -8"><span class='ocrx_word' id='word_1_32' title='bbox 247 532 387 565; x_wconf 85' lang='lat' dir='ltr'>Verum,</span> <span class='ocrx_word' id='word_1_33' title='bbox 413 531 492 569; x_wconf 87' lang='lat' dir='ltr'>quia</span> <span class='ocrx_word' id='word_1_34' title='bbox 516 529 563 558; x_wconf 86' lang='lat' dir='ltr'>hii</span> <span class='ocrx_word' id='word_1_35' title='bbox 579 528 704 567; x_wconf 88' lang='lat' dir='ltr'>quibus</span> <span class='ocrx_word' id='word_1_36' title='bbox 722 528 842 557; x_wconf 88' lang='lat' dir='ltr'>horum</span> <span class='ocrx_word' id='word_1_37' title='bbox 859 527 1029 557; x_wconf 78' lang='lat' dir='ltr'>restitutio</span> <span class='ocrx_word' id='word_1_38' title='bbox 1054 526 1127 556; x_wconf 88' lang='lat' dir='ltr'>fieri</span> <span class='ocrx_word' id='word_1_39' title='bbox 1146 525 1256 560; x_wconf 87' lang='lat' dir='ltr'>debet,</span> 
     </span>
     <span class='ocr_line' id='line_1_7' title="bbox 247 580 1258 615; baseline -0.006 0"><span class='ocrx_word' id='word_1_40' title='bbox 247 585 300 615; x_wconf 89' lang='lat' dir='ltr'>vel</span> <span class='ocrx_word' id='word_1_41' title='bbox 329 584 469 614; x_wconf 87' lang='lat' dir='ltr'>heredes</span> <span class='ocrx_word' id='word_1_42' title='bbox 503 592 619 614; x_wconf 92' lang='lat' dir='ltr'>eorum</span> <span class='ocrx_word' id='word_1_43' title='bbox 651 582 789 612; x_wconf 91' lang='lat' dir='ltr'>omnino</span> <span class='ocrx_word' id='word_1_44' title='bbox 821 581 900 611; x_wconf 89' lang='lat' dir='ltr'>sciri</span> <span class='ocrx_word' id='word_1_45' title='bbox 932 581 984 611; x_wconf 88' lang='lat' dir='ltr'>vel</span> <span class='ocrx_word' id='word_1_46' title='bbox 1016 580 1161 610; x_wconf 88' lang='lat' dir='ltr'>inveniri</span> <span class='ocrx_word' id='word_1_47' title='bbox 1192 588 1258 609; x_wconf 91' lang='lat' dir='ltr'>non</span> 
     </span>
     <span class='ocr_line' id='line_1_8' title="bbox 248 633 1258 677; baseline -0.005 -10"><span class='ocrx_word' id='word_1_48' title='bbox 248 639 402 677; x_wconf 77' lang='lat' dir='ltr'>possunt,</span> <span class='ocrx_word' id='word_1_49' title='bbox 423 637 511 666; x_wconf 85' lang='lat' dir='ltr'>idern</span> <span class='ocrx_word' id='word_1_50' title='bbox 539 636 719 674; x_wconf 89' lang='lat' dir='ltr'>episcopus</span> <span class='ocrx_word' id='word_1_51' title='bbox 737 634 835 665; x_wconf 86' lang='lat' dir='ltr'>nobis</span> <span class='ocrx_word' id='word_1_52' title='bbox 860 634 1034 664; x_wconf 87' lang='lat' dir='ltr'>humiliter</span> <span class='ocrx_word' id='word_1_53' title='bbox 1054 633 1258 672; x_wconf 79' lang='lat' dir='ltr'>supplicavit</span> 
     </span>
     <span class='ocr_line' id='line_1_9' title="bbox 247 687 1256 730; baseline -0.005 -9"><span class='ocrx_word' id='word_1_54' title='bbox 247 693 281 721; x_wconf 88' lang='lat' dir='ltr'>ut</span> <span class='ocrx_word' id='word_1_55' title='bbox 300 691 476 730; x_wconf 89' lang='lat' dir='ltr'>providere</span> <span class='ocrx_word' id='word_1_56' title='bbox 505 698 607 728; x_wconf 89' lang='lat' dir='ltr'>super</span> <span class='ocrx_word' id='word_1_57' title='bbox 630 689 690 719; x_wconf 91' lang='lat' dir='ltr'>hoc</span> <span class='ocrx_word' id='word_1_58' title='bbox 715 691 853 727; x_wconf 87' lang='lat' dir='ltr'>paterna</span> <span class='ocrx_word' id='word_1_59' title='bbox 875 687 1105 718; x_wconf 87' lang='lat' dir='ltr'>sollicitudine</span> <span class='ocrx_word' id='word_1_60' title='bbox 1128 695 1256 717; x_wconf 83' lang='lat' dir='ltr'>curare-</span> 
     </span>
     <span class='ocr_line' id='line_1_10' title="bbox 248 740 1257 781; baseline -0.005 -7"><span class='ocrx_word' id='word_1_61' title='bbox 248 753 335 774; x_wconf 86' lang='lat' dir='ltr'>mus.</span> <span class='ocrx_word' id='word_1_62' title='bbox 362 745 432 774; x_wconf 91' lang='lat' dir='ltr'>Nos</span> <span class='ocrx_word' id='word_1_63' title='bbox 462 743 587 781; x_wconf 72' lang='lat' dir='ltr'>itaque7</span> <span class='ocrx_word' id='word_1_64' title='bbox 614 742 723 781; x_wconf 90' lang='lat' dir='ltr'>ipsius</span> <span class='ocrx_word' id='word_1_65' title='bbox 755 740 1061 780; x_wconf 76' lang='lat' dir='ltr'>supplicationibus</span> <span class='ocrx_word' id='word_1_66' title='bbox 1090 740 1257 774; x_wconf 88' lang='lat' dir='ltr'>inclinati,</span> 
     </span>
     <span class='ocr_line' id='line_1_11' title="bbox 248 793 1258 836; baseline -0.005 -9"><span class='ocrx_word' id='word_1_67' title='bbox 248 797 458 836; x_wconf 81' lang='lat' dir='ltr'>presentium</span> <span class='ocrx_word' id='word_1_68' title='bbox 482 795 543 826; x_wconf 91' lang='lat' dir='ltr'>tibi</span> <span class='ocrx_word' id='word_1_69' title='bbox 572 796 770 825; x_wconf 86' lang='lat' dir='ltr'>auctoritate</span> <span class='ocrx_word' id='word_1_70' title='bbox 795 794 1040 825; x_wconf 76' lang='lat' dir='ltr'>committimus</span> <span class='ocrx_word' id='word_1_71' title='bbox 1060 794 1096 823; x_wconf 89' lang='lat' dir='ltr'>ut</span> <span class='ocrx_word' id='word_1_72' title='bbox 1122 793 1193 823; x_wconf 90' lang='lat' dir='ltr'>illis</span> <span class='ocrx_word' id='word_1_73' title='bbox 1217 801 1258 822; x_wconf 80' lang='lat' dir='ltr'>ex</span> 
     </span>
     <span class='ocr_line' id='line_1_12' title="bbox 247 847 1255 886; baseline -0.005 -6"><span class='ocrx_word' id='word_1_74' title='bbox 247 850 440 885; x_wconf 82' lang='lat' dir='ltr'>baronibus,</span> <span class='ocrx_word' id='word_1_75' title='bbox 457 848 641 885; x_wconf 88' lang='lat' dir='ltr'>nobilibus,</span> <span class='ocrx_word' id='word_1_76' title='bbox 658 847 826 878; x_wconf 86' lang='lat' dir='ltr'>militibus</span> <span class='ocrx_word' id='word_1_77' title='bbox 844 849 875 878; x_wconf 90' lang='lat' dir='ltr'>et</span> <span class='ocrx_word' id='word_1_78' title='bbox 894 847 990 877; x_wconf 87' lang='lat' dir='ltr'>laicis</span> <span class='ocrx_word' id='word_1_79' title='bbox 1009 847 1170 886; x_wconf 82' lang='lat' dir='ltr'>predictis</span> <span class='ocrx_word' id='word_1_80' title='bbox 1187 847 1255 885; x_wconf 82' lang='lat' dir='ltr'>qui,</span> 
     </span>
     <span class='ocr_line' id='line_1_13' title="bbox 249 900 1258 943; baseline -0.004 -10"><span class='ocrx_word' id='word_1_81' title='bbox 249 904 345 943; x_wconf 86' lang='lat' dir='ltr'>signo</span> <span class='ocrx_word' id='word_1_82' title='bbox 364 903 495 933; x_wconf 85' lang='lat' dir='ltr'>vivilice</span> <span class='ocrx_word' id='word_1_83' title='bbox 518 902 636 933; x_wconf 82' lang='lat' dir='ltr'>Crucis</span> <span class='ocrx_word' id='word_1_84' title='bbox 659 903 846 940; x_wconf 87' lang='lat' dir='ltr'>assumpto,</span> <span class='ocrx_word' id='word_1_85' title='bbox 870 910 945 931; x_wconf 87' lang='lat' dir='ltr'>cum</span> <span class='ocrx_word' id='word_1_86' title='bbox 964 901 1081 931; x_wconf 89' lang='lat' dir='ltr'>eodem</span> <span class='ocrx_word' id='word_1_87' title='bbox 1100 900 1258 938; x_wconf 89' lang='lat' dir='ltr'>episcopo</span> 
     </span>
     <span class='ocr_line' id='line_1_14' title="bbox 248 953 1259 991; baseline -0.005 -4"><span class='ocrx_word' id='word_1_88' title='bbox 248 957 469 988; x_wconf 79' lang='lat' dir='ltr'>transiverint</span> <span class='ocrx_word' id='word_1_89' title='bbox 486 956 520 985; x_wconf 92' lang='lat' dir='ltr'>in</span> <span class='ocrx_word' id='word_1_90' title='bbox 539 954 732 985; x_wconf 84' lang='lat' dir='ltr'>subsidium</span> <span class='ocrx_word' id='word_1_91' title='bbox 749 955 851 985; x_wconf 85' lang='lat' dir='ltr'>Terre</span> <span class='ocrx_word' id='word_1_92' title='bbox 865 955 997 990; x_wconf 79' lang='lat' dir='ltr'>Sancte,</span> <span class='ocrx_word' id='word_1_93' title='bbox 1016 954 1056 983; x_wconf 88' lang='lat' dir='ltr'>ad</span> <span class='ocrx_word' id='word_1_94' title='bbox 1073 953 1169 991; x_wconf 88' lang='lat' dir='ltr'>cujus</span> <span class='ocrx_word' id='word_1_95' title='bbox 1187 961 1259 982; x_wconf 91' lang='lat' dir='ltr'>suc-</span> 
     </span>
     <span class='ocr_line' id='line_1_15' title="bbox 250 1007 1259 1048; baseline -0.006 -8"><span class='ocrx_word' id='word_1_96' title='bbox 250 1019 385 1040; x_wconf 84' lang='lat' dir='ltr'>cursum</span> <span class='ocrx_word' id='word_1_97' title='bbox 413 1009 501 1039; x_wconf 89' lang='lat' dir='ltr'>idem</span> <span class='ocrx_word' id='word_1_98' title='bbox 520 1009 699 1048; x_wconf 87' lang='lat' dir='ltr'>episcopus</span> <span class='ocrx_word' id='word_1_99' title='bbox 716 1007 871 1043; x_wconf 78' lang='lat' dir='ltr'>intendit,</span> <span class='ocrx_word' id='word_1_100' title='bbox 889 1008 988 1046; x_wconf 86' lang='lat' dir='ltr'>prout</span> <span class='ocrx_word' id='word_1_101' title='bbox 1009 1007 1142 1042; x_wconf 87' lang='lat' dir='ltr'>asserit,</span> <span class='ocrx_word' id='word_1_102' title='bbox 1165 1007 1259 1045; x_wconf 88' lang='lat' dir='ltr'>profi-</span> 
     </span>
     <span class='ocr_line' id='line_1_16' title="bbox 249 1060 1258 1099; baseline -0.006 -5"><span class='ocrx_word' id='word_1_103' title='bbox 249 1064 342 1097; x_wconf 80' lang='lat' dir='ltr'>cisci,</span> <span class='ocrx_word' id='word_1_104' title='bbox 369 1063 568 1093; x_wconf 84' lang='lat' dir='ltr'>auctoritate</span> <span class='ocrx_word' id='word_1_105' title='bbox 596 1063 712 1092; x_wconf 89' lang='lat' dir='ltr'>nostra</span> <span class='ocrx_word' id='word_1_106' title='bbox 735 1061 899 1091; x_wconf 79' lang='lat' dir='ltr'>concedas</span> <span class='ocrx_word' id='word_1_107' title='bbox 931 1062 966 1090; x_wconf 90' lang='lat' dir='ltr'>ut</span> <span class='ocrx_word' id='word_1_108' title='bbox 984 1060 1178 1099; x_wconf 87' lang='lat' dir='ltr'>hujusmodi</span> <span class='ocrx_word' id='word_1_109' title='bbox 1207 1068 1258 1089; x_wconf 93' lang='lat' dir='ltr'>ac-</span> 
     </span>
     <span class='ocr_line' id='line_1_17' title="bbox 250 1113 1258 1156; baseline -0.005 -9"><span class='ocrx_word' id='word_1_110' title='bbox 250 1117 376 1156; x_wconf 83' lang='lat' dir='ltr'>quisita</span> <span class='ocrx_word' id='word_1_111' title='bbox 386 1118 417 1147; x_wconf 90' lang='lat' dir='ltr'>et</span> <span class='ocrx_word' id='word_1_112' title='bbox 426 1116 552 1152; x_wconf 87' lang='lat' dir='ltr'>habita,</span> <span class='ocrx_word' id='word_1_113' title='bbox 566 1115 748 1145; x_wconf 90' lang='lat' dir='ltr'>dummodo</span> <span class='ocrx_word' id='word_1_114' title='bbox 762 1114 808 1144; x_wconf 90' lang='grc'><strong>1111</strong></span> <span class='ocrx_word' id='word_1_115' title='bbox 820 1114 943 1153; x_wconf 89' lang='lat' dir='ltr'>quibus</span> <span class='ocrx_word' id='word_1_116' title='bbox 958 1122 1075 1143; x_wconf 90' lang='lat' dir='ltr'>eorum</span> <span class='ocrx_word' id='word_1_117' title='bbox 1088 1113 1258 1143; x_wconf 85' lang='lat' dir='ltr'>restitutio</span> 
     </span>
     <span class='ocr_line' id='line_1_18' title="bbox 250 1166 1257 1205; baseline -0.005 -5"><span class='ocrx_word' id='word_1_118' title='bbox 250 1170 321 1200; x_wconf 83' lang='lat' dir='ltr'>tieri</span> <span class='ocrx_word' id='word_1_119' title='bbox 339 1169 468 1205; x_wconf 86' lang='lat' dir='ltr'>debeat,</span> <span class='ocrx_word' id='word_1_120' title='bbox 495 1169 547 1199; x_wconf 90' lang='lat' dir='ltr'>vel</span> <span class='ocrx_word' id='word_1_121' title='bbox 571 1168 711 1199; x_wconf 89' lang='lat' dir='ltr'>heredes</span> <span class='ocrx_word' id='word_1_122' title='bbox 728 1176 843 1198; x_wconf 88' lang='lat' dir='ltr'>eorum</span> <span class='ocrx_word' id='word_1_123' title='bbox 869 1167 1005 1197; x_wconf 89' lang='lat' dir='ltr'>omnino</span> <span class='ocrx_word' id='word_1_124' title='bbox 1026 1166 1106 1196; x_wconf 90' lang='lat' dir='ltr'>sciri</span> <span class='ocrx_word' id='word_1_125' title='bbox 1134 1166 1187 1196; x_wconf 90' lang='lat' dir='ltr'>vel</span> <span class='ocrx_word' id='word_1_126' title='bbox 1211 1166 1257 1196; x_wconf 91' lang='lat' dir='ltr'>in-</span> 
     </span>
     <span class='ocr_line' id='line_1_19' title="bbox 249 1219 1257 1261; baseline -0.005 -8"><span class='ocrx_word' id='word_1_127' title='bbox 249 1223 356 1253; x_wconf 86' lang='lat' dir='ltr'>veniri</span> <span class='ocrx_word' id='word_1_128' title='bbox 375 1232 440 1252; x_wconf 91' lang='lat' dir='ltr'>non</span> <span class='ocrx_word' id='word_1_129' title='bbox 453 1222 596 1261; x_wconf 83' lang='lat' dir='ltr'>possint,</span> <span class='ocrx_word' id='word_1_130' title='bbox 612 1221 841 1260; x_wconf 80' lang='lat' dir='ltr'>publicatione</span> <span class='ocrx_word' id='word_1_131' title='bbox 862 1220 948 1250; x_wconf 84' lang='lat' dir='ltr'>facta</span> <span class='ocrx_word' id='word_1_132' title='bbox 962 1228 1063 1258; x_wconf 90' lang='lat' dir='ltr'>super</span> <span class='ocrx_word' id='word_1_133' title='bbox 1081 1219 1142 1249; x_wconf 91' lang='lat' dir='ltr'>hoc</span> <span class='ocrx_word' id='word_1_134' title='bbox 1156 1221 1187 1249; x_wconf 90' lang='lat' dir='ltr'>et</span> <span class='ocrx_word' id='word_1_135' title='bbox 1204 1228 1257 1249; x_wconf 90' lang='lat' dir='ltr'>su-</span> 
     </span>
     <span class='ocr_line' id='line_1_20' title="bbox 250 1272 1259 1315; baseline -0.005 -9"><span class='ocrx_word' id='word_1_136' title='bbox 250 1285 308 1315; x_wconf 88' lang='lat' dir='ltr'>per</span> <span class='ocrx_word' id='word_1_137' title='bbox 337 1285 453 1306; x_wconf 88' lang='lat' dir='ltr'>eornm</span> <span class='ocrx_word' id='word_1_138' title='bbox 486 1275 691 1310; x_wconf 83' lang='lat' dir='ltr'>inventione,</span> <span class='ocrx_word' id='word_1_139' title='bbox 724 1283 803 1304; x_wconf 87' lang='lat' dir='ltr'>cura</span> <span class='ocrx_word' id='word_1_140' title='bbox 840 1275 871 1303; x_wconf 90' lang='lat' dir='ltr'>et</span> <span class='ocrx_word' id='word_1_141' title='bbox 899 1273 1127 1303; x_wconf 86' lang='lat' dir='ltr'>sollicitudine</span> <span class='ocrx_word' id='word_1_142' title='bbox 1145 1272 1259 1302; x_wconf 88' lang='lat' dir='ltr'>habita</span> 
     </span>
     <span class='ocr_line' id='line_1_21' title="bbox 251 1325 1260 1372; baseline -0.004 -13"><span class='ocrx_word' id='word_1_143' title='bbox 251 1329 405 1369; x_wconf 84' lang='lat' dir='ltr'>diligenti</span> <span class='ocrx_word' id='word_1_144' title='bbox 424 1330 457 1359; x_wconf 91' lang='grc'>10</span> <span class='ocrx_word' id='word_1_145' title='bbox 485 1329 555 1372; x_wconf 85' lang='lat' dir='ltr'>illis</span> <span class='ocrx_word' id='word_1_146' title='bbox 572 1327 726 1367; x_wconf 87' lang='lat' dir='ltr'>partibus</span> <span class='ocrx_word' id='word_1_147' title='bbox 750 1327 781 1357; x_wconf 92' lang='lat' dir='ltr'>in</span> <span class='ocrx_word' id='word_1_148' title='bbox 799 1326 922 1366; x_wconf 85' lang='lat' dir='ltr'>quibus</span> <span class='ocrx_word' id='word_1_149' title='bbox 939 1326 1020 1356; x_wconf 88' lang='lat' dir='ltr'>dicti</span> <span class='ocrx_word' id='word_1_150' title='bbox 1036 1325 1169 1356; x_wconf 89' lang='lat' dir='ltr'>nobiles</span> <span class='ocrx_word' id='word_1_151' title='bbox 1185 1334 1260 1355; x_wconf 89' lang='lat' dir='ltr'>con-</span> 
     </span>
     <span class='ocr_line' id='line_1_22' title="bbox 252 1379 1257 1418; baseline -0.005 -5"><span class='ocrx_word' id='word_1_152' title='bbox 252 1384 434 1413; x_wconf 89' lang='lat' dir='ltr'>sueverunt</span> <span class='ocrx_word' id='word_1_153' title='bbox 448 1381 654 1416; x_wconf 87' lang='lat' dir='ltr'>conversari,</span> <span class='ocrx_word' id='word_1_154' title='bbox 669 1382 701 1411; x_wconf 91' lang='lat' dir='ltr'>et</span> <span class='ocrx_word' id='word_1_155' title='bbox 716 1380 805 1414; x_wconf 84' lang='lat' dir='ltr'>aliis,</span> <span class='ocrx_word' id='word_1_156' title='bbox 823 1381 922 1418; x_wconf 89' lang='lat' dir='ltr'>prout</span> <span class='ocrx_word' id='word_1_157' title='bbox 942 1379 1070 1409; x_wconf 91' lang='lat' dir='ltr'>videris</span> <span class='ocrx_word' id='word_1_158' title='bbox 1087 1379 1257 1417; x_wconf 80' lang='lat' dir='ltr'>expedire,</span> 
     </span>
     <span class='ocr_line' id='line_1_23' title="bbox 249 1432 1259 1474; baseline -0.005 -8"><span class='ocrx_word' id='word_1_159' title='bbox 249 1436 438 1474; x_wconf 87' lang='lat' dir='ltr'>expendere</span> <span class='ocrx_word' id='word_1_160' title='bbox 448 1435 582 1464; x_wconf 82' lang='lat' dir='ltr'>valeant</span> <span class='ocrx_word' id='word_1_161' title='bbox 591 1434 625 1464; x_wconf 93' lang='lat' dir='ltr'>in</span> <span class='ocrx_word' id='word_1_162' title='bbox 636 1433 828 1463; x_wconf 85' lang='lat' dir='ltr'>subsidium</span> <span class='ocrx_word' id='word_1_163' title='bbox 843 1433 930 1463; x_wconf 87' lang='lat' dir='ltr'>dicte</span> <span class='ocrx_word' id='word_1_164' title='bbox 945 1433 1046 1462; x_wconf 81' lang='lat' dir='ltr'>Terre</span> <span class='ocrx_word' id='word_1_165' title='bbox 1058 1433 1090 1462; x_wconf 90' lang='lat' dir='ltr'>et</span> <span class='ocrx_word' id='word_1_166' title='bbox 1102 1432 1143 1461; x_wconf 87' lang='lat' dir='ltr'>ad</span> <span class='ocrx_word' id='word_1_167' title='bbox 1157 1432 1259 1462; x_wconf 89' lang='lat' dir='ltr'>aliam</span> 
     </span>
     <span class='ocr_line' id='line_1_24' title="bbox 250 1486 1257 1519; baseline -0.003 0"><span class='ocrx_word' id='word_1_168' title='bbox 250 1489 499 1519; x_wconf 85' lang='lat' dir='ltr'>restitutionem</span> <span class='ocrx_word' id='word_1_169' title='bbox 524 1487 712 1517; x_wconf 83' lang='lat' dir='ltr'>faciendam</span> <span class='ocrx_word' id='word_1_170' title='bbox 741 1487 878 1517; x_wconf 90' lang='lat' dir='ltr'>illorum</span> <span class='ocrx_word' id='word_1_171' title='bbox 904 1486 1043 1516; x_wconf 92' lang='lat' dir='ltr'>minime</span> <span class='ocrx_word' id='word_1_172' title='bbox 1068 1486 1257 1516; x_wconf 88' lang='lat' dir='ltr'>teneantur.</span> 
     </span>
     <span class='ocr_line' id='line_1_25' title="bbox 250 1539 1259 1580; baseline -0.004 -8"><span class='ocrx_word' id='word_1_173' title='bbox 250 1543 374 1572; x_wconf 85' lang='lat' dir='ltr'>Datum</span> <span class='ocrx_word' id='word_1_174' title='bbox 393 1542 481 1580; x_wconf 89' lang='lat' dir='ltr'>apud</span> <span class='ocrx_word' id='word_1_175' title='bbox 509 1540 799 1576; x_wconf 79' lang='lat' dir='ltr'>Urbemveterem,</span> <span class='ocrx_word' id='word_1_176' title='bbox 818 1550 837 1569; x_wconf 90' lang='grc' dir='ltr'>ιι</span> <span class='ocrx_word' id='word_1_177' title='bbox 858 1548 962 1570; x_wconf 87' lang='lat' dir='ltr'>nonas</span> <span class='ocrx_word' id='word_1_178' title='bbox 983 1539 1074 1578; x_wconf 77' lang='lat' dir='ltr'>julii,</span> <span class='ocrx_word' id='word_1_179' title='bbox 1090 1547 1177 1569; x_wconf 90' lang='lat' dir='ltr'>anno</span> <span class='ocrx_word' id='word_1_180' title='bbox 1198 1540 1259 1569; x_wconf 89' lang='lat' dir='ltr'>ter-</span> 
     </span>
     <span class='ocr_line' id='line_1_26' title="bbox 249 1595 351 1625; baseline -0.02 0"><span class='ocrx_word' id='word_1_181' title='bbox 249 1595 308 1625; x_wconf 76' lang='lat' dir='ltr'>tio.</span> <span class='ocrx_word' id='word_1_182' title='bbox 337 1606 351 1623; x_wconf 76' lang='lat' dir='ltr'>n</span> 
     </span>
    </p>
   </div>
   <div class='ocr_carea' id='block_1_3' title="bbox 833 1737 1186 1770">
    <p class='ocr_par' dir='ltr' id='par_1_3' title="bbox 833 1737 1186 1770">
     <span class='ocr_line' id='line_1_27' title="bbox 833 1737 1186 1770; baseline -0.006 -5"><span class='ocrx_word' id='word_1_183' title='bbox 833 1738 956 1770; x_wconf 85' lang='lat' dir='ltr'>Orvieto,</span> <span class='ocrx_word' id='word_1_184' title='bbox 979 1739 1010 1765; x_wconf 78' lang='lat'>15</span> <span class='ocrx_word' id='word_1_185' title='bbox 1025 1739 1091 1764; x_wconf 74' lang='lat' dir='ltr'>aont</span> <span class='ocrx_word' id='word_1_186' title='bbox 1110 1737 1186 1764; x_wconf 70' lang='lat'>1204.</span> 
     </span>
    </p>
   </div>
   <div class='ocr_carea' id='block_1_4' title="bbox 338 1742 435 1773">
    <p class='ocr_par' dir='ltr' id='par_1_4' title="bbox 338 1742 435 1773">
     <span class='ocr_line' id='line_1_28' title="bbox 338 1742 435 1773; baseline -0.021 0"><span class='ocrx_word' id='word_1_187' title='bbox 338 1742 435 1773; x_wconf 80' lang='lat'><strong>2088</strong></span> 
     </span>
    </p>
   </div>
   <div class='ocr_carea' id='block_1_5' title="bbox 248 1816 1258 1952">
    <p class='ocr_par' dir='ltr' id='par_1_5' title="bbox 248 1816 1258 1952">
     <span class='ocr_line' id='line_1_29' title="bbox 284 1816 1257 1855; baseline -0.005 -8"><span class='ocrx_word' id='word_1_188' title='bbox 284 1820 411 1855; x_wconf 73' lang='lat' dir='ltr'>Sigaloni</span> <span class='ocrx_word' id='word_1_189' title='bbox 437 1820 613 1854; x_wconf 81' lang='lat' dir='ltr'>presbytero,</span> <span class='ocrx_word' id='word_1_190' title='bbox 634 1818 736 1845; x_wconf 83' lang='lat' dir='ltr'>rectori</span> <span class='ocrx_word' id='word_1_191' title='bbox 753 1818 890 1845; x_wconf 74' lang='lat' dir='ltr'>ecclesiae</span> <span class='ocrx_word' id='word_1_192' title='bbox 914 1818 947 1844; x_wconf 89' lang='lat' dir='ltr'>de</span> <span class='ocrx_word' id='word_1_193' title='bbox 963 1817 1041 1848; x_wconf 85' lang='lat' dir='ltr'>Tois,</span> <span class='ocrx_word' id='word_1_194' title='bbox 1056 1816 1257 1843; x_wconf 68' lang='lat' dir='ltr'>Ambianensis</span> 
     </span>
     <span class='ocr_line' id='line_1_30' title="bbox 248 1866 1258 1901; baseline -0.003 -7"><span class='ocrx_word' id='word_1_195' title='bbox 248 1869 381 1901; x_wconf 80' lang='lat' dir='ltr'>diocesis,</span> <span class='ocrx_word' id='word_1_196' title='bbox 410 1868 612 1895; x_wconf 80' lang='lat' dir='ltr'>canonicatum</span> <span class='ocrx_word' id='word_1_197' title='bbox 632 1870 659 1894; x_wconf 82' lang='lat' dir='ltr'>ct</span> <span class='ocrx_word' id='word_1_198' title='bbox 680 1867 871 1901; x_wconf 80' lang='lat' dir='ltr'>praebendam</span> <span class='ocrx_word' id='word_1_199' title='bbox 895 1867 1034 1893; x_wconf 67' lang='lat' dir='ltr'>ecclesiae</span> <span class='ocrx_word' id='word_1_200' title='bbox 1055 1866 1258 1892; x_wconf 68' lang='lat' dir='ltr'>Ainbianensis</span> 
     </span>
     <span class='ocr_line' id='line_1_31' title="bbox 249 1916 832 1952; baseline -0.007 -8"><span class='ocrx_word' id='word_1_201' title='bbox 249 1918 370 1945; x_wconf 77' lang='lat' dir='ltr'>confert.</span> <span class='ocrx_word' id='word_1_202' title='bbox 388 1919 466 1952; x_wconf 70' lang='grc'><strong>(1100.</strong></span> <span class='ocrx_word' id='word_1_203' title='bbox 486 1918 529 1948; x_wconf 72' lang='grc'>29,</span> <span class='ocrx_word' id='word_1_204' title='bbox 554 1916 676 1947; x_wconf 58' lang='lat' dir='ltr'>fomis,</span> <span class='ocrx_word' id='word_1_205' title='bbox 696 1922 725 1942; x_wconf 68' lang='grc' dir='ltr'>11ο</span> <span class='ocrx_word' id='word_1_206' title='bbox 742 1916 832 1947; x_wconf 84' lang='grc'><strong>1138.)</strong></span> 
     </span>
    </p>
   </div>
   <div class='ocr_carea' id='block_1_6' title="bbox 248 2016 1260 2963">
    <p class='ocr_par' dir='ltr' id='par_1_6' title="bbox 248 2016 1260 2963">
     <span class='ocr_line' id='line_1_32' title="bbox 289 2016 1260 2058; baseline -0.005 -9"><span class='ocrx_word' id='word_1_207' title='bbox 289 2030 303 2049; x_wconf 72' lang='grc' dir='ltr'>(ι</span> <span class='ocrx_word' id='word_1_208' title='bbox 318 2018 652 2058; x_wconf 69' lang='lat' dir='ltr'>Siqnlonipresbitero,</span> <span class='ocrx_word' id='word_1_209' title='bbox 670 2018 780 2047; x_wconf 68' lang='lat' dir='ltr'>rectori</span> <span class='ocrx_word' id='word_1_210' title='bbox 794 2017 913 2046; x_wconf 71' lang='lat' dir='ltr'>ecclesie</span> <span class='ocrx_word' id='word_1_211' title='bbox 929 2016 964 2046; x_wconf 77' lang='lat' dir='ltr'>de</span> <span class='ocrx_word' id='word_1_212' title='bbox 978 2017 1057 2052; x_wconf 83' lang='lat' dir='ltr'>Tois,</span> <span class='ocrx_word' id='word_1_213' title='bbox 1074 2016 1260 2045; x_wconf 58' lang='lat' dir='ltr'>rlnzbianen-</span> 
     </span>
     <span class='ocr_line' id='line_1_33' title="bbox 248 2068 1259 2103; baseline -0.005 -1"><span class='ocrx_word' id='word_1_214' title='bbox 248 2074 288 2103; x_wconf 79' lang='lat' dir='ltr'>sis</span> <span class='ocrx_word' id='word_1_215' title='bbox 305 2073 442 2102; x_wconf 71' lang='lat' dir='ltr'>diocesis.</span> <span class='ocrx_word' id='word_1_216' title='bbox 461 2072 592 2102; x_wconf 86' lang='lat' dir='ltr'>Meritis</span> <span class='ocrx_word' id='word_1_217' title='bbox 612 2070 794 2101; x_wconf 89' lang='lat' dir='ltr'>laudabilis</span> <span class='ocrx_word' id='word_1_218' title='bbox 814 2069 1084 2100; x_wconf 87' lang='lat' dir='ltr'>conversationis</span> <span class='ocrx_word' id='word_1_219' title='bbox 1101 2068 1259 2098; x_wconf 82' lang='lat' dir='ltr'>—.Exhi-</span> 
     </span>
     <span class='ocr_line' id='line_1_34' title="bbox 249 2121 1259 2164; baseline -0.006 -8"><span class='ocrx_word' id='word_1_220' title='bbox 249 2127 318 2156; x_wconf 84' lang='lat' dir='ltr'>bita</span> <span class='ocrx_word' id='word_1_221' title='bbox 345 2126 514 2164; x_wconf 84' lang='lat' dir='ltr'>siquidem</span> <span class='ocrx_word' id='word_1_222' title='bbox 544 2124 642 2154; x_wconf 91' lang='lat' dir='ltr'>nobis</span> <span class='ocrx_word' id='word_1_223' title='bbox 666 2127 724 2154; x_wconf 86' lang='lat' dir='ltr'>tua</span> <span class='ocrx_word' id='word_1_224' title='bbox 752 2123 871 2162; x_wconf 86' lang='lat' dir='ltr'>petitio</span> <span class='ocrx_word' id='word_1_225' title='bbox 900 2121 1091 2153; x_wconf 88' lang='lat' dir='ltr'>continebat</span> <span class='ocrx_word' id='word_1_226' title='bbox 1110 2121 1199 2160; x_wconf 82' lang='lat' dir='ltr'>quod</span> <span class='ocrx_word' id='word_1_227' title='bbox 1226 2121 1259 2150; x_wconf 93' lang='lat' dir='ltr'>in</span> 
     </span>
     <span class='ocr_line' id='line_1_35' title="bbox 248 2174 1258 2215; baseline -0.007 -5"><span class='ocrx_word' id='word_1_228' title='bbox 248 2179 469 2210; x_wconf 81' lang='lat' dir='ltr'>Ambianensi</span> <span class='ocrx_word' id='word_1_229' title='bbox 495 2177 637 2207; x_wconf 86' lang='lat' dir='ltr'>ecclesia</span> <span class='ocrx_word' id='word_1_230' title='bbox 665 2186 723 2215; x_wconf 93' lang='lat' dir='ltr'>per</span> <span class='ocrx_word' id='word_1_231' title='bbox 739 2178 882 2206; x_wconf 86' lang='lat' dir='ltr'>mortem</span> <span class='ocrx_word' id='word_1_232' title='bbox 898 2175 1051 2214; x_wconf 79' lang='lat' dir='ltr'>magistri</span> <span class='ocrx_word' id='word_1_233' title='bbox 1074 2175 1202 2205; x_wconf 87' lang='lat' dir='ltr'>Odonis</span> <span class='ocrx_word' id='word_1_234' title='bbox 1219 2174 1258 2203; x_wconf 91' lang='lat' dir='ltr'>de</span> 
     </span>
     <span class='ocr_line' id='line_1_36' title="bbox 251 2228 1259 2271; baseline -0.007 -8"><span class='ocrx_word' id='word_1_235' title='bbox 251 2232 494 2271; x_wconf 70' lang='lat' dir='ltr'>Boiigaiiivilla,</span> <span class='ocrx_word' id='word_1_236' title='bbox 509 2231 661 2261; x_wconf 84' lang='lat' dir='ltr'>canonici</span> <span class='ocrx_word' id='word_1_237' title='bbox 680 2230 831 2268; x_wconf 86' lang='lat' dir='ltr'>ejusdem</span> <span class='ocrx_word' id='word_1_238' title='bbox 846 2229 997 2265; x_wconf 86' lang='lat' dir='ltr'>ecclesie,</span> <span class='ocrx_word' id='word_1_239' title='bbox 1014 2228 1095 2259; x_wconf 89' lang='lat' dir='ltr'>olim</span> <span class='ocrx_word' id='word_1_240' title='bbox 1112 2228 1259 2266; x_wconf 83' lang='lat' dir='ltr'>quadani</span> 
     </span>
     <span class='ocr_line' id='line_1_37' title="bbox 248 2281 1258 2323; baseline -0.006 -7"><span class='ocrx_word' id='word_1_241' title='bbox 248 2285 449 2316; x_wconf 84' lang='lat' dir='ltr'>sacerdotali</span> <span class='ocrx_word' id='word_1_242' title='bbox 477 2284 647 2323; x_wconf 85' lang='lat' dir='ltr'>prebenda</span> <span class='ocrx_word' id='word_1_243' title='bbox 669 2285 820 2318; x_wconf 84' lang='lat' dir='ltr'>vacante,</span> <span class='ocrx_word' id='word_1_244' title='bbox 841 2281 1045 2313; x_wconf 87' lang='lat' dir='ltr'>venerabilis</span> <span class='ocrx_word' id='word_1_245' title='bbox 1064 2281 1166 2311; x_wconf 85' lang='lat' dir='ltr'>frater</span> <span class='ocrx_word' id='word_1_246' title='bbox 1184 2289 1258 2311; x_wconf 90' lang='lat' dir='ltr'>nos-</span> 
     </span>
     <span class='ocr_line' id='line_1_38' title="bbox 248 2334 1257 2376; baseline -0.007 -7"><span class='ocrx_word' id='word_1_247' title='bbox 248 2342 298 2370; x_wconf 89' lang='lat' dir='ltr'>ter</span> <span class='ocrx_word' id='word_1_248' title='bbox 327 2338 567 2369; x_wconf 80' lang='lat' dir='ltr'>Ambianensis</span> <span class='ocrx_word' id='word_1_249' title='bbox 594 2338 785 2376; x_wconf 81' lang='lat' dir='ltr'>episcopus,</span> <span class='ocrx_word' id='word_1_250' title='bbox 819 2336 860 2366; x_wconf 86' lang='lat' dir='ltr'>ad</span> <span class='ocrx_word' id='word_1_251' title='bbox 890 2344 988 2375; x_wconf 91' lang='lat' dir='ltr'>quem</span> <span class='ocrx_word' id='word_1_252' title='bbox 1013 2334 1257 2374; x_wconf 79' lang='lat' dir='ltr'>prebendarum</span> 
     </span>
     <span class='ocr_line' id='line_1_39' title="bbox 249 2387 1256 2429; baseline -0.006 -7"><span class='ocrx_word' id='word_1_253' title='bbox 249 2392 384 2423; x_wconf 88' lang='lat' dir='ltr'>collatio</span> <span class='ocrx_word' id='word_1_254' title='bbox 400 2392 432 2422; x_wconf 89' lang='lat' dir='ltr'>in</span> <span class='ocrx_word' id='word_1_255' title='bbox 459 2391 603 2422; x_wconf 83' lang='lat' dir='ltr'>ecclesia</span> <span class='ocrx_word' id='word_1_256' title='bbox 621 2391 695 2429; x_wconf 91' lang='lat' dir='ltr'>ipsa</span> <span class='ocrx_word' id='word_1_257' title='bbox 716 2390 873 2428; x_wconf 80' lang='lat' dir='ltr'>pertinet,</span> <span class='ocrx_word' id='word_1_258' title='bbox 895 2388 1100 2428; x_wconf 83' lang='lat' dir='ltr'>prebendam</span> <span class='ocrx_word' id='word_1_259' title='bbox 1117 2387 1256 2417; x_wconf 86' lang='lat' dir='ltr'>eandem</span> 
     </span>
     <span class='ocr_line' id='line_1_40' title="bbox 249 2440 1257 2484; baseline -0.006 -8"><span class='ocrx_word' id='word_1_260' title='bbox 249 2446 411 2484; x_wconf 74' lang='lat' dir='ltr'>magistro</span> <span class='ocrx_word' id='word_1_261' title='bbox 447 2444 637 2479; x_wconf 90' lang='lat' dir='ltr'>Willelmo,</span> <span class='ocrx_word' id='word_1_262' title='bbox 664 2443 823 2474; x_wconf 92' lang='lat' dir='ltr'>canonico</span> <span class='ocrx_word' id='word_1_263' title='bbox 857 2442 998 2473; x_wconf 86' lang='lat' dir='ltr'>ecclesie</span> <span class='ocrx_word' id='word_1_264' title='bbox 1035 2442 1074 2471; x_wconf 88' lang='lat' dir='ltr'>de</span> <span class='ocrx_word' id='word_1_265' title='bbox 1109 2440 1257 2475; x_wconf 87' lang='lat' dir='ltr'>Melloto,</span> 
     </span>
     <span class='ocr_line' id='line_1_41' title="bbox 250 2494 1256 2537; baseline -0.007 -8"><span class='ocrx_word' id='word_1_266' title='bbox 250 2499 448 2530; x_wconf 82' lang='lat' dir='ltr'>anctoritate</span> <span class='ocrx_word' id='word_1_267' title='bbox 477 2498 614 2537; x_wconf 83' lang='lat' dir='ltr'>propria</span> <span class='ocrx_word' id='word_1_268' title='bbox 636 2497 791 2531; x_wconf 84' lang='lat' dir='ltr'>contulit,</span> <span class='ocrx_word' id='word_1_269' title='bbox 816 2504 961 2535; x_wconf 85' lang='lat' dir='ltr'>eumque</span> <span class='ocrx_word' id='word_1_270' title='bbox 981 2495 1114 2525; x_wconf 86' lang='lat' dir='ltr'>dilectis</span> <span class='ocrx_word' id='word_1_271' title='bbox 1131 2494 1212 2523; x_wconf 87' lang='lat' dir='ltr'>liliis</span> <span class='ocrx_word' id='word_1_272' title='bbox 1228 2516 1256 2523; x_wconf 85' lang='lat'>..</span> 
     </span>
     <span class='ocr_line' id='line_1_42' title="bbox 249 2548 1259 2591; baseline -0.007 -8"><span class='ocrx_word' id='word_1_273' title='bbox 249 2553 386 2587; x_wconf 83' lang='lat' dir='ltr'>decano,</span> <span class='ocrx_word' id='word_1_274' title='bbox 405 2554 436 2582; x_wconf 90' lang='lat' dir='ltr'>et</span> <span class='ocrx_word' id='word_1_275' title='bbox 453 2551 719 2591; x_wconf 88' lang='lat' dir='ltr'>capituloipsius</span> <span class='ocrx_word' id='word_1_276' title='bbox 737 2550 877 2581; x_wconf 85' lang='lat' dir='ltr'>ecclesie</span> <span class='ocrx_word' id='word_1_277' title='bbox 890 2548 1144 2583; x_wconf 84' lang='lat' dir='ltr'>Ambianensis,</span> <span class='ocrx_word' id='word_1_278' title='bbox 1160 2549 1259 2586; x_wconf 85' lang='lat' dir='ltr'>prout</span> 
     </span>
     <span class='ocr_line' id='line_1_43' title="bbox 250 2601 1260 2643; baseline -0.007 -7"><span class='ocrx_word' id='word_1_279' title='bbox 250 2606 354 2636; x_wconf 87' lang='lat' dir='ltr'>moris</span> <span class='ocrx_word' id='word_1_280' title='bbox 373 2606 434 2641; x_wconf 85' lang='lat' dir='ltr'>est,</span> <span class='ocrx_word' id='word_1_281' title='bbox 462 2604 680 2643; x_wconf 82' lang='lat' dir='ltr'>presentavit.</span> <span class='ocrx_word' id='word_1_282' title='bbox 715 2604 842 2634; x_wconf 85' lang='lat' dir='ltr'>Verum</span> <span class='ocrx_word' id='word_1_283' title='bbox 867 2602 1020 2642; x_wconf 83' lang='lat' dir='ltr'>jamdicti</span> <span class='ocrx_word' id='word_1_284' title='bbox 1053 2601 1198 2631; x_wconf 86' lang='lat' dir='ltr'>decanus</span> <span class='ocrx_word' id='word_1_285' title='bbox 1228 2602 1260 2630; x_wconf 87' lang='lat' dir='ltr'>et</span> 
     </span>
     <span class='ocr_line' id='line_1_44' title="bbox 251 2654 1260 2697; baseline -0.007 -8"><span class='ocrx_word' id='word_1_286' title='bbox 251 2658 437 2697; x_wconf 85' lang='lat' dir='ltr'>capitulum</span> <span class='ocrx_word' id='word_1_287' title='bbox 456 2666 516 2696; x_wconf 88' lang='lat' dir='ltr'>pro</span> <span class='ocrx_word' id='word_1_288' title='bbox 535 2666 573 2687; x_wconf 93' lang='lat' dir='ltr'>eo</span> <span class='ocrx_word' id='word_1_289' title='bbox 598 2657 687 2695; x_wconf 85' lang='lat' dir='ltr'>quod</span> <span class='ocrx_word' id='word_1_290' title='bbox 704 2658 756 2686; x_wconf 90' lang='lat' dir='ltr'>est</span> <span class='ocrx_word' id='word_1_291' title='bbox 779 2657 813 2686; x_wconf 91' lang='lat' dir='ltr'>in</span> <span class='ocrx_word' id='word_1_292' title='bbox 830 2656 947 2686; x_wconf 89' lang='lat' dir='ltr'>eadem</span> <span class='ocrx_word' id='word_1_293' title='bbox 966 2654 1188 2685; x_wconf 88' lang='lat' dir='ltr'>Ambianensi</span> <span class='ocrx_word' id='word_1_294' title='bbox 1207 2661 1260 2683; x_wconf 90' lang='lat' dir='ltr'>ec-</span> 
     </span>
     <span class='ocr_line' id='line_1_45' title="bbox 251 2705 1259 2748; baseline -0.007 -6"><span class='ocrx_word' id='word_1_295' title='bbox 251 2712 355 2742; x_wconf 80' lang='lat' dir='ltr'>clesia</span> <span class='ocrx_word' id='word_1_296' title='bbox 383 2712 548 2741; x_wconf 87' lang='lat' dir='ltr'>statutum</span> <span class='ocrx_word' id='word_1_297' title='bbox 565 2711 601 2740; x_wconf 89' lang='lat' dir='ltr'>ut</span> <span class='ocrx_word' id='word_1_298' title='bbox 624 2710 740 2739; x_wconf 89' lang='lat' dir='ltr'>nullus</span> <span class='ocrx_word' id='word_1_299' title='bbox 758 2709 799 2740; x_wconf 87' lang='lat' dir='ltr'>ad</span> <span class='ocrx_word' id='word_1_300' title='bbox 823 2707 1018 2748; x_wconf 83' lang='lat' dir='ltr'>hujusmodi</span> <span class='ocrx_word' id='word_1_301' title='bbox 1034 2705 1259 2738; x_wconf 88' lang='lat' dir='ltr'>sacerdotales</span> 
     </span>
     <span class='ocr_line' id='line_1_46' title="bbox 252 2759 1259 2804; baseline -0.005 -10"><span class='ocrx_word' id='word_1_302' title='bbox 252 2764 439 2804; x_wconf 84' lang='lat' dir='ltr'>prebendas</span> <span class='ocrx_word' id='word_1_303' title='bbox 464 2764 646 2802; x_wconf 85' lang='lat' dir='ltr'>recipiatur</span> <span class='ocrx_word' id='word_1_304' title='bbox 672 2764 704 2793; x_wconf 91' lang='lat' dir='ltr'>in</span> <span class='ocrx_word' id='word_1_305' title='bbox 735 2763 945 2798; x_wconf 88' lang='lat' dir='ltr'>canonicum,</span> <span class='ocrx_word' id='word_1_306' title='bbox 976 2761 1176 2791; x_wconf 83' lang='lat' dir='ltr'>instituatur</span> <span class='ocrx_word' id='word_1_307' title='bbox 1205 2759 1259 2790; x_wconf 90' lang='lat' dir='ltr'>vel</span> 
     </span>
     <span class='ocr_line' id='line_1_47' title="bbox 252 2813 1260 2854; baseline -0.005 -6"><span class='ocrx_word' id='word_1_308' title='bbox 252 2818 446 2849; x_wconf 82' lang='lat' dir='ltr'>installetur</span> <span class='ocrx_word' id='word_1_309' title='bbox 463 2817 601 2854; x_wconf 85' lang='lat' dir='ltr'>ibidem,</span> <span class='ocrx_word' id='word_1_310' title='bbox 624 2816 692 2846; x_wconf 85' lang='lat' dir='ltr'>nisi</span> <span class='ocrx_word' id='word_1_311' title='bbox 716 2816 817 2847; x_wconf 86' lang='lat' dir='ltr'>fuerit</span> <span class='ocrx_word' id='word_1_312' title='bbox 840 2816 873 2846; x_wconf 93' lang='lat' dir='ltr'>in</span> <span class='ocrx_word' id='word_1_313' title='bbox 890 2814 1077 2846; x_wconf 88' lang='lat' dir='ltr'>sacerdotio</span> <span class='ocrx_word' id='word_1_314' title='bbox 1095 2813 1260 2844; x_wconf 88' lang='lat' dir='ltr'>constitu-</span> 
     </span>
     <span class='ocr_line' id='line_1_48' title="bbox 252 2867 1260 2909; baseline -0.007 -7"><span class='ocrx_word' id='word_1_315' title='bbox 252 2873 318 2907; x_wconf 86' lang='lat' dir='ltr'>tus,</span> <span class='ocrx_word' id='word_1_316' title='bbox 348 2871 475 2901; x_wconf 88' lang='lat' dir='ltr'>dictum</span> <span class='ocrx_word' id='word_1_317' title='bbox 498 2870 698 2909; x_wconf 87' lang='lat' dir='ltr'>magistrum</span> <span class='ocrx_word' id='word_1_318' title='bbox 719 2869 955 2905; x_wconf 88' lang='lat' dir='ltr'>Guillelmum,</span> <span class='ocrx_word' id='word_1_319' title='bbox 981 2876 1056 2899; x_wconf 90' lang='lat' dir='ltr'>cum</span> <span class='ocrx_word' id='word_1_320' title='bbox 1084 2875 1150 2897; x_wconf 92' lang='lat' dir='ltr'>non</span> <span class='ocrx_word' id='word_1_321' title='bbox 1170 2867 1260 2897; x_wconf 89' lang='lat' dir='ltr'>esset</span> 
     </span>
     <span class='ocr_line' id='line_1_49' title="bbox 253 2920 1256 2963; baseline -0.005 -9"><span class='ocrx_word' id='word_1_322' title='bbox 253 2924 432 2963; x_wconf 86' lang='lat' dir='ltr'>presbiter,</span> <span class='ocrx_word' id='word_1_323' title='bbox 451 2923 491 2953; x_wconf 85' lang='lat' dir='ltr'>ad</span> <span class='ocrx_word' id='word_1_324' title='bbox 514 2923 717 2962; x_wconf 83' lang='lat' dir='ltr'>prebendam</span> <span class='ocrx_word' id='word_1_325' title='bbox 741 2923 849 2962; x_wconf 82' lang='lat' dir='ltr'>ipsam</span> <span class='ocrx_word' id='word_1_326' title='bbox 878 2922 1027 2961; x_wconf 86' lang='lat' dir='ltr'>recipere</span> <span class='ocrx_word' id='word_1_327' title='bbox 1045 2920 1256 2951; x_wconf 85' lang='lat' dir='ltr'>recusarunt.</span> 
     </span>
    </p>
   </div>
   <div class='ocr_carea' id='block_1_7' title="bbox 1283 399 1287 1515">
    <p class='ocr_par' dir='ltr' id='par_1_7' title="bbox 1283 399 1287 1515">
     <span class='ocr_line' id='line_1_50' title="bbox 1283 399 1287 1515; baseline 0 0"><span class='ocrx_word' id='word_1_328' title='bbox 1283 399 1287 1515; x_wconf 95' lang='lat' dir='ltr'> </span> 
     </span>
    </p>
   </div>
   <div class='ocr_carea' id='block_1_8' title="bbox 1284 1670 1288 2408">
    <p class='ocr_par' dir='ltr' id='par_1_8' title="bbox 1284 1670 1288 2408">
     <span class='ocr_line' id='line_1_51' title="bbox 1284 1670 1288 2408; baseline 0 0"><span class='ocrx_word' id='word_1_329' title='bbox 1284 1670 1288 2408; x_wconf 95' lang='lat' dir='ltr'> </span> 
     </span>
    </p>
   </div>
   <div class='ocr_carea' id='block_1_9' title="bbox 1284 1670 1289 2936">
    <p class='ocr_par' dir='ltr' id='par_1_9' title="bbox 1284 1670 1289 2936">
     <span class='ocr_line' id='line_1_52' title="bbox 1284 1670 1289 2936; baseline 0 0"><span class='ocrx_word' id='word_1_330' title='bbox 1284 1670 1289 2936; x_wconf 95' lang='lat' dir='ltr'> </span> 
     </span>
    </p>
   </div>
   <div class='ocr_carea' id='block_1_10' title="bbox 996 225 1566 258">
    <p class='ocr_par' dir='ltr' id='par_1_10' title="bbox 996 225 1566 258">
     <span class='ocr_line' id='line_1_53' title="bbox 996 225 1566 258; baseline -0.007 0"><span class='ocrx_word' id='word_1_331' title='bbox 996 226 1239 258; x_wconf 78' lang='lat' dir='ltr'>REGISTRES</span> <span class='ocrx_word' id='word_1_332' title='bbox 1265 225 1480 256; x_wconf 81' lang='lat' dir='ltr'>D&#39;URBAIN</span> <span class='ocrx_word' id='word_1_333' title='bbox 1509 225 1566 255; x_wconf 78' lang='lat' dir='ltr'>[V.</span> 
     </span>
    </p>
   </div>
   <div class='ocr_carea' id='block_1_11' title="bbox 1313 310 2333 2957">
    <p class='ocr_par' dir='ltr' id='par_1_11' title="bbox 1313 310 2333 2957">
     <span class='ocr_line' id='line_1_54' title="bbox 1315 310 2327 349; baseline 0.002 -9"><span class='ocrx_word' id='word_1_334' title='bbox 1315 310 1535 340; x_wconf 83' lang='lat' dir='ltr'>Postmodum</span> <span class='ocrx_word' id='word_1_335' title='bbox 1565 311 1689 347; x_wconf 89' lang='lat' dir='ltr'>autem,</span> <span class='ocrx_word' id='word_1_336' title='bbox 1719 310 1908 349; x_wconf 83' lang='lat' dir='ltr'>significato</span> <span class='ocrx_word' id='word_1_337' title='bbox 1939 310 2037 340; x_wconf 92' lang='lat' dir='ltr'>nobis</span> <span class='ocrx_word' id='word_1_338' title='bbox 2055 311 2144 349; x_wconf 89' lang='lat' dir='ltr'>quod</span> <span class='ocrx_word' id='word_1_339' title='bbox 2175 311 2327 349; x_wconf 82' lang='lat' dir='ltr'>prefatus</span> 
     </span>
     <span class='ocr_line' id='line_1_55' title="bbox 1314 363 2326 402; baseline 0.001 -8"><span class='ocrx_word' id='word_1_340' title='bbox 1314 364 1505 402; x_wconf 81' lang='lat' dir='ltr'>episcopuS,</span> <span class='ocrx_word' id='word_1_341' title='bbox 1522 365 1671 400; x_wconf 89' lang='lat' dir='ltr'>tempore</span> <span class='ocrx_word' id='word_1_342' title='bbox 1686 363 1878 394; x_wconf 87' lang='lat' dir='ltr'>collationis</span> <span class='ocrx_word' id='word_1_343' title='bbox 1892 363 2096 402; x_wconf 77' lang='lat' dir='ltr'>hujusmodi,</span> <span class='ocrx_word' id='word_1_344' title='bbox 2110 364 2245 395; x_wconf 82' lang='lat' dir='ltr'>vinculo</span> <span class='ocrx_word' id='word_1_345' title='bbox 2255 367 2326 395; x_wconf 90' lang='lat' dir='ltr'>erat</span> 
     </span>
     <span class='ocr_line' id='line_1_56' title="bbox 1315 416 2325 456; baseline 0.002 -10"><span class='ocrx_word' id='word_1_346' title='bbox 1315 416 1678 447; x_wconf 80' lang='lat' dir='ltr'>excommunicationis</span> <span class='ocrx_word' id='word_1_347' title='bbox 1709 417 1882 452; x_wconf 86' lang='lat' dir='ltr'>astrictus,</span> <span class='ocrx_word' id='word_1_348' title='bbox 1916 420 1947 447; x_wconf 84' lang='lat' dir='ltr'>et</span> <span class='ocrx_word' id='word_1_349' title='bbox 1979 417 2069 455; x_wconf 89' lang='lat' dir='ltr'>quod</span> <span class='ocrx_word' id='word_1_350' title='bbox 2094 419 2232 456; x_wconf 89' lang='lat' dir='ltr'>propter</span> <span class='ocrx_word' id='word_1_351' title='bbox 2263 417 2325 449; x_wconf 92' lang='grc' dir='ltr'>11οο</span> 
     </span>
     <span class='ocr_line' id='line_1_57' title="bbox 1314 469 2324 509; baseline 0.001 -9"><span class='ocrx_word' id='word_1_352' title='bbox 1314 470 1431 500; x_wconf 88' lang='lat' dir='ltr'>eadem</span> <span class='ocrx_word' id='word_1_353' title='bbox 1443 470 1580 500; x_wconf 90' lang='lat' dir='ltr'>collatio</span> <span class='ocrx_word' id='word_1_354' title='bbox 1592 478 1657 499; x_wconf 92' lang='lat' dir='ltr'>non</span> <span class='ocrx_word' id='word_1_355' title='bbox 1667 469 1813 506; x_wconf 84' lang='lat' dir='ltr'>valebat,</span> <span class='ocrx_word' id='word_1_356' title='bbox 1827 478 1888 500; x_wconf 91' lang='lat' dir='ltr'>nos</span> <span class='ocrx_word' id='word_1_357' title='bbox 1898 470 2022 500; x_wconf 88' lang='lat' dir='ltr'>dictam</span> <span class='ocrx_word' id='word_1_358' title='bbox 2033 469 2238 509; x_wconf 88' lang='lat' dir='ltr'>prebendam</span> <span class='ocrx_word' id='word_1_359' title='bbox 2253 479 2324 501; x_wconf 86' lang='lat' dir='ltr'>nec-</span> 
     </span>
     <span class='ocr_line' id='line_1_58' title="bbox 1314 523 2327 562; baseline 0.001 -9"><span class='ocrx_word' id='word_1_360' title='bbox 1314 532 1379 553; x_wconf 90' lang='lat' dir='ltr'>non</span> <span class='ocrx_word' id='word_1_361' title='bbox 1394 523 1627 553; x_wconf 85' lang='lat' dir='ltr'>canonicatnm</span> <span class='ocrx_word' id='word_1_362' title='bbox 1641 523 1750 562; x_wconf 86' lang='lat' dir='ltr'>ipsius</span> <span class='ocrx_word' id='word_1_363' title='bbox 1763 523 1904 553; x_wconf 87' lang='lat' dir='ltr'>ecclesie</span> <span class='ocrx_word' id='word_1_364' title='bbox 1915 523 2168 559; x_wconf 86' lang='lat' dir='ltr'>Ambianensis,</span> <span class='ocrx_word' id='word_1_365' title='bbox 2182 524 2327 562; x_wconf 87' lang='lat' dir='ltr'>quicum</span> 
     </span>
     <span class='ocr_line' id='line_1_59' title="bbox 1314 575 2328 615; baseline 0 -9"><span class='ocrx_word' id='word_1_366' title='bbox 1314 575 1483 615; x_wconf 86' lang='lat' dir='ltr'>prebenda</span> <span class='ocrx_word' id='word_1_367' title='bbox 1496 576 1635 606; x_wconf 87' lang='lat' dir='ltr'>vacabat</span> <span class='ocrx_word' id='word_1_368' title='bbox 1651 576 1780 612; x_wconf 81' lang='lat' dir='ltr'>eadem,</span> <span class='ocrx_word' id='word_1_369' title='bbox 1799 576 1921 606; x_wconf 85' lang='lat' dir='ltr'>dilecto</span> <span class='ocrx_word' id='word_1_370' title='bbox 1941 576 2012 605; x_wconf 90' lang='lat' dir='ltr'>filio</span> <span class='ocrx_word' id='word_1_371' title='bbox 2030 576 2219 612; x_wconf 85' lang='lat' dir='ltr'>Gotefrido,</span> <span class='ocrx_word' id='word_1_372' title='bbox 2236 585 2328 615; x_wconf 91' lang='lat' dir='ltr'>pres-</span> 
     </span>
     <span class='ocr_line' id='line_1_60' title="bbox 1313 628 2325 669; baseline 0.001 -10"><span class='ocrx_word' id='word_1_373' title='bbox 1313 629 1433 663; x_wconf 86' lang='lat' dir='ltr'>bitero,</span> <span class='ocrx_word' id='word_1_374' title='bbox 1452 629 1573 660; x_wconf 87' lang='lat' dir='ltr'>rectori</span> <span class='ocrx_word' id='word_1_375' title='bbox 1591 629 1733 659; x_wconf 86' lang='lat' dir='ltr'>ecclesie</span> <span class='ocrx_word' id='word_1_376' title='bbox 1751 629 1789 659; x_wconf 92' lang='lat' dir='ltr'>de</span> <span class='ocrx_word' id='word_1_377' title='bbox 1807 628 1984 659; x_wconf 84' lang='lat' dir='ltr'>Vilaribus</span> <span class='ocrx_word' id='word_1_378' title='bbox 2000 629 2034 659; x_wconf 91' lang='lat' dir='ltr'>in</span> <span class='ocrx_word' id='word_1_379' title='bbox 2053 630 2227 669; x_wconf 82' lang='lat' dir='ltr'>Boscagio,</span> <span class='ocrx_word' id='word_1_380' title='bbox 2244 631 2325 660; x_wconf 75' lang='lat' dir='ltr'>Am-</span> 
     </span>
     <span class='ocr_line' id='line_1_61' title="bbox 1314 682 2328 721; baseline 0.001 -9"><span class='ocrx_word' id='word_1_381' title='bbox 1314 682 1489 712; x_wconf 89' lang='lat' dir='ltr'>bianensis</span> <span class='ocrx_word' id='word_1_382' title='bbox 1508 682 1667 717; x_wconf 79' lang='lat' dir='ltr'>diocesiS,</span> <span class='ocrx_word' id='word_1_383' title='bbox 1693 682 1879 721; x_wconf 86' lang='lat' dir='ltr'>apostolica</span> <span class='ocrx_word' id='word_1_384' title='bbox 1897 682 2096 712; x_wconf 88' lang='lat' dir='ltr'>auctoritate</span> <span class='ocrx_word' id='word_1_385' title='bbox 2119 683 2328 713; x_wconf 87' lang='lat' dir='ltr'>contulimus</span> 
     </span>
     <span class='ocr_line' id='line_1_62' title="bbox 1315 735 2328 774; baseline 0.001 -9"><span class='ocrx_word' id='word_1_386' title='bbox 1315 735 1448 774; x_wconf 87' lang='lat' dir='ltr'>sibique</span> <span class='ocrx_word' id='word_1_387' title='bbox 1467 736 1507 766; x_wconf 91' lang='lat' dir='ltr'>de</span> <span class='ocrx_word' id='word_1_388' title='bbox 1529 735 1598 766; x_wconf 89' lang='lat' dir='ltr'>illis</span> <span class='ocrx_word' id='word_1_389' title='bbox 1620 735 1834 774; x_wconf 85' lang='lat' dir='ltr'>providimus</span> <span class='ocrx_word' id='word_1_390' title='bbox 1851 744 1888 765; x_wconf 89' lang='lat' dir='ltr'>ac</span> <span class='ocrx_word' id='word_1_391' title='bbox 1909 743 1986 765; x_wconf 91' lang='lat' dir='ltr'>eum</span> <span class='ocrx_word' id='word_1_392' title='bbox 2011 735 2264 774; x_wconf 85' lang='lat' dir='ltr'>presentialiter</span> <span class='ocrx_word' id='word_1_393' title='bbox 2280 736 2328 766; x_wconf 90' lang='lat' dir='ltr'>in-</span> 
     </span>
     <span class='ocr_line' id='line_1_63' title="bbox 1314 788 2327 827; baseline 0.002 -9"><span class='ocrx_word' id='word_1_394' title='bbox 1314 789 1517 819; x_wconf 84' lang='lat' dir='ltr'>vestivimus</span> <span class='ocrx_word' id='word_1_395' title='bbox 1535 797 1594 827; x_wconf 90' lang='lat' dir='ltr'>per</span> <span class='ocrx_word' id='word_1_396' title='bbox 1615 791 1769 819; x_wconf 89' lang='lat' dir='ltr'>nostrum</span> <span class='ocrx_word' id='word_1_397' title='bbox 1786 788 1925 818; x_wconf 89' lang='lat' dir='ltr'>anulum</span> <span class='ocrx_word' id='word_1_398' title='bbox 1942 788 1981 818; x_wconf 92' lang='lat' dir='ltr'>de</span> <span class='ocrx_word' id='word_1_399' title='bbox 1996 789 2137 823; x_wconf 85' lang='lat' dir='ltr'>eisdem,</span> <span class='ocrx_word' id='word_1_400' title='bbox 2157 791 2247 819; x_wconf 87' lang='lat' dir='ltr'>certo</span> <span class='ocrx_word' id='word_1_401' title='bbox 2261 789 2327 820; x_wconf 92' lang='lat' dir='ltr'>sibi</span> 
     </span>
     <span class='ocr_line' id='line_1_64' title="bbox 1315 841 2328 881; baseline 0 -9"><span class='ocrx_word' id='word_1_402' title='bbox 1315 851 1374 881; x_wconf 89' lang='lat' dir='ltr'>per</span> <span class='ocrx_word' id='word_1_403' title='bbox 1407 844 1541 872; x_wconf 83' lang='lat' dir='ltr'>nostras</span> <span class='ocrx_word' id='word_1_404' title='bbox 1569 842 1700 872; x_wconf 85' lang='lat' dir='ltr'>litteras</span> <span class='ocrx_word' id='word_1_405' title='bbox 1728 850 1830 880; x_wconf 87' lang='lat' dir='ltr'>super</span> <span class='ocrx_word' id='word_1_406' title='bbox 1861 841 1922 871; x_wconf 88' lang='lat' dir='ltr'>hoc</span> <span class='ocrx_word' id='word_1_407' title='bbox 1954 843 2132 872; x_wconf 76' lang='lat' dir='ltr'>executore</span> <span class='ocrx_word' id='word_1_408' title='bbox 2154 851 2328 873; x_wconf 88' lang='lat' dir='ltr'>concesso.</span> 
     </span>
     <span class='ocr_line' id='line_1_65' title="bbox 1315 895 2328 934; baseline 0.001 -9"><span class='ocrx_word' id='word_1_409' title='bbox 1315 896 1419 925; x_wconf 86' lang='lat' dir='ltr'>Porro</span> <span class='ocrx_word' id='word_1_410' title='bbox 1456 897 1663 926; x_wconf 84' lang='lat' dir='ltr'>memoratus</span> <span class='ocrx_word' id='word_1_411' title='bbox 1696 895 1887 934; x_wconf 75' lang='lat' dir='ltr'>episeopus,</span> <span class='ocrx_word' id='word_1_412' title='bbox 1923 896 2103 934; x_wconf 85' lang='lat' dir='ltr'>antequam</span> <span class='ocrx_word' id='word_1_413' title='bbox 2133 895 2328 934; x_wconf 86' lang='lat' dir='ltr'>hujusmodi</span> 
     </span>
     <span class='ocr_line' id='line_1_66' title="bbox 1316 948 2328 988; baseline 0 -10"><span class='ocrx_word' id='word_1_414' title='bbox 1316 951 1430 979; x_wconf 85' lang='lat' dir='ltr'>nostra</span> <span class='ocrx_word' id='word_1_415' title='bbox 1449 948 1595 983; x_wconf 85' lang='lat' dir='ltr'>collatio,</span> <span class='ocrx_word' id='word_1_416' title='bbox 1615 949 1764 988; x_wconf 76' lang='lat' dir='ltr'>provisio</span> <span class='ocrx_word' id='word_1_417' title='bbox 1790 951 1821 979; x_wconf 91' lang='lat' dir='ltr'>et</span> <span class='ocrx_word' id='word_1_418' title='bbox 1845 948 2047 978; x_wconf 83' lang='lat' dir='ltr'>investitura</span> <span class='ocrx_word' id='word_1_419' title='bbox 2075 948 2115 978; x_wconf 88' lang='lat' dir='ltr'>ad</span> <span class='ocrx_word' id='word_1_420' title='bbox 2144 949 2217 987; x_wconf 88' lang='lat' dir='ltr'>ejus</span> <span class='ocrx_word' id='word_1_421' title='bbox 2245 949 2328 979; x_wconf 88' lang='lat' dir='ltr'>noti-</span> 
     </span>
     <span class='ocr_line' id='line_1_67' title="bbox 1314 1001 2329 1040; baseline 0 -9"><span class='ocrx_word' id='word_1_422' title='bbox 1314 1003 1397 1032; x_wconf 86' lang='lat' dir='ltr'>tiam</span> <span class='ocrx_word' id='word_1_423' title='bbox 1419 1002 1665 1040; x_wconf 84' lang='lat' dir='ltr'>pervenissent,</span> <span class='ocrx_word' id='word_1_424' title='bbox 1694 1012 1711 1031; x_wconf 85' lang='lat' dir='ltr'>a</span> <span class='ocrx_word' id='word_1_425' title='bbox 1735 1001 1929 1040; x_wconf 88' lang='lat' dir='ltr'>supradicto</span> <span class='ocrx_word' id='word_1_426' title='bbox 1955 1002 2118 1040; x_wconf 83' lang='lat' dir='ltr'>magistro</span> <span class='ocrx_word' id='word_1_427' title='bbox 2143 1001 2329 1032; x_wconf 79' lang='lat' dir='ltr'>Guillelmo</span> 
     </span>
     <span class='ocr_line' id='line_1_68' title="bbox 1315 1054 2326 1094; baseline 0 -9"><span class='ocrx_word' id='word_1_428' title='bbox 1315 1055 1425 1094; x_wconf 87' lang='lat' dir='ltr'>ipsius</span> <span class='ocrx_word' id='word_1_429' title='bbox 1440 1055 1608 1094; x_wconf 88' lang='lat' dir='ltr'>prebende</span> <span class='ocrx_word' id='word_1_430' title='bbox 1626 1054 1732 1085; x_wconf 90' lang='lat' dir='ltr'>libera</span> <span class='ocrx_word' id='word_1_431' title='bbox 1751 1055 1979 1094; x_wconf 81' lang='lat' dir='ltr'>resignatione</span> <span class='ocrx_word' id='word_1_432' title='bbox 1997 1058 2142 1093; x_wconf 90' lang='lat' dir='ltr'>recepta,</span> <span class='ocrx_word' id='word_1_433' title='bbox 2162 1064 2232 1085; x_wconf 89' lang='lat' dir='ltr'>eam</span> <span class='ocrx_word' id='word_1_434' title='bbox 2252 1055 2326 1092; x_wconf 85' lang='lat' dir='ltr'>tibi,</span> 
     </span>
     <span class='ocr_line' id='line_1_69' title="bbox 1316 1108 2329 1147; baseline 0 -9"><span class='ocrx_word' id='word_1_435' title='bbox 1316 1108 1489 1147; x_wconf 87' lang='lat' dir='ltr'>capellano</span> <span class='ocrx_word' id='word_1_436' title='bbox 1513 1117 1585 1144; x_wconf 80' lang='lat' dir='ltr'>suo,</span> <span class='ocrx_word' id='word_1_437' title='bbox 1604 1109 1740 1147; x_wconf 88' lang='lat' dir='ltr'>proprio</span> <span class='ocrx_word' id='word_1_438' title='bbox 1756 1110 1847 1138; x_wconf 87' lang='lat' dir='ltr'>motu</span> <span class='ocrx_word' id='word_1_439' title='bbox 1867 1108 2009 1138; x_wconf 86' lang='lat' dir='ltr'>contulit</span> <span class='ocrx_word' id='word_1_440' title='bbox 2027 1108 2222 1147; x_wconf 84' lang='lat' dir='ltr'>dictumque</span> <span class='ocrx_word' id='word_1_441' title='bbox 2239 1109 2329 1146; x_wconf 90' lang='lat' dir='ltr'>capi-</span> 
     </span>
     <span class='ocr_line' id='line_1_70' title="bbox 1315 1161 2328 1201; baseline -0.001 -9"><span class='ocrx_word' id='word_1_442' title='bbox 1315 1162 1437 1195; x_wconf 88' lang='lat' dir='ltr'>tulum,</span> <span class='ocrx_word' id='word_1_443' title='bbox 1463 1161 1595 1191; x_wconf 90' lang='lat' dir='ltr'>duobus</span> <span class='ocrx_word' id='word_1_444' title='bbox 1612 1161 1684 1199; x_wconf 85' lang='lat' dir='ltr'>ejus</span> <span class='ocrx_word' id='word_1_445' title='bbox 1701 1161 1873 1192; x_wconf 83' lang='lat' dir='ltr'>canonicis</span> <span class='ocrx_word' id='word_1_446' title='bbox 1898 1161 2072 1192; x_wconf 80' lang='lat' dir='ltr'>dumtaxat</span> <span class='ocrx_word' id='word_1_447' title='bbox 2090 1162 2240 1201; x_wconf 83' lang='lat' dir='ltr'>exceptis</span> <span class='ocrx_word' id='word_1_448' title='bbox 2256 1162 2328 1201; x_wconf 83' lang='lat' dir='ltr'>qni,</span> 
     </span>
     <span class='ocr_line' id='line_1_71' title="bbox 1318 1214 2328 1253; baseline 0.001 -9"><span class='ocrx_word' id='word_1_449' title='bbox 1318 1223 1378 1244; x_wconf 92' lang='lat' dir='ltr'>suo</span> <span class='ocrx_word' id='word_1_450' title='bbox 1399 1216 1432 1244; x_wconf 90' lang='lat' dir='ltr'>et</span> <span class='ocrx_word' id='word_1_451' title='bbox 1459 1215 1624 1253; x_wconf 84' lang='lat' dir='ltr'>prepositi</span> <span class='ocrx_word' id='word_1_452' title='bbox 1650 1214 1802 1252; x_wconf 88' lang='lat' dir='ltr'>ejusdem</span> <span class='ocrx_word' id='word_1_453' title='bbox 1831 1214 1972 1244; x_wconf 87' lang='lat' dir='ltr'>ecclesie</span> <span class='ocrx_word' id='word_1_454' title='bbox 1989 1214 2231 1245; x_wconf 76' lang='lat' dir='ltr'>Ambianensis</span> <span class='ocrx_word' id='word_1_455' title='bbox 2248 1218 2328 1245; x_wconf 89' lang='lat' dir='ltr'>tunc</span> 
     </span>
     <span class='ocr_line' id='line_1_72' title="bbox 1317 1267 2326 1307; baseline 0 -9"><span class='ocrx_word' id='word_1_456' title='bbox 1317 1267 1468 1298; x_wconf 87' lang='lat' dir='ltr'>absentis</span> <span class='ocrx_word' id='word_1_457' title='bbox 1486 1268 1633 1302; x_wconf 90' lang='lat' dir='ltr'>nomine,</span> <span class='ocrx_word' id='word_1_458' title='bbox 1654 1269 1769 1298; x_wconf 83' lang='lat' dir='ltr'>contra</span> <span class='ocrx_word' id='word_1_459' title='bbox 1791 1270 1823 1298; x_wconf 86' lang='lat' dir='ltr'>te</span> <span class='ocrx_word' id='word_1_460' title='bbox 1842 1267 1882 1297; x_wconf 89' lang='lat' dir='ltr'>ad</span> <span class='ocrx_word' id='word_1_461' title='bbox 1898 1267 2012 1297; x_wconf 85' lang='lat' dir='ltr'>sedem</span> <span class='ocrx_word' id='word_1_462' title='bbox 2029 1267 2251 1305; x_wconf 89' lang='lat' dir='ltr'>apostolicam</span> <span class='ocrx_word' id='word_1_463' title='bbox 2272 1277 2326 1307; x_wconf 89' lang='lat' dir='ltr'>ap·</span> 
     </span>
     <span class='ocr_line' id='line_1_73' title="bbox 1317 1320 2330 1359; baseline 0 -8"><span class='ocrx_word' id='word_1_464' title='bbox 1317 1321 1499 1359; x_wconf 90' lang='lat' dir='ltr'>pellarunt,</span> <span class='ocrx_word' id='word_1_465' title='bbox 1519 1321 1560 1350; x_wconf 87' lang='lat' dir='ltr'>ad</span> <span class='ocrx_word' id='word_1_466' title='bbox 1575 1321 1698 1350; x_wconf 89' lang='lat' dir='ltr'>dictam</span> <span class='ocrx_word' id='word_1_467' title='bbox 1714 1320 1919 1359; x_wconf 88' lang='lat' dir='ltr'>prebendam</span> <span class='ocrx_word' id='word_1_468' title='bbox 1936 1320 1970 1349; x_wconf 89' lang='lat' dir='ltr'>in</span> <span class='ocrx_word' id='word_1_469' title='bbox 1988 1320 2126 1350; x_wconf 84' lang='lat' dir='ltr'>fratrem</span> <span class='ocrx_word' id='word_1_470' title='bbox 2146 1322 2177 1351; x_wconf 91' lang='lat' dir='ltr'>et</span> <span class='ocrx_word' id='word_1_471' title='bbox 2195 1321 2330 1351; x_wconf 88' lang='lat' dir='ltr'>canoni-</span> 
     </span>
     <span class='ocr_line' id='line_1_74' title="bbox 1317 1373 2331 1413; baseline 0.001 -10"><span class='ocrx_word' id='word_1_472' title='bbox 1317 1383 1392 1403; x_wconf 89' lang='lat' dir='ltr'>cum</span> <span class='ocrx_word' id='word_1_473' title='bbox 1416 1375 1448 1404; x_wconf 92' lang='lat' dir='ltr'>te</span> <span class='ocrx_word' id='word_1_474' title='bbox 1472 1374 1610 1412; x_wconf 88' lang='lat' dir='ltr'>recepit.</span> <span class='ocrx_word' id='word_1_475' title='bbox 1631 1374 1782 1412; x_wconf 86' lang='lat' dir='ltr'>Cumque</span> <span class='ocrx_word' id='word_1_476' title='bbox 1805 1373 1941 1403; x_wconf 88' lang='lat' dir='ltr'>tandem</span> <span class='ocrx_word' id='word_1_477' title='bbox 1959 1373 2096 1412; x_wconf 89' lang='lat' dir='ltr'>quidam</span> <span class='ocrx_word' id='word_1_478' title='bbox 2118 1373 2331 1413; x_wconf 87' lang='lat' dir='ltr'>subdelegati</span> 
     </span>
     <span class='ocr_line' id='line_1_75' title="bbox 1317 1426 2330 1466; baseline 0.001 -10"><span class='ocrx_word' id='word_1_479' title='bbox 1317 1426 1441 1466; x_wconf 88' lang='lat' dir='ltr'>quibus</span> <span class='ocrx_word' id='word_1_480' title='bbox 1468 1426 1620 1465; x_wconf 88' lang='lat' dir='ltr'>prefatus</span> <span class='ocrx_word' id='word_1_481' title='bbox 1646 1428 1817 1461; x_wconf 76' lang='lat' dir='ltr'>executor,</span> <span class='ocrx_word' id='word_1_482' title='bbox 1834 1428 1934 1465; x_wconf 86' lang='lat' dir='ltr'>prout</span> <span class='ocrx_word' id='word_1_483' title='bbox 1952 1435 1994 1456; x_wconf 75' lang='lat' dir='ltr'>ex</span> <span class='ocrx_word' id='word_1_484' title='bbox 2018 1426 2181 1456; x_wconf 81' lang='lat' dir='ltr'>beneficio</span> <span class='ocrx_word' id='word_1_485' title='bbox 2204 1426 2330 1457; x_wconf 88' lang='lat' dir='ltr'>littera-</span> 
     </span>
     <span class='ocr_line' id='line_1_76' title="bbox 1317 1479 2330 1519; baseline 0 -10"><span class='ocrx_word' id='word_1_486' title='bbox 1317 1489 1391 1510; x_wconf 89' lang='lat' dir='ltr'>rum</span> <span class='ocrx_word' id='word_1_487' title='bbox 1408 1480 1560 1519; x_wconf 89' lang='lat' dir='ltr'>ipsarum</span> <span class='ocrx_word' id='word_1_488' title='bbox 1578 1479 1643 1509; x_wconf 91' lang='lat' dir='ltr'>sibi</span> <span class='ocrx_word' id='word_1_489' title='bbox 1666 1480 1871 1510; x_wconf 86' lang='lat' dir='ltr'>directarum</span> <span class='ocrx_word' id='word_1_490' title='bbox 1885 1481 2028 1518; x_wconf 73' lang='lat' dir='ltr'>poterat,</span> <span class='ocrx_word' id='word_1_491' title='bbox 2047 1488 2149 1518; x_wconf 89' lang='lat' dir='ltr'>super</span> <span class='ocrx_word' id='word_1_492' title='bbox 2163 1479 2224 1510; x_wconf 93' lang='grc'><strong>1100</strong></span> <span class='ocrx_word' id='word_1_493' title='bbox 2240 1488 2330 1510; x_wconf 89' lang='lat' dir='ltr'>com-</span> 
     </span>
     <span class='ocr_line' id='line_1_77' title="bbox 1317 1533 2330 1571; baseline -0.001 -7"><span class='ocrx_word' id='word_1_494' title='bbox 1317 1534 1412 1564; x_wconf 84' lang='lat' dir='ltr'>misit</span> <span class='ocrx_word' id='word_1_495' title='bbox 1442 1533 1593 1564; x_wconf 90' lang='lat' dir='ltr'>totaliter</span> <span class='ocrx_word' id='word_1_496' title='bbox 1625 1533 1716 1563; x_wconf 86' lang='lat' dir='ltr'>vices</span> <span class='ocrx_word' id='word_1_497' title='bbox 1748 1541 1839 1569; x_wconf 90' lang='lat' dir='ltr'>suas,</span> <span class='ocrx_word' id='word_1_498' title='bbox 1874 1535 2128 1571; x_wconf 88' lang='lat' dir='ltr'>procuratorem</span> <span class='ocrx_word' id='word_1_499' title='bbox 2163 1533 2330 1564; x_wconf 88' lang='lat' dir='ltr'>nominati</span> 
     </span>
     <span class='ocr_line' id='line_1_78' title="bbox 1315 1586 2332 1625; baseline 0 -8"><span class='ocrx_word' id='word_1_500' title='bbox 1315 1587 1504 1623; x_wconf 84' lang='lat' dir='ltr'>Gottifridi,</span> <span class='ocrx_word' id='word_1_501' title='bbox 1517 1586 1590 1625; x_wconf 88' lang='lat' dir='ltr'>ejus</span> <span class='ocrx_word' id='word_1_502' title='bbox 1606 1586 1755 1622; x_wconf 86' lang='lat' dir='ltr'>nomine,</span> <span class='ocrx_word' id='word_1_503' title='bbox 1765 1586 1805 1616; x_wconf 88' lang='lat' dir='ltr'>ad</span> <span class='ocrx_word' id='word_1_504' title='bbox 1815 1586 2021 1625; x_wconf 86' lang='lat' dir='ltr'>prebendam</span> <span class='ocrx_word' id='word_1_505' title='bbox 2033 1586 2174 1616; x_wconf 85' lang='lat' dir='ltr'>eandem</span> <span class='ocrx_word' id='word_1_506' title='bbox 2188 1586 2222 1616; x_wconf 93' lang='lat' dir='ltr'>in</span> <span class='ocrx_word' id='word_1_507' title='bbox 2234 1595 2332 1617; x_wconf 90' lang='lat' dir='ltr'>cano—</span> 
     </span>
     <span class='ocr_line' id='line_1_79' title="bbox 1316 1638 2330 1678; baseline -0.001 -7"><span class='ocrx_word' id='word_1_508' title='bbox 1316 1642 1430 1671; x_wconf 90' lang='lat' dir='ltr'>nicum</span> <span class='ocrx_word' id='word_1_509' title='bbox 1451 1642 1481 1670; x_wconf 89' lang='lat' dir='ltr'>et</span> <span class='ocrx_word' id='word_1_510' title='bbox 1502 1640 1535 1670; x_wconf 92' lang='lat' dir='ltr'>in</span> <span class='ocrx_word' id='word_1_511' title='bbox 1549 1640 1688 1670; x_wconf 86' lang='lat' dir='ltr'>fratrem</span> <span class='ocrx_word' id='word_1_512' title='bbox 1706 1640 1740 1670; x_wconf 93' lang='lat' dir='ltr'>in</span> <span class='ocrx_word' id='word_1_513' title='bbox 1766 1640 1919 1678; x_wconf 87' lang='lat' dir='ltr'>predicta</span> <span class='ocrx_word' id='word_1_514' title='bbox 1946 1638 2169 1669; x_wconf 86' lang='lat' dir='ltr'>Ambianensi</span> <span class='ocrx_word' id='word_1_515' title='bbox 2187 1639 2330 1670; x_wconf 88' lang='lat' dir='ltr'>ecclesia</span> 
     </span>
     <span class='ocr_line' id='line_1_80' title="bbox 1316 1692 2328 1732; baseline -0.001 -8"><span class='ocrx_word' id='word_1_516' title='bbox 1316 1694 1421 1732; x_wconf 89' lang='lat' dir='ltr'>recipi</span> <span class='ocrx_word' id='word_1_517' title='bbox 1439 1693 1705 1729; x_wconf 89' lang='lat' dir='ltr'>mandavissent,</span> <span class='ocrx_word' id='word_1_518' title='bbox 1722 1693 1812 1722; x_wconf 89' lang='lat' dir='ltr'>idem</span> <span class='ocrx_word' id='word_1_519' title='bbox 1830 1692 2010 1731; x_wconf 89' lang='lat' dir='ltr'>episcopus</span> <span class='ocrx_word' id='word_1_520' title='bbox 2028 1694 2061 1722; x_wconf 88' lang='lat' dir='ltr'>et</span> <span class='ocrx_word' id='word_1_521' title='bbox 2076 1694 2111 1722; x_wconf 91' lang='lat' dir='ltr'>tu</span> <span class='ocrx_word' id='word_1_522' title='bbox 2131 1692 2171 1722; x_wconf 92' lang='lat' dir='ltr'>ab</span> <span class='ocrx_word' id='word_1_523' title='bbox 2199 1693 2328 1723; x_wconf 88' lang='lat' dir='ltr'>eisdem</span> 
     </span>
     <span class='ocr_line' id='line_1_81' title="bbox 1316 1745 2329 1786; baseline -0.001 -9"><span class='ocrx_word' id='word_1_524' title='bbox 1316 1747 1547 1786; x_wconf 84' lang='lat' dir='ltr'>subdelegatis</span> <span class='ocrx_word' id='word_1_525' title='bbox 1569 1746 1610 1776; x_wconf 89' lang='lat' dir='ltr'>ad</span> <span class='ocrx_word' id='word_1_526' title='bbox 1635 1746 1750 1776; x_wconf 87' lang='lat' dir='ltr'>sedem</span> <span class='ocrx_word' id='word_1_527' title='bbox 1777 1745 1999 1784; x_wconf 87' lang='lat' dir='ltr'>apostolicam</span> <span class='ocrx_word' id='word_1_528' title='bbox 2023 1745 2234 1784; x_wconf 89' lang='lat' dir='ltr'>appellastis.</span> <span class='ocrx_word' id='word_1_529' title='bbox 2264 1746 2329 1777; x_wconf 82' lang='lat' dir='ltr'>Sed</span> 
     </span>
     <span class='ocr_line' id='line_1_82' title="bbox 1317 1798 2328 1839; baseline 0 -9"><span class='ocrx_word' id='word_1_530' title='bbox 1317 1800 1533 1839; x_wconf 87' lang='lat' dir='ltr'>postmodum</span> <span class='ocrx_word' id='word_1_531' title='bbox 1546 1800 1698 1830; x_wconf 88' lang='lat' dir='ltr'>volentes</span> <span class='ocrx_word' id='word_1_532' title='bbox 1717 1808 1776 1829; x_wconf 89' lang='lat' dir='ltr'>vos</span> <span class='ocrx_word' id='word_1_533' title='bbox 1791 1807 1892 1837; x_wconf 89' lang='lat' dir='ltr'>super</span> <span class='ocrx_word' id='word_1_534' title='bbox 1905 1798 1967 1829; x_wconf 83' lang='grc'><strong>1100</strong></span> <span class='ocrx_word' id='word_1_535' title='bbox 1984 1801 2099 1829; x_wconf 88' lang='lat' dir='ltr'>nostro</span> <span class='ocrx_word' id='word_1_536' title='bbox 2116 1798 2328 1838; x_wconf 88' lang='lat' dir='ltr'>beneplacito</span> 
     </span>
     <span class='ocr_line' id='line_1_83' title="bbox 1316 1851 2329 1892; baseline -0.003 -8"><span class='ocrx_word' id='word_1_537' title='bbox 1316 1855 1484 1892; x_wconf 88' lang='lat' dir='ltr'>coaptare,</span> <span class='ocrx_word' id='word_1_538' title='bbox 1520 1853 1610 1892; x_wconf 87' lang='lat' dir='ltr'>quod</span> <span class='ocrx_word' id='word_1_539' title='bbox 1641 1854 1850 1882; x_wconf 87' lang='lat' dir='ltr'>memoratus</span> <span class='ocrx_word' id='word_1_540' title='bbox 1886 1851 2092 1882; x_wconf 84' lang='lat' dir='ltr'>Gottifridus</span> <span class='ocrx_word' id='word_1_541' title='bbox 2121 1851 2329 1890; x_wconf 90' lang='lat' dir='ltr'>prebendam</span> 
     </span>
     <span class='ocr_line' id='line_1_84' title="bbox 1317 1904 2329 1945; baseline -0.002 -8"><span class='ocrx_word' id='word_1_542' title='bbox 1317 1907 1484 1937; x_wconf 88' lang='lat' dir='ltr'>obtineret</span> <span class='ocrx_word' id='word_1_543' title='bbox 1508 1905 1703 1945; x_wconf 86' lang='lat' dir='ltr'>hujusmodi</span> <span class='ocrx_word' id='word_1_544' title='bbox 1727 1905 1964 1935; x_wconf 83' lang='lat' dir='ltr'>consensistis.</span> <span class='ocrx_word' id='word_1_545' title='bbox 1985 1904 2095 1940; x_wconf 85' lang='lat' dir='ltr'>Quare</span> <span class='ocrx_word' id='word_1_546' title='bbox 2123 1907 2170 1941; x_wconf 82' lang='lat' dir='ltr'>tu,</span> <span class='ocrx_word' id='word_1_547' title='bbox 2192 1905 2233 1935; x_wconf 92' lang='lat' dir='ltr'>ad</span> <span class='ocrx_word' id='word_1_548' title='bbox 2257 1913 2329 1944; x_wconf 89' lang='lat' dir='ltr'>pre-</span> 
     </span>
     <span class='ocr_line' id='line_1_85' title="bbox 1317 1957 2329 1996; baseline -0.002 -6"><span class='ocrx_word' id='word_1_549' title='bbox 1317 1960 1462 1990; x_wconf 89' lang='lat' dir='ltr'>sentiam</span> <span class='ocrx_word' id='word_1_550' title='bbox 1474 1961 1625 1989; x_wconf 88' lang='lat' dir='ltr'>nostram</span> <span class='ocrx_word' id='word_1_551' title='bbox 1641 1958 1814 1993; x_wconf 86' lang='lat' dir='ltr'>accedens,</span> <span class='ocrx_word' id='word_1_552' title='bbox 1832 1957 1930 1988; x_wconf 90' lang='lat' dir='ltr'>nobis</span> <span class='ocrx_word' id='word_1_553' title='bbox 1943 1957 2117 1988; x_wconf 87' lang='lat' dir='ltr'>humiliter</span> <span class='ocrx_word' id='word_1_554' title='bbox 2127 1957 2329 1996; x_wconf 85' lang='lat' dir='ltr'>supplicasti</span> 
     </span>
     <span class='ocr_line' id='line_1_86' title="bbox 1316 2010 2333 2050; baseline -0.003 -7"><span class='ocrx_word' id='word_1_555' title='bbox 1316 2015 1363 2048; x_wconf 89' lang='lat' dir='ltr'>ut,</span> <span class='ocrx_word' id='word_1_556' title='bbox 1381 2022 1455 2042; x_wconf 90' lang='lat' dir='ltr'>cum</span> <span class='ocrx_word' id='word_1_557' title='bbox 1466 2013 1642 2050; x_wconf 72' lang='lat' dir='ltr'>indignum</span> <span class='ocrx_word' id='word_1_558' title='bbox 1654 2011 1778 2041; x_wconf 79' lang='lat' dir='ltr'>existat</span> <span class='ocrx_word' id='word_1_559' title='bbox 1789 2012 1832 2047; x_wconf 88' lang='lat' dir='ltr'>te,</span> <span class='ocrx_word' id='word_1_560' title='bbox 1848 2011 1906 2049; x_wconf 86' lang='lat' dir='ltr'>qui</span> <span class='ocrx_word' id='word_1_561' title='bbox 1919 2011 1959 2040; x_wconf 92' lang='lat' dir='ltr'>ad</span> <span class='ocrx_word' id='word_1_562' title='bbox 1973 2011 2179 2048; x_wconf 84' lang='lat' dir='ltr'>sepedictam</span> <span class='ocrx_word' id='word_1_563' title='bbox 2192 2010 2333 2049; x_wconf 88' lang='lat' dir='ltr'>preben-</span> 
     </span>
     <span class='ocr_line' id='line_1_87' title="bbox 1317 2063 2330 2103; baseline -0.001 -7"><span class='ocrx_word' id='word_1_564' title='bbox 1317 2067 1393 2096; x_wconf 87' lang='lat' dir='ltr'>dam</span> <span class='ocrx_word' id='word_1_565' title='bbox 1415 2074 1433 2096; x_wconf 88' lang='lat' dir='ltr'>a</span> <span class='ocrx_word' id='word_1_566' title='bbox 1450 2066 1539 2095; x_wconf 82' lang='lat' dir='ltr'>dicto</span> <span class='ocrx_word' id='word_1_567' title='bbox 1568 2063 1716 2103; x_wconf 87' lang='lat' dir='ltr'>capitulo</span> <span class='ocrx_word' id='word_1_568' title='bbox 1739 2064 1835 2094; x_wconf 83' lang='lat' dir='ltr'>fuisti</span> <span class='ocrx_word' id='word_1_569' title='bbox 1853 2065 2008 2102; x_wconf 87' lang='lat' dir='ltr'>receptus</span> <span class='ocrx_word' id='word_1_570' title='bbox 2032 2063 2065 2092; x_wconf 92' lang='lat' dir='ltr'>in</span> <span class='ocrx_word' id='word_1_571' title='bbox 2081 2064 2281 2093; x_wconf 87' lang='lat' dir='ltr'>canonicum</span> <span class='ocrx_word' id='word_1_572' title='bbox 2296 2066 2330 2095; x_wconf 86' lang='lat' dir='ltr'>et</span> 
     </span>
     <span class='ocr_line' id='line_1_88' title="bbox 1318 2117 2328 2157; baseline -0.002 -7"><span class='ocrx_word' id='word_1_573' title='bbox 1318 2120 1351 2150; x_wconf 92' lang='lat' dir='ltr'>in</span> <span class='ocrx_word' id='word_1_574' title='bbox 1376 2119 1527 2153; x_wconf 85' lang='lat' dir='ltr'>fratrem,</span> <span class='ocrx_word' id='word_1_575' title='bbox 1554 2126 1613 2157; x_wconf 90' lang='lat' dir='ltr'>spe</span> <span class='ocrx_word' id='word_1_576' title='bbox 1639 2126 1740 2156; x_wconf 88' lang='lat' dir='ltr'>quam</span> <span class='ocrx_word' id='word_1_577' title='bbox 1771 2126 1812 2147; x_wconf 79' lang='lat' dir='ltr'>ex</span> <span class='ocrx_word' id='word_1_578' title='bbox 1839 2117 1900 2147; x_wconf 88' lang='grc'><strong>1100</strong></span> <span class='ocrx_word' id='word_1_579' title='bbox 1916 2125 2131 2156; x_wconf 81' lang='lat' dir='ltr'>conceperas,</span> <span class='ocrx_word' id='word_1_580' title='bbox 2153 2125 2328 2148; x_wconf 87' lang='lat' dir='ltr'>remanere</span> 
     </span>
     <span class='ocr_line' id='line_1_89' title="bbox 1318 2169 2330 2209; baseline -0.001 -7"><span class='ocrx_word' id='word_1_581' title='bbox 1318 2173 1455 2203; x_wconf 90' lang='lat' dir='ltr'>omnino</span> <span class='ocrx_word' id='word_1_582' title='bbox 1484 2172 1694 2206; x_wconf 83' lang='lat' dir='ltr'>frustratum,</span> <span class='ocrx_word' id='word_1_583' title='bbox 1716 2170 1893 2209; x_wconf 86' lang='lat' dir='ltr'>providere</span> <span class='ocrx_word' id='word_1_584' title='bbox 1924 2178 2026 2208; x_wconf 88' lang='lat' dir='ltr'>super</span> <span class='ocrx_word' id='word_1_585' title='bbox 2045 2170 2105 2200; x_wconf 79' lang='lat' dir='ltr'>hoc</span> <span class='ocrx_word' id='word_1_586' title='bbox 2133 2169 2195 2200; x_wconf 85' lang='lat' dir='ltr'>tibi</span> <span class='ocrx_word' id='word_1_587' title='bbox 2216 2170 2256 2200; x_wconf 89' lang='lat' dir='ltr'>de</span> <span class='ocrx_word' id='word_1_588' title='bbox 2275 2170 2330 2201; x_wconf 86' lang='lat' dir='ltr'>be-</span> 
     </span>
     <span class='ocr_line' id='line_1_90' title="bbox 1317 2223 2332 2265; baseline -0.001 -10"><span class='ocrx_word' id='word_1_589' title='bbox 1317 2226 1480 2265; x_wconf 86' lang='lat' dir='ltr'>nignitate</span> <span class='ocrx_word' id='word_1_590' title='bbox 1512 2224 1696 2263; x_wconf 84' lang='lat' dir='ltr'>apostolica</span> <span class='ocrx_word' id='word_1_591' title='bbox 1716 2232 1923 2254; x_wconf 85' lang='lat' dir='ltr'>curaremus.</span> <span class='ocrx_word' id='word_1_592' title='bbox 1944 2224 2030 2254; x_wconf 86' lang='lat' dir='ltr'>Sane</span> <span class='ocrx_word' id='word_1_593' title='bbox 2058 2232 2131 2254; x_wconf 82' lang='lat' dir='ltr'>nos.</span> <span class='ocrx_word' id='word_1_594' title='bbox 2152 2223 2193 2253; x_wconf 88' lang='lat' dir='ltr'>ad</span> <span class='ocrx_word' id='word_1_595' title='bbox 2213 2232 2332 2262; x_wconf 88' lang='lat' dir='ltr'>supra-</span> 
     </span>
     <span class='ocr_line' id='line_1_91' title="bbox 1316 2276 2328 2316; baseline -0.002 -7"><span class='ocrx_word' id='word_1_596' title='bbox 1316 2280 1404 2310; x_wconf 88' lang='lat' dir='ltr'>dicta</span> <span class='ocrx_word' id='word_1_597' title='bbox 1432 2280 1489 2308; x_wconf 83' lang='lat' dir='ltr'>tua</span> <span class='ocrx_word' id='word_1_598' title='bbox 1513 2278 1644 2309; x_wconf 78' lang='lat' dir='ltr'>merita,</span> <span class='ocrx_word' id='word_1_599' title='bbox 1677 2277 1716 2306; x_wconf 85' lang='lat' dir='ltr'>de</span> <span class='ocrx_word' id='word_1_600' title='bbox 1747 2276 1871 2316; x_wconf 86' lang='lat' dir='ltr'>quibus</span> <span class='ocrx_word' id='word_1_601' title='bbox 1901 2286 1919 2306; x_wconf 90' lang='lat' dir='ltr'>a</span> <span class='ocrx_word' id='word_1_602' title='bbox 1938 2276 2118 2316; x_wconf 81' lang='lat' dir='ltr'>fidedignis</span> <span class='ocrx_word' id='word_1_603' title='bbox 2153 2276 2328 2315; x_wconf 88' lang='lat' dir='ltr'>aliquibus</span> 
     </span>
     <span class='ocr_line' id='line_1_92' title="bbox 1318 2329 2329 2369; baseline -0.003 -6"><span class='ocrx_word' id='word_1_604' title='bbox 1318 2332 1413 2363; x_wconf 82' lang='lat' dir='ltr'>fuisti</span> <span class='ocrx_word' id='word_1_605' title='bbox 1438 2331 1535 2361; x_wconf 85' lang='lat' dir='ltr'>nobis</span> <span class='ocrx_word' id='word_1_606' title='bbox 1562 2330 1798 2369; x_wconf 80' lang='lat' dir='ltr'>multipliciter</span> <span class='ocrx_word' id='word_1_607' title='bbox 1825 2330 2092 2363; x_wconf 86' lang='lat' dir='ltr'>commendatus,</span> <span class='ocrx_word' id='word_1_608' title='bbox 2124 2339 2251 2360; x_wconf 82' lang='lat' dir='ltr'>necnon</span> <span class='ocrx_word' id='word_1_609' title='bbox 2286 2329 2329 2360; x_wconf 88' lang='lat' dir='ltr'>ad</span> 
     </span>
     <span class='ocr_line' id='line_1_93' title="bbox 1317 2383 2328 2424; baseline -0.003 -8"><span class='ocrx_word' id='word_1_610' title='bbox 1317 2387 1383 2416; x_wconf 84' lang='lat' dir='ltr'>alia</span> <span class='ocrx_word' id='word_1_611' title='bbox 1399 2385 1566 2424; x_wconf 83' lang='lat' dir='ltr'>premissa</span> <span class='ocrx_word' id='word_1_612' title='bbox 1583 2385 1773 2423; x_wconf 78' lang='lat' dir='ltr'>respectum</span> <span class='ocrx_word' id='word_1_613' title='bbox 1791 2383 1964 2419; x_wconf 82' lang='lat' dir='ltr'>habentes,</span> <span class='ocrx_word' id='word_1_614' title='bbox 1987 2392 2022 2413; x_wconf 78' lang='lat' dir='ltr'>ac</span> <span class='ocrx_word' id='word_1_615' title='bbox 2039 2386 2176 2422; x_wconf 85' lang='lat' dir='ltr'>propter</span> <span class='ocrx_word' id='word_1_616' title='bbox 2190 2383 2251 2413; x_wconf 89' lang='lat' dir='ltr'>hoc</span> <span class='ocrx_word' id='word_1_617' title='bbox 2272 2392 2328 2413; x_wconf 85' lang='lat' dir='ltr'>vo-</span> 
     </span>
     <span class='ocr_line' id='line_1_94' title="bbox 1318 2436 2328 2477; baseline -0.004 -8"><span class='ocrx_word' id='word_1_618' title='bbox 1318 2439 1426 2469; x_wconf 83' lang='lat' dir='ltr'>lentes</span> <span class='ocrx_word' id='word_1_619' title='bbox 1444 2438 1505 2468; x_wconf 87' lang='lat' dir='ltr'>tibi</span> <span class='ocrx_word' id='word_1_620' title='bbox 1521 2437 1664 2477; x_wconf 82' lang='lat' dir='ltr'>gratiam</span> <span class='ocrx_word' id='word_1_621' title='bbox 1685 2438 1792 2468; x_wconf 80' lang='lat' dir='ltr'>facere</span> <span class='ocrx_word' id='word_1_622' title='bbox 1810 2436 2004 2475; x_wconf 78' lang='lat' dir='ltr'>specialem,</span> <span class='ocrx_word' id='word_1_623' title='bbox 2023 2436 2258 2466; x_wconf 87' lang='lat' dir='ltr'>canonicatum</span> <span class='ocrx_word' id='word_1_624' title='bbox 2279 2436 2328 2474; x_wconf 92' lang='lat' dir='ltr'>ip-</span> 
     </span>
     <span class='ocr_line' id='line_1_95' title="bbox 1318 2489 2327 2528; baseline -0.002 -6"><span class='ocrx_word' id='word_1_625' title='bbox 1318 2492 1389 2522; x_wconf 90' lang='lat' dir='ltr'>sius</span> <span class='ocrx_word' id='word_1_626' title='bbox 1406 2491 1546 2522; x_wconf 85' lang='lat' dir='ltr'>ecclesie</span> <span class='ocrx_word' id='word_1_627' title='bbox 1564 2490 1806 2521; x_wconf 79' lang='lat' dir='ltr'>Ambianensis</span> <span class='ocrx_word' id='word_1_628' title='bbox 1825 2498 1861 2519; x_wconf 83' lang='lat' dir='ltr'>ac.</span> <span class='ocrx_word' id='word_1_629' title='bbox 1882 2489 2087 2528; x_wconf 88' lang='lat' dir='ltr'>prebendam</span> <span class='ocrx_word' id='word_1_630' title='bbox 2107 2489 2193 2519; x_wconf 90' lang='grc'><strong>00111</strong></span> <span class='ocrx_word' id='word_1_631' title='bbox 2210 2489 2269 2519; x_wconf 89' lang='lat' dir='ltr'>alii</span> <span class='ocrx_word' id='word_1_632' title='bbox 2286 2489 2327 2520; x_wconf 80' lang='lat' dir='ltr'>de</span> 
     </span>
     <span class='ocr_line' id='line_1_96' title="bbox 1313 2542 2326 2585; baseline -0.003 -10"><span class='ocrx_word' id='word_1_633' title='bbox 1313 2546 1388 2585; x_wconf 88' lang='lat' dir='ltr'>jure</span> <span class='ocrx_word' id='word_1_634' title='bbox 1405 2544 1564 2579; x_wconf 83' lang='lat' dir='ltr'>debitam,</span> <span class='ocrx_word' id='word_1_635' title='bbox 1582 2544 1611 2573; x_wconf 88' lang='lat' dir='ltr'>si</span> <span class='ocrx_word' id='word_1_636' title='bbox 1626 2552 1691 2582; x_wconf 87' lang='lat' dir='ltr'>qna</span> <span class='ocrx_word' id='word_1_637' title='bbox 1709 2543 1742 2573; x_wconf 94' lang='lat' dir='ltr'>in</span> <span class='ocrx_word' id='word_1_638' title='bbox 1755 2542 1897 2573; x_wconf 84' lang='lat' dir='ltr'>ecclesia</span> <span class='ocrx_word' id='word_1_639' title='bbox 1915 2542 1988 2581; x_wconf 90' lang='lat' dir='ltr'>ipsa</span> <span class='ocrx_word' id='word_1_640' title='bbox 2005 2543 2099 2572; x_wconf 86' lang='lat' dir='ltr'>vacat</span> <span class='ocrx_word' id='word_1_641' title='bbox 2118 2542 2159 2572; x_wconf 90' lang='lat' dir='ltr'>ad</span> <span class='ocrx_word' id='word_1_642' title='bbox 2173 2549 2326 2581; x_wconf 87' lang='lat' dir='ltr'>presens,</span> 
     </span>
     <span class='ocr_line' id='line_1_97' title="bbox 1317 2595 2331 2636; baseline -0.003 -8"><span class='ocrx_word' id='word_1_643' title='bbox 1317 2607 1392 2628; x_wconf 82' lang='lat' dir='ltr'>cnm</span> <span class='ocrx_word' id='word_1_644' title='bbox 1411 2597 1569 2628; x_wconf 88' lang='lat' dir='ltr'>omnibus</span> <span class='ocrx_word' id='word_1_645' title='bbox 1586 2596 1720 2636; x_wconf 88' lang='lat' dir='ltr'>juribus</span> <span class='ocrx_word' id='word_1_646' title='bbox 1737 2598 1768 2626; x_wconf 88' lang='lat' dir='ltr'>et</span> <span class='ocrx_word' id='word_1_647' title='bbox 1786 2595 2003 2635; x_wconf 85' lang='lat' dir='ltr'>pertinentiis</span> <span class='ocrx_word' id='word_1_648' title='bbox 2025 2595 2098 2625; x_wconf 84' lang='lat' dir='ltr'>suis</span> <span class='ocrx_word' id='word_1_649' title='bbox 2117 2595 2178 2625; x_wconf 85' lang='lat' dir='ltr'>tibi</span> <span class='ocrx_word' id='word_1_650' title='bbox 2196 2597 2331 2634; x_wconf 81' lang='lat' dir='ltr'>aposto-</span> 
     </span>
     <span class='ocr_line' id='line_1_98' title="bbox 1318 2648 2330 2687; baseline -0.004 -5"><span class='ocrx_word' id='word_1_651' title='bbox 1318 2652 1382 2682; x_wconf 88' lang='lat' dir='ltr'>lica</span> <span class='ocrx_word' id='word_1_652' title='bbox 1411 2651 1610 2681; x_wconf 75' lang='lat' dir='ltr'>auctoritate</span> <span class='ocrx_word' id='word_1_653' title='bbox 1639 2650 1846 2680; x_wconf 82' lang='lat' dir='ltr'>conferimus</span> <span class='ocrx_word' id='word_1_654' title='bbox 1877 2651 1908 2679; x_wconf 89' lang='lat' dir='ltr'>et</span> <span class='ocrx_word' id='word_1_655' title='bbox 1935 2649 1975 2679; x_wconf 90' lang='lat' dir='ltr'>de</span> <span class='ocrx_word' id='word_1_656' title='bbox 2002 2648 2073 2678; x_wconf 90' lang='lat' dir='ltr'>illis</span> <span class='ocrx_word' id='word_1_657' title='bbox 2100 2648 2330 2687; x_wconf 81' lang='lat' dir='ltr'>providemus,</span> 
     </span>
     <span class='ocr_line' id='line_1_99' title="bbox 1318 2702 2329 2743; baseline -0.005 -8"><span class='ocrx_word' id='word_1_658' title='bbox 1318 2714 1353 2735; x_wconf 84' lang='lat' dir='ltr'>ac</span> <span class='ocrx_word' id='word_1_659' title='bbox 1369 2707 1400 2735; x_wconf 90' lang='lat' dir='ltr'>te</span> <span class='ocrx_word' id='word_1_660' title='bbox 1417 2705 1457 2735; x_wconf 90' lang='lat' dir='ltr'>de</span> <span class='ocrx_word' id='word_1_661' title='bbox 1475 2704 1559 2743; x_wconf 88' lang='lat' dir='ltr'>ipsis</span> <span class='ocrx_word' id='word_1_662' title='bbox 1589 2704 1691 2734; x_wconf 83' lang='lat' dir='ltr'>etiam</span> <span class='ocrx_word' id='word_1_663' title='bbox 1710 2702 1962 2742; x_wconf 85' lang='lat' dir='ltr'>presentialiter</span> <span class='ocrx_word' id='word_1_664' title='bbox 1989 2710 2048 2740; x_wconf 83' lang='lat' dir='ltr'>per</span> <span class='ocrx_word' id='word_1_665' title='bbox 2066 2704 2219 2731; x_wconf 84' lang='lat' dir='ltr'>nostrum</span> <span class='ocrx_word' id='word_1_666' title='bbox 2247 2709 2329 2731; x_wconf 87' lang='lat' dir='ltr'>anu-</span> 
     </span>
     <span class='ocr_line' id='line_1_100' title="bbox 1317 2754 2331 2794; baseline -0.004 -6"><span class='ocrx_word' id='word_1_667' title='bbox 1317 2759 1387 2788; x_wconf 87' lang='lat' dir='ltr'>lum</span> <span class='ocrx_word' id='word_1_668' title='bbox 1416 2757 1630 2788; x_wconf 83' lang='lat' dir='ltr'>investimus.</span> <span class='ocrx_word' id='word_1_669' title='bbox 1648 2756 1746 2792; x_wconf 64' lang='grc'><strong>00011</strong></span> <span class='ocrx_word' id='word_1_670' title='bbox 1771 2756 1799 2785; x_wconf 85' lang='lat' dir='ltr'>si</span> <span class='ocrx_word' id='word_1_671' title='bbox 1825 2755 1910 2785; x_wconf 84' lang='lat' dir='ltr'>forte</span> <span class='ocrx_word' id='word_1_672' title='bbox 1938 2754 2132 2794; x_wconf 88' lang='lat' dir='ltr'>hujusmodi</span> <span class='ocrx_word' id='word_1_673' title='bbox 2161 2754 2331 2793; x_wconf 81' lang='lat' dir='ltr'>prebenda</span> 
     </span>
     <span class='ocr_line' id='line_1_101' title="bbox 1318 2807 2330 2849; baseline -0.005 -8"><span class='ocrx_word' id='word_1_674' title='bbox 1318 2820 1405 2841; x_wconf 87' lang='lat' dir='ltr'>nunc</span> <span class='ocrx_word' id='word_1_675' title='bbox 1425 2811 1457 2841; x_wconf 93' lang='lat' dir='ltr'>in</span> <span class='ocrx_word' id='word_1_676' title='bbox 1473 2810 1645 2849; x_wconf 86' lang='lat' dir='ltr'>sepedicta</span> <span class='ocrx_word' id='word_1_677' title='bbox 1661 2809 1804 2840; x_wconf 85' lang='lat' dir='ltr'>ecclesia</span> <span class='ocrx_word' id='word_1_678' title='bbox 1817 2807 2040 2839; x_wconf 82' lang='lat' dir='ltr'>Ambianensi</span> <span class='ocrx_word' id='word_1_679' title='bbox 2059 2816 2124 2838; x_wconf 90' lang='lat' dir='ltr'>non</span> <span class='ocrx_word' id='word_1_680' title='bbox 2141 2809 2247 2841; x_wconf 83' lang='lat' dir='ltr'>vacat,</span> <span class='ocrx_word' id='word_1_681' title='bbox 2267 2815 2330 2837; x_wconf 90' lang='lat' dir='ltr'>nos</span> 
     </span>
     <span class='ocr_line' id='line_1_102' title="bbox 1317 2861 2328 2904; baseline -0.002 -12"><span class='ocrx_word' id='word_1_682' title='bbox 1317 2864 1523 2904; x_wconf 85' lang='lat' dir='ltr'>prehendam</span> <span class='ocrx_word' id='word_1_683' title='bbox 1541 2863 1650 2902; x_wconf 88' lang='lat' dir='ltr'>primo</span> <span class='ocrx_word' id='word_1_684' title='bbox 1669 2863 1702 2892; x_wconf 93' lang='lat' dir='ltr'>in</span> <span class='ocrx_word' id='word_1_685' title='bbox 1728 2862 1845 2893; x_wconf 85' lang='lat' dir='ltr'>eadem</span> <span class='ocrx_word' id='word_1_686' title='bbox 1864 2861 2007 2892; x_wconf 86' lang='lat' dir='ltr'>ecelesia</span> <span class='ocrx_word' id='word_1_687' title='bbox 2030 2862 2238 2892; x_wconf 80' lang='lat' dir='ltr'>vacaturam.</span> <span class='ocrx_word' id='word_1_688' title='bbox 2263 2868 2328 2899; x_wconf 84' lang='lat' dir='ltr'>que</span> 
     </span>
     <span class='ocr_line' id='line_1_103' title="bbox 1316 2913 2329 2957; baseline -0.004 -10"><span class='ocrx_word' id='word_1_689' title='bbox 1316 2919 1354 2949; x_wconf 83' lang='lat' dir='ltr'>de</span> <span class='ocrx_word' id='word_1_690' title='bbox 1368 2918 1442 2957; x_wconf 81' lang='lat' dir='ltr'>jure</span> <span class='ocrx_word' id='word_1_691' title='bbox 1460 2917 1546 2947; x_wconf 87' lang='lat' dir='ltr'>nulli</span> <span class='ocrx_word' id='word_1_692' title='bbox 1562 2917 1620 2947; x_wconf 82' lang='lat' dir='ltr'>alii</span> <span class='ocrx_word' id='word_1_693' title='bbox 1633 2916 1807 2949; x_wconf 82' lang='lat' dir='ltr'>debeatur,</span> <span class='ocrx_word' id='word_1_694' title='bbox 1825 2914 2063 2945; x_wconf 84' lang='lat' dir='ltr'>conferendam</span> <span class='ocrx_word' id='word_1_695' title='bbox 2080 2913 2142 2944; x_wconf 90' lang='lat' dir='ltr'>tibi</span> <span class='ocrx_word' id='word_1_696' title='bbox 2154 2913 2329 2943; x_wconf 87' lang='lat' dir='ltr'>donationi</span> 
     </span>
    </p>
   </div>
  </div>
 </body>
</html>
