2519 3262
216 227 272 256 148

771 309 895 342 Orvieto,
909 311 925 337 3
939 310 1052 345 janvier
1071 311 1146 338 1264.

305 311 401 342 1216

250 394 385 427 Magistro
410 394 536 427 Nicoma,
555 394 631 420 dieto
650 395 810 424 Limirelier,
828 394 931 421 clerieo
949 395 1138 422 'tornacensis
1163 396 1220 423 ‹lio-

213 442 297 473 cesis,
318 443 518 469 canonicatum
543 442 670 469 ccclesia·
695 443 884 470 Tornacensis
903 451 968 470 cum
989 445 1141 478 pra—benda
1158 453 1220 471 con-

215 490 277 517 fert.
296 491 373 523 (Rea.
389 492 432 522 29,
451 490 497 517 sol.
517 491 551 517 (14
569 497 603 523 νο,
620 497 650 517 11⁰
668 491 743 523 264.)

252 611 266 629 t(
279 600 426 639 Mayislro
437 600 574 636 Νἰεοῖαο,
589 600 669 629 divio
680 601 884 637 Limirelier,
900 601 936 631 de
953 602 1219 637 Tornaco,clurico

211 652 390 682 venerabilis
401 653 530 692 fratris,
547 676 552 681 .
572 653 669 682 nostri
688 653 888 684 Tornacensis
905 655 1050 695 episcopi.
1070 656 1110 686 Et
1129 656 1156 685 si
1179 656 1219 686 ad

210 724 258 734 —.
273 706 492 736 Attendentes
505 707 607 745 igitur
619 707 789 738 laudabile
802 708 1036 739 testimonium
1053 709 1141 748 quod
1157 709 1217 739 tibi

211 759 250 789 de
271 759 461 789 litterarum
490 760 642 795 scientia,
661 760 835 791 honestate
854 761 922 792 vite
945 763 977 792 et
1004 761 1102 792 bonis
1118 762 1219 792 mori-

210 811 272 841 bus
303 811 508 850 perhibetur,
535 821 571 842 ac
600 814 631 843 te
660 815 731 843 tum
764 815 901 852 propter
927 815 998 849 hoc,
1020 816 1090 845 tuni
1116 815 1216 845 etiam

210 864 346 894 obtentu
365 865 568 895 venerabilis
586 865 703 896 fratris
717 867 824 897 nostri
843 891 848 895 .
867 892 872 897 .
893 868 1119 898 'l‘ornacensis
1132 868 1219 906 epis-

209 917 293 956 copi,
322 927 380 956 pro
403 919 435 948 te
455 918 553 948 nobis
572 927 632 957 per
649 927 729 949 suas
745 919 876 950 litteras
894 920 1012 951 devote
1028 930 1064 951 ac
1080 921 1217 951 humili-

209 972 258 1001 ter
273 971 510 1009 supplicantis,
524 971 664 1010 speciali
685 972 793 1012 gratia
810 975 1064 1012 prosequentes,
1084 975 1216 1005 canoni-

208 1025 318 1054 catum
353 1024 494 1055 ecclesie
521 1025 747 1056 Tornacensis
778 1035 815 1056 ac
845 1026 1050 1066 prebendam
1088 1028 1117 1057 si
1151 1037 1216 1067 qua

207 1075 331 1107 ibidem
352 1078 446 1108 vacat
465 1077 505 1108 ad
529 1087 680 1116 presens,
699 1087 773 1109 cum
790 1079 1000 1117 plenitudine
1014 1080 1103 1119 juris
1121 1090 1217 1111 cauo-

207 1129 284 1165 nici,
310 1130 509 1160 auctoritate
534 1131 721 1170 apostolica
737 1131 776 1162 de
803 1132 912 1171 gratia
929 1132 990 1163 tibi
1009 1133 1216 1165 conferimus

207 1183 347 1222 speciali
372 1183 500 1223 tibique
528 1184 745 1223 providemus
771 1185 809 1215 de
837 1186 908 1216 illis
939 1188 970 1217 et
998 1186 1038 1217 de
1055 1187 1141 1226 ipsis
1157 1196 1217 1227 per

206 1238 358 1267 nostrum
387 1237 526 1267 anulum
545 1238 796 1276 presentialiter
818 1238 1033 1269 investimus.
1051 1240 1215 1280 Alioquin

206 1289 411 1328 prebendam
428 1290 461 1320 in
478 1291 595 1321 eadem
614 1291 756 1321 ecclesia
772 1292 928 1330 proximo
948 1293 1143 1323 vacaturam
1160 1294 1214 1324 do-

206 1343 335 1373 nationi
365 1343 549 1382 apostolice
568 1345 792 1380 reservantes,
811 1344 872 1375 tibi
891 1346 1060 1384 quamcito
1078 1355 1215 1376 vacave-

206 1395 262 1430 rit,
275 1396 525 1432 conferendam,
543 1396 757 1427 decernimus
770 1397 905 1427 irrItum
918 1398 1058 1429 etinane
1075 1399 1104 1428 si
1116 1408 1214 1429 secus

205 1448 245 1477 de
272 1448 466 1487 hujusmodi
498 1449 667 1487 prebenda
694 1450 872 1489 contigerit
899 1451 1104 1489 attemptari.
1138 1451 1214 1481 Non

206 1500 359 1531 obstante
372 1520 421 1530 ——.
440 1502 533 1532 Nulli
551 1511 628 1541 ergo
644 1505 757 1533 nostre
772 1503 975 1539 collationis,
994 1504 1211 1542 provisionis,

204 1552 416 1589 investiture,
445 1555 687 1586 reservationis
716 1557 748 1586 et
766 1556 1046 1593 confirmationis,
1066 1559 1127 1587 etc.
1149 1558 1213 1587 Da-

204 1608 274 1636 tum
301 1607 389 1645 apud
418 1607 705 1644 Urbemveterem,
736 1619 770 1638 ιιι
801 1618 904 1640 nonas
933 1610 1092 1648 januarii,
1126 1620 1212 1640 anno

203 1659 312 1690 tertio.
336 1670 349 1689 ιι

297 1873 387 1902 1217

742 1873 865 1906 Orvieto,
883 1875 917 1900 23
930 1873 1044 1909 janvicr
1064 1875 1139 1901 1202.

238 1959 376 1985 Abbatcm
397 1968 418 1986 s.
431 1960 538 1986 Nicolai
552 1961 585 1986 de
601 1961 693 1987 I'ratis
706 1961 787 1995 juxta
805 1962 963 1988 Turnacum
982 1965 1007 1988 et
1026 1963 1210 1997 praepositum

202 2007 329 2034 ecclesia)
349 2016 370 2033 S.
387 2008 522 2034 Germani
546 2009 715 2041 Mauccusis,
745 2010 962 2036 Cameracensis
986 2010 1119 2044 diocesis,
1141 2021 1211 2046 pra*-

202 2055 283 2083 dictae
297 2056 460 2083 ‹·011ati011is
475 2060 639 2084 executores
653 2059 780 2092 deputat.
802 2059 875 2093 tunc.
893 2060 937 2093 ΞΕ),
960 2059 1006 2086 sol.
1028 2061 1074 2092 515,
1094 2066 1123 2086 ιιο
1136 2062 1210 2095 205.)

241 2178 254 2195 ι(
274 2167 385 2197 Abbati
414 2169 512 2197 sancti
542 2167 663 2198 Nic-olai
691 2168 726 2197 de
744 2168 850 2198 Pratis
865 2169 960 2207 jumen
991 2169 1158 2200 Turnacum
1184 2177 1210 2200 et

197 2221 354 2260 preposito
372 2221 496 2252 ecclesie
514 2222 613 2251 sancei
629 2221 772 2251 Germani
789 2223 966 2259 Maur-ensis,
985 2223 1211 2254 Cameracensis

200 2272 334 2303 diocesis.
353 2274 394 2304 Et
414 2274 442 2304 si
468 2275 507 2304 ad
526 2275 756 2313 provisionem
771 2277 832 2305 etc.
852 2284 959 2315 usque
973 2277 1207 2308 testimonium

200 2327 288 2366 quod
306 2327 428 2357 dilecto
443 2327 524 2362 filio,
540 2328 628 2357 dicto
648 2328 834 2364 Lendreher,
849 2329 888 2359 de
903 2330 1066 2363 Tornaeo,
1086 2331 1207 2361 clerico

198 2379 404 2410 venerabilis
432 2380 549 2411 fratris
585 2381 690 2411 nostri
719 2405 723 2410 .
748 2405 753 2410 .
785 2382 1009 2413 'l‘ornacensis
1043 2384 1205 2422 episcopi,

199 2433 272 2468 etc„
291 2434 327 2462 ut
350 2441 453 2472 supra
471 2433 504 2463 in
532 2434 698 2471 proxima,
725 2434 838 2464 verbis
856 2437 1084 2474 competenter
1102 2439 1207 2467 muta-

197 2485 253 2521 tis,
273 2494 379 2524 usque
396 2486 627 2517 constitutum.
647 2487 811 2522 Quocirca
826 2488 1027 2519 mandamus
1046 2490 1206 2528 quatinus

197 2546 256 2567 vos
275 2538 326 2568 vcl
350 2539 434 2568 alter
454 2541 603 2569 vestrum
622 2548 681 2577 per
697 2549 756 2570 vos
774 2541 826 2571 vel
845 2549 904 2579 per
921 2542 1027 2572 alium
1048 2544 1103 2572 aut
1121 2544 1206 2574 alios

197 2591 338 2621 eundem
352 2592 551 2630 magistrum
565 2593 744 2623 Nicolaum
761 2593 813 2624 vel
826 2596 1077 2632 procuratorem
1093 2604 1203 2633 suum,

197 2643 269 2681 ejus
288 2645 432 2678 nomine,
446 2645 478 2674 in
495 2646 748 2684 possessionem
764 2647 816 2677 vel
832 2647 929 2686 quasi
946 2648 1088 2686 predicti
1106 2658 1203 2679 cano-

197 2697 328 2727 nicatus
352 2706 388 2727 ac
406 2697 587 2736 prebende,
606 2699 634 2728 si
651 2708 716 2737 qua
734 2699 766 2729 iu
784 2700 935 2738 predicta
951 2701 1106 2735 ecclesia,
1120 2704 1205 2732 tem-

196 2756 276 2787 pore
295 2749 487 2788 hujusmodi
508 2751 701 2781 collationis
719 2753 844 2788 nostre,
866 2751 1017 2788 vacabat,
1036 2753 1204 2784 inducatis

196 2804 225 2831 et
241 2801 430 2832 defendatis
448 2803 632 2838 inductum,
652 2804 812 2834 facientes
825 2814 900 2835 eum
917 2805 969 2835 vel
987 2805 1112 2836 dictum
1130 2815 1203 2845 prr·
1229 2816 1230 2819 ¹

195 2857 382 2885 curatorem
407 2864 465 2894 pro
496 2856 567 2894 ipso
597 2857 629 2886 iu
656 2858 770 2887 eadem
789 2858 930 2888 ecclesia
954 2858 987 2888 in
1005 2859 1201 2890 canonicum

196 2908 298 2946 recipi
314 2910 345 2938 et
364 2908 396 2938 in
418 2908 566 2939 fratrem.
585 2910 677 2945 Quod
697 2910 737 2945 si,
756 2912 906 2949 tempore
925 2911 1116 2941 collationis
1133 2921 1201 2951 pre-
1227 2922 1228 2939 ι

968 227 1210 259 REGISTRES
1238 229 1449 260 D'URBAIN
1478 230 1535 260 IV.

1279 313 1377 349 dicte,
1402 313 1516 352 aliqua
1533 313 1701 352 prebenda
1717 323 1782 345 non
1800 315 1939 345 vacabat
1962 316 1996 345 in
2014 316 2156 346 ecclesia
2173 326 2287 357 supra-

1278 366 1378 401 dicta,
1399 366 1487 396 dicto
1514 367 1676 405 magistro
1696 368 1748 398 vel
1765 368 1873 398 eidem
1902 370 2110 407 procuratori
2134 379 2194 408 pro
2214 371 2287 410 ipso

1278 419 1317 449 de
1338 418 1506 457 prebenda
1527 420 1553 449 si
1576 421 1670 450 vacat
1687 421 1728 450 ad
1753 429 1894 459 presens
1916 421 1948 450 in
1967 421 2055 452 dicta
2072 422 2214 453 ecclesia
2235 424 2287 454 vel

1278 472 1531 511 quamprimum
1550 473 1590 502 ad
1617 473 1649 503 id
1677 473 1837 503 obtulerit
1867 482 1902 504 se
1928 474 2082 510 facultas,
2110 476 2290 513 providere

1278 525 1415 562 curetis,
1444 534 1509 555 non
1529 525 1745 556 obstantibus
1770 529 1832 556 ete.
1854 536 1961 566 usque
1988 527 2144 565 impediri
2178 529 2287 559 valeat

1277 578 1331 608 vel
1356 578 1497 608 differri.
1514 578 1784 610 Contradictores
1811 582 1872 610 etc.
1898 588 2006 619 usque
2033 582 2289 619 compescendo.

1277 632 1401 661 Datum
1433 632 1521 670 apud
1549 632 1836 669 Urbemvet.erern⁵
1866 642 1886 662 x
1921 633 2083 663 kalendas
2114 633 2288 670 februarii,

1277 693 1364 714 anno
1381 685 1492 715 tertio.
1512 695 1525 713 ι)

1821 900 1945 931 (trxicto,
1966 901 1996 928 18
2006 900 2121 936 janvier
2134 901 2213 928 1204.

1368 902 1463 931 1218

1311 988 1431 1015 Jelianni
1452 990 1486 1015 de
1503 989 1622 1018 Taum-0,
1642 988 1884 1015 rectoriecclesim
1900 990 1933 1015 de
1949 989 2124 1020 (iurtiniaco,
2145 990 2287 1017 senonen-

1276 1038 1315 1064 sis
1333 1038 1465 1070 diocesis,
1495 1038 1598 1064 clerico
1629 1040 1655 1064 et
1678 1037 1815 1064 familiari
1842 1038 2010 1073 apostolico.
2036 1039 2239 1065 canonicatum
2261 1042 2288 1067 et

1275 1087 1459 1121 praebendam
1491 1086 1645 1113 Mcldensis
1674 1087 1804 1115 ecclesia]
1835 1086 1955 1115 confert.
1985 1087 2063 1117 «linc.
2091 1088 2135 1120 29,
2165 1087 2214 1115 sol.
2242 1088 2289 1120 95,

1275 1141 1304 1162 n⁰
1319 1136 1393 1170 206.)

1315 1257 1330 1276 (ι
1349 1247 1485 1276 ,ΙοΙιανιιιῐ
1502 1247 1537 1276 cle
1558 1246 1687 1282 Taum-0,
1705 1247 1815 1276 rectori
1833 1246 1955 1275 ecclesie
1971 1247 2006 1276 cle
2026 1247 2215 1282 Cen-riniaco,
2234 1248 2287 1277 Se-

1274 1300 1412 1330 nonensis
1429 1300 1567 1335 diocesis,
1584 1299 1691 1329 clerico
1702 1304 1729 1328 et
1744 1299 1900 1338 familiari
1917 1305 2030 1330 nostro.
2051 1300 2195 1339 Speciali
2214 1309 2286 1339 gra—

1273 1354 1320 1384 tia
1338 1354 1369 1383 et
1387 1371 1436 1382 -.
1454 1353 1601 1383 Proinde
1628 1353 1796 1391 siquidem
1820 1353 1972 1383 volentes
1992 1353 2053 1383 tibi
2079 1354 2220 1392 gratiam
2242 1354 2288 1384 sa-

1273 1415 1347 1437 cere
1376 1406 1570 1445 specialem,
1591 1405 1825 1436 canonicatum
1844 1406 1983 1436 ecclesie
2007 1406 2194 1436 Meldensis
2209 1415 2285 1437 cum

1273 1459 1483 1499 plenitudine
1510 1459 1598 1497 juris
1616 1459 1767 1489 canonici
1798 1468 1834 1489 ac
1862 1459 2068 1498 prebendam
2095 1468 2159 1489 non
2179 1468 2288 1490 sacer-

1274 1513 1421 1544 dotalem
1433 1513 1609 1551 integram,
1631 1513 1659 1542 si
1675 1512 1878 1551 quaibidern
1896 1516 1990 1542 vacat
2003 1513 2044 1542 ad
2061 1521 2212 1551 presens,
2225 1512 2286 1543 tibi

1274 1566 1480 1597 conferimus
1507 1565 1635 1604 tibique
1660 1566 1879 1604 providemus
1905 1565 1945 1595 de
1971 1566 2042 1595 illis
2074 1568 2104 1596 et
2134 1566 2173 1596 de
2199 1566 2285 1604 ipsis

1273 1629 1332 1659 per
1361 1621 1514 1650 nostrum
1548 1618 1688 1655 anulum
1722 1619 1975 1657 presentialiter
2008 1619 2222 1649 investimus.
2249 1619 2285 1650 Si

1273 1682 1351 1704 vero
1377 1673 1460 1703 inibi
1482 1673 1597 1711 aliqua
1618 1672 1749 1710 integra
1772 1671 1941 1710 prebenda
1960 1681 2024 1702 non
2042 1677 2135 1702 vacat
2153 1673 2194 1702 ad
2210 1681 2284 1712 pre-

1273 1736 1363 1763 sens,
1390 1725 1595 1765 prebendam
1622 1726 1785 1763 integram
1806 1734 1871 1755 non
1894 1725 2137 1755 sacerdotalem
2156 1725 2283 1756 ibidem

1272 1780 1428 1819 proximo
1445 1781 1637 1809 vacaturam
1658 1778 1894 1808 conserendam
1913 1778 1975 1808 tibi
1998 1779 2171 1809 donationi
2189 1787 2286 1818 apos-

1271 1834 1371 1864 tolice
1390 1841 1617 1866 reservamusv
1639 1841 1675 1862 ac
1697 1832 1910 1862 decernimus
1936 1832 2069 1863 irritum
2087 1835 2119 1862 et
2137 1833 2235 1863 inane
2254 1833 2284 1863 si

1272 1896 1370 1917 secus
1397 1887 1437 1916 de
1463 1886 1632 1924 prebenda
1657 1885 1851 1923 hujusmodi
1881 1885 2067 1924 apostolica
2093 1886 2145 1916 vel
2163 1886 2283 1924 quavis

1271 1940 1469 1971 auctoritate
1498 1939 1675 1977 contigerit
1709 1939 1915 1977 attemptari.
1943 1939 2017 1969 Non
2045 1938 2199 1969 obstante
2231 1957 2279 1968 -.

1270 1993 1365 2023 Nulli
1379 2000 1457 2031 ergo
1477 1994 1590 2021 nostre
1608 1991 1809 2026 collationis,
1829 1991 2047 2030 provisionis,
2068 1992 2282 2030 investiture,

1270 2045 1512 2076 reservationis
1541 2047 1571 2074 et
1596 2044 1849 2074 constitutionis
1873 2047 1934 2074 etv.
1961 2045 2084 2074 Datum
2109 2045 2197 2083 apud
2223 2045 2284 2075 1⁷1·-

1269 2100 1508 2135 bemveterem,
1527 2108 1568 2128 xv
1584 2099 1747 2128 kalendas
1765 2098 1938 2133 februarii,
1959 2107 2044 2128 anno
2064 2099 2173 2129 tertio.
2196 2110 2209 2127 ι»

1808 2317 1932 2349 orvieto,
1954 2319 1983 2344 w
2000 2317 2113 2353 jauvicr
2130 2318 2207 2345 1204.

1362 2319 1455 2349 1219

1303 2406 1432 2433 l'riorciu
1450 2416 1473 2432 s,
1489 2406 1594 2432 .Ιιι1ι“;ιιι”ι
1615 2406 1783 2440 l'aupcriset
1803 2406 1976 2439 magistrum
1995 2406 2280 2439 tlt1g-0ucm.dictum

1268 2456 1457 2489 Buryumlum.
1476 2454 1646 2481 o-uouicum
1662 2455 1791 2481 ctu-lestap
1808 2464 1829 2481 s.
1853 2454 1982 2481 §lodovici
2008 2455 2186 2482 l'arisiensis.
2209 2462 2280 2489 prm-

1264 2503 1348 2530 dictw
1378 2503 1542 2530 coll-allonis
1572 2504 1687 2537 deputat
1718 2506 1893 2529 executores.
1925 2503 2002 2531 ‹lte-1.
2031 2507 2074 2530 ω,
2105 2503 2152 2530 l‘ol.
2182 2505 2217 2531 95
2238 2507 2280 2535 νο,

1266 2558 1296 2579 11⁰
1314 2554 1390 2585 207.)

1306 2677 1319 2691 ιι
1352 2664 1457 2693 Priori
1493 2664 1528 2693 S.

1264 2717 1345 2747 dicto
1385 2717 1579 2756 Burgundo,
1609 2718 1754 2747 canonico
1783 2717 1905 2747 run-lesio
1939 2718 1973 2748 S.
2006 2718 2153 2747 ,tlcderivi
2183 2718 2279 2748 Puri·

1262 2771 1381 2800 sicnsis.
1405 2770 1551 2809 Speciali
1578 2771 1685 2809 gratia
1711 2773 1739 2801 et
1761 2788 1809 2798 -i
1833 2771 1955 2801 Datum
1981 2772 2066 2810 apud
2094 2771 2276 2802 Urbemve—

1263 2826 1380 2858 terem,
1399 2833 1470 2852 xuu
1491 2824 1655 2853 kalendas
1675 2824 1847 2857 februarii,
1868 2833 1953 2853 anno
1973 2825 2082 2854 tertio.
2102 2835 2115 2848 u

1562 2663 1685 2693 ,Iuliani
1715 2664 1864 2703 Pauperis
1895 2669 1921 2692 ’Ἰ
1956 2665 2102 2703 inlusisti-o
2135 2664 2277 2704 Huyoni,
