2519 3262
244 254 302 284 344

243 341 274 366 ut
301 341 415 373 praeter
443 337 596 364 ecclesiam
633 336 666 362 dc
692 333 893 365 Mum-Veteri,
921 332 1090 360 valentinae
1118 331 1253 364 diocesis,

243 387 447 422 praebendam,
464 394 535 420 quae
555 384 608 419 ipsi
632 384 751 410 debetur
774 383 802 409 in
827 383 927 409 eadem
954 381 1104 408 Valentina
1120 380 1253 411 ecclesia,

243 435 368 470 recipere
385 438 413 462 ct
427 435 549 461 retinere
568 433 671 460 valeat.
689 433 770 468 (itae.
786 433 830 463 29,
849 431 898 458 fol.
919 432 970 458 222
986 436 1024 461 v0,
1042 435 1072 456 n⁰
1092 429 1181 462 1180.)

282 551 297 571 ‹(
318 541 425 571 Priori
439 540 474 570 de
493 540 653 575 Albalaco,
674 539 823 569 canonico
845 536 966 567 ecclesie
988 535 1159 567 Valentine.
1182 536 1253 566 Tue

243 594 432 625 devotionis
460 594 581 624 merita
598 609 647 623 —.
666 593 791 623 Datum
812 591 901 630 apud
923 590 1213 623 Urbemveterem,
1235 597 1254 618 v

244 647 406 677 kalendas
423 646 639 685 septembris,
658 654 745 675 anno
763 645 873 675 tertio.
902 654 917 673 i)

333 819 426 850 2131

748 816 871 847 Orvieto,
891 816 907 842 2
921 815 1084 849 septembre
1103 814 1180 841 1264.

280 904 392 930 Decano
415 901 552 929 ecclesiae
571 901 599 928 in
621 901 765 935 Limporc,
782 899 965 927 Treverensis
984 898 1117 931 diocesis,
1135 899 1255 925 mandat

243 954 273 979 ut
288 952 475 981 Guarnerum,
488 958 644 985 pauperem
659 949 797 977 clericum
811 950 845 976 de
854 948 1072 982 Westerburch,
1089 948 1118 975 in
1133 947 1255 974 ccclesia

243 1001 435 1028 Gemundensi
456 999 485 1026 in
502 999 673 1026 canonicum
700 998 789 1033 recipi
815 998 902 1025 faciat
930 998 1010 1033 eique
1037 998 1070 1024 de
1094 997 1254 1031 praebenda

244 1050 401 1084 provideat.
421 1049 500 1083 (nm.
517 1050 561 1079 29,
578 1048 627 1075 sol.
644 1048 696 1075 222
713 1052 754 1080 v0,
770 1051 801 1074 n⁰
818 1048 910 1080 1181.)

285 1164 299 1184 (t
317 1154 437 1184 Decano
455 1152 576 1183 ecclesie
601 1153 633 1182 in
649 1152 804 1192 Lz'mporc,
829 1151 1021 1182 Treverensis
1043 1150 1180 1180 diocesis.
1200 1149 1254 1180 Di-

244 1208 369 1238 lectum
388 1207 497 1237 filium
516 1206 730 1238 Guarnerum
747 1223 796 1234 —.
816 1206 942 1236 Datum
960 1204 1048 1243 apud
1073 1202 1256 1234 Urbemve-

245 1262 362 1297 terem,
380 1270 430 1290 1111
448 1268 554 1290 nonas
568 1259 783 1298 septembris,
803 1267 890 1289 anno
906 1258 1017 1289 tertio.
1039 1266 1056 1287 »

336 1434 433 1465 2132
807 1430 932 1464 Orvicto,
947 1429 1087 1466 3ojui11et
1109 1428 1183 1456 12131.

281 1517 450 1551 Praeposito
479 1516 616 1543 ecclesiae
635 1516 878 1546 Harlebeccensis‚
910 1514 1099 1542 'l'ornacensis
1121 1512 1256 1545 diocesis,

246 1566 365 1593 mandat
380 1568 409 1593 ut
427 1566 600 1601 magistrum
619 1565 784 1597 Fulconem,
805 1565 974 1592 canonicum
992 1563 1130 1591 ecclesiae
1147 1571 1170 1589 s.
1188 1562 1256 1588 Pha·

246 1614 356 1647 raildis,
382 1615 570 1641 Tornacensis
595 1615 728 1645 diocesis,
753 1614 840 1648 recipi
869 1613 953 1641 saciat
981 1613 1010 1640 in
1030 1612 1202 1639 canonicum
1229 1611 1257 1637 in

247 1664 369 1691 ecelesia
387 1664 601 1691 llarlcbeccensi
622 1664 702 1698 eique
719 1665 752 1691 de
768 1664 929 1698 praebenda
944 1662 1100 1696 provideat.
1116 1661 1194 1695 (nm.
1212 1661 1257 1693 29,

248 1714 296 1740 sol.
313 1714 365 1740 222
384 1718 422 1743 νῦ,
441 1718 472 1739 n⁰
490 1713 580 1747 1182.)

288 1827 303 1847 «
330 1818 492 1857 I’reposieo
517 1816 639 1847 ecclesie
663 1816 948 1857 Ha[r]lebeccensis,
972 1816 1171 1845 Tornacensis
1193 1816 1259 1846 dio-

248 1871 331 1902 cesis.
360 1871 491 1901 Inducti
514 1870 694 1909 probitatis
713 1870 845 1900 meritis
865 1887 912 1898 —.
938 1870 1062 1900 Datum
1084 1870 1173 1908 apud
1198 1870 1259 1901 Ur-

248 1924 489 1960 bemveterem,
509 1933 544 1953 111
563 1924 725 1954 kalendas
741 1924 887 1962 augusti,
908 1932 995 1954 aimo
1014 1923 1126 1953 tertio.
1147 1933 1163 1952 »

341 2098 383 2127 2¹
392 2098 438 2128 33
826 2094 954 2126 Orvieto,
971 2096 987 2120 ti
999 2093 1093 2129 juillet
1109 2094 1187 2121 1:364.

291 2180 421 2210 llenrico,
443 2179 575 2214 episcopo
594 2179 756 2209 Leodiensi,
774 2178 900 2213 indulget
917 2180 946 2205 ut
961 2187 976 2204 a
992 2178 1133 2205 sententia
1150 2185 1261 2204 exeom-

252 2228 460 2256 municationis
476 2228 622 2255 absolvere
642 2228 733 2255 valeat
751 2227 871 2254 clericos
888 2227 930 2254 vel
948 2226 1035 2253 laicos
1054 2227 1219 2253 Leotliensis,
1233 2230 1261 2253 et

251 2277 443 2313 Trajcctensis
467 2278 624 2307 diocesum,
639 2277 686 2311 qui
714 2277 846 2304 eamdem
870 2276 1049 2303 incurrerunt
1068 2284 1118 2310 pro
1136 2275 1261 2302 violenta
1286 2293 1287 2298 ,

253 2335 394 2354 manuum
407 2326 561 2362 injectione
574 2326 601 2352 in
617 2326 736 2353 clericos
753 2328 779 2352 et
800 2333 937 2360 personas
956 2325 1180 2357 ecclesiasticas,
1196 2332 1262 2350 ncc-

251 2382 308 2401 non
324 2383 373 2409 pro
394 2376 582 2402 ecclesiarum
611 2374 748 2401 fractione
768 2383 800 2401 ac
818 2373 906 2401 etium
934 2373 1084 2404 incendiis,
1106 2373 1262 2399 dummodo

252 2424 503 2451 transfretaverint
519 2433 583 2452 cum
597 2424 730 2458 episcopo
747 2423 789 2450 vel
799 2424 834 2450 ad
846 2424 948 2450 'l‘crrae
963 2424 1082 2450 Sanctae
1095 2430 1261 2449 succursum

252 2480 299 2499 ma
309 2481 360 2500 nus
382 2474 560 2508 porrexerint
578 2473 742 2509 adjutrices.
766 2473 842 2507 (ttae.
869 2474 913 2503 29,
934 2471 984 2499 sol.
1000 2473 1052 2499 222
1069 2476 1105 2503 κθ,
1120 2476 1148 2497 n⁰
1169 2470 1263 2504 1183.)
1287 2500 1288 2510 ¹

253 2593 258 2597 ·
295 2591 310 2611 «
331 2581 475 2617 Henrico,
491 2581 632 2621 episcopo
650 2580 820 2610 Leodicnsi.
840 2580 933 2611 Sicut
953 2588 994 2610 ex
1013 2581 1107 2619 parte
1130 2596 1178 2608 —.
1198 2579 1262 2609 Da—

255 2636 325 2665 tum
344 2634 431 2674 apud
449 2634 738 2671 Urbemveterem,
757 2643 778 2663 u
793 2642 901 2664 nonas
914 2633 1004 2673 julii,
1021 2641 1107 2663 anno
1122 2631 1234 2662 tertio.
1249 2642 1263 2661 »
1287 2639 1288 2650 ³

1287 2668 1289 2698 i
1323 2679 1346 2697 S.
1360 2670 1506 2697 Maximini
1524 2669 1719 2702 i'revcrcnsis,
1731 2668 1840 2695 ordinis
1855 2677 1877 2695 s.
1891 2667 2047 2699 Benedicti,
2064 2669 2223 2702 spectante.
2240 2666 2333 2701 provi-

343 2814 439 2845 213!ae
850 2811 974 2842 Orvieto,
993 2813 1009 2839 5
1022 2810 1092 2838 avril
1114 2811 1191 2838 1264.

291 2898 401 2924 Deeano
434 2906 455 2923 s⁴
481 2896 615 2923 Germani
638 2895 793 2923 Montensis
818 2898 846 2922 et
873 2895 1053 2922 thesaurario
1074 2904 1097 2922 s.
1120 2894 1263 2922 Yiucentii

257 2946 438 2980 Senogicnsis
468 2945 667 2978 ecclesiarum,
693 2945 910 2971 Cameracensis
938 2944 1072 2977 diocesis,
1100 2944 1214 2970 mandat
1234 2946 1263 2971 ut

995 246 1238 278 REGISTRES
1268 244 1482 276 D’URBAIN
1513 244 1570 274 IV.

1314 329 1487 364 magistrum
1516 327 1675 355 iohannem
1705 328 1739 353 de
1771 326 1903 359 Lestino,
1935 324 2072 352 clericum
2107 325 2326 352 Cameracensis

1313 378 1447 408 diocesis,
1478 378 1513 404 ab
1537 377 1671 412 episcopo
1691 375 1855 409 sabinensi,
1874 375 1918 406 0.‚
1946 383 1969 401 s.
1993 374 2110 401 Adriani
2139 374 2272 407 diacono,
2299 376 2328 401 et

1313 427 1441 462 pluribus
1465 426 1530 453 aliis
1550 425 1745 453 cardinalibus
1763 425 2014 457 commendatum,
2032 423 2061 450 in
2078 423 2201 450 ecclesia
2219 423 2325 450 Torna-

1312 476 1390 503 censi
1412 476 1440 503 in
1465 475 1635 502 canonicum
1660 475 1712 501 sub
1740 473 1953 508 exspectatione
1976 472 2155 507 praebendae
2177 471 2265 506 recipi
2287 471 2327 499 fa-

1312 525 1401 552 ciant.
1419 525 1495 559 (Rau.
1513 526 1557 555 29,
1576 524 1625 550 fol,
1645 524 1697 550 222
1712 527 1752 554 v⁰‚
1772 527 1802 549 n⁰
1819 522 1909 555 1184.)

1353 640 1367 660 «
1389 630 1510 659 Decumo
1532 640 1556 657 s.
1581 628 1726 658 Germani
1750 627 1920 657 Montensis
1944 631 1971 656 et
1996 625 2186 656 thesaurario
2209 635 2231 655 s.
2256 624 2328 655 Vin-

1314 684 1405 714 cenlii
1421 683 1618 721 Senoqiensis
1627 681 1834 718 ecclesiarum,
1853 680 2079 712 Cameracensis
2096 679 2222 709 diocesis
2252 678 2329 708 Non

1313 738 1353 769 ad
1370 746 1455 768 onus
1471 755 1520 767 —.
1532 737 1656 767 Datum
1675 736 1764 775 apud
1777 734 2066 770 Urbemveterem,
2078 733 2177 764 nonis
2195 732 2326 772 aprilis,

1280 796 1282 805 ⁴
1314 800 1400 822 anno
1416 791 1524 822 tertio.
1543 799 1560 820 ))

1405 957 1501 988 213ὲί
1903 951 2029 983 Orvicto,
2042 952 2074 978 31
2093 952 2159 977 aont
2179 950 2256 977 1202.

1350 1040 1441 1067 Priori
1455 1039 1621 1074 Fuliginati,
1636 1038 1789 1065 Perusinae
1805 1037 1939 1069 diocesis,
1957 1036 2077 1062 mandat
2092 1035 2247 1070 compellat
2262 1035 2330 1069 Spo-

1314 1089 1442 1116 letanum
1458 1089 1623 1123 episcopum
1640 1090 1667 1114 ut
1691 1087 1830 1114 Rainaldo
1852 1086 1956 1113 clerieo
1975 1086 2010 1111 de
2034 1085 2158 1120 quodam
2180 1083 2330 1111 ecclesias-

1313 1138 1369 1165 tico
1397 1137 1535 1165 beneficio
1559 1136 1716 1172 provideat.
1738 1136 1819 1169 (nm.
1840 1135 1884 1165 29,
1905 1135 1952 1161 sol.
1972 1136 2025 1161 222
2043 1140 2080 1166 v⁰‚
2099 1138 2130 1160 n⁰
2148 1134 2217 1162 1184
2238 1133 2302 1164 bis.)
2319 1132 2327 1149 ¹

1355 1258 1369 1277 «
1391 1270 1397 1276 .
1414 1271 1420 1276 .
1437 1247 1540 1287 priori
1555 1247 1739 1286 Fuliqinaei‚
1761 1246 1906 1276 Perusiae
1919 1245 2058 1275 diocesis.
2077 1246 2143 1275 Sua
2165 1244 2263 1275 nobis
2281 1244 2330 1275 di-

1314 1301 1391 1331 lecti
1424 1301 1486 1330 filii
1515 1300 1677 1339 magister
1700 1301 1732 1330 et
1757 1300 1879 1330 fratres
1910 1299 2040 1330 ordinis
2065 1297 2186 1328 Militie
2214 1306 2242 1328 s.
2273 1298 2330 1328 Ja-

1315 1353 1388 1385 cobi
1401 1354 1564 1392 petitione
1578 1354 1811 1384 monstrarunt.
1826 1353 1927 1392 quod,
1938 1361 2014 1382 cum
2029 1351 2172 1382 ecclesia
2186 1359 2213 1381 s.
2224 1351 2330 1382 Marie

1315 1408 1355 1438 de
1378 1408 1563 1444 Montione,
1582 1407 1764 1446 Spoletane
1791 1406 1950 1440 diocesis,
1966 1405 2008 1435 ad
2027 1405 2154 1435 dictum
2177 1404 2329 1435 ordinem

1315 1461 1485 1500 pertinere
1510 1462 1680 1496 noscatur,
1701 1460 1741 1490 de
1759 1460 1855 1499 cujus
1878 1458 2102 1498 proventibus
2128 1457 2328 1495 Rainaldus,

1316 1515 1460 1545 clericus
1478 1515 1588 1553 ipsius
1601 1514 1742 1544 ecclesie
1761 1521 1876 1543 curam
1895 1520 2027 1551 gerens,
2047 1511 2146 1542 debet
2164 1512 2330 1541 sustenta·

1317 1568 1445 1599 tionem
1485 1567 1670 1606 percipere,
1706 1567 1811 1597 donec
1839 1575 1898 1604 per
1928 1565 2159 1596 venerabilem
2192 1564 2331 1594 fratrem

1283 1655 1284 1659 ,
1318 1623 1484 1657 nostrum,
1512 1621 1732 1659 Spoletanum
1764 1620 1973 1658 episcopum,
2006 1618 2107 1648 fuerit
2128 1617 2331 1648 beneficium

1283 1705 1285 1710 .
1317 1675 1586 1706 ecclesiasticum
1619 1676 1808 1709 assecutus,
1838 1673 1926 1703 idem
1943 1672 2136 1711 episcopus,
2160 1671 2215 1710 qui
2249 1671 2331 1701 olim

1317 1728 1448 1767 prefato
1466 1728 1588 1758 clerieo
1605 1727 1644 1757 de
1661 1727 1823 1757 beneficio
1843 1726 2085 1761 ecclesiastico,
2099 1725 2138 1755 ad
2155 1733 2250 1754 suam
2269 1724 2334 1754 col-

1316 1782 1479 1812 lationem
1493 1783 1676 1820 spectante,
1695 1780 1866 1819 quamcito
1883 1788 1918 1810 se
1931 1779 2074 1809 facultas
2093 1779 2239 1812 oflerret,
2257 1786 2332 1816 pro-

1318 1835 1413 1865 misit
1433 1834 1621 1865 liberaliter
1638 1833 1825 1872 providere,
1843 1841 1878 1863 se
1897 1832 1939 1862 ad
1953 1832 1986 1862 id
2004 1841 2063 1871 per
2078 1840 2158 1862 suas
2180 1833 2333 1870 patentes

1317 1889 1449 1919 litteras
1468 1888 1660 1925 obligando,
1678 1887 1827 1917 nondum
1846 1886 1876 1916 ei
1893 1886 1934 1916 de
1952 1885 2147 1924 hujusmodi
2169 1884 2333 1915 beneficio

1318 1942 1495 1980 providere
1512 1941 1652 1972 curavit.
1672 1948 1866 1979 quanquam
1883 1938 1999 1969 babuit
2021 1938 2226 1968 facultatem.
2245 1937 2332 1972 Quo-

1318 1995 1406 2024 circa
1431 1994 1632 2024 mandamus
1649 1995 1827 2032 quatenus,
1846 1992 1875 2022 si
1893 1994 1944 2022 est
1964 1992 2020 2026 ita,
2038 1991 2227 2030 predictum
2245 1990 2331 2029 epis-

1284 2043 1286 2053 '
1318 2056 1439 2086 copum
1457 2050 1491 2077 ut
1511 2047 1619 2077 eidem
1634 2046 1755 2076 clerico
1775 2046 1814 2076 de
1832 2045 2026 2084 hujusmodi
2043 2044 2218 2079 beneficio,
2235 2044 2331 2082 juxta

1319 2101 1700 2140 promissionemsuam,
1718 2099 1904 2138 provideat,
1924 2100 1959 2129 ut
1975 2100 2121 2135 tenetur,
2147 2097 2332 2128 monitione

1319 2154 1498 2193 premissa,
1530 2153 1727 2183 auctoritate
1764 2154 1892 2185 nostra.
1928 2151 2155 2190 appellatione
2191 2152 2330 2186 remota,

1319 2207 1515 2246 compellas.
1538 2208 1661 2237 Datum
1684 2206 1772 2244 apud
1801 2205 2090 2240 Urbemveterem,
2116 2214 2137 2234 11
2168 2204 2332 2234 kalendas

1320 2260 1534 2299 septembris,
1554 2269 1639 2289 auno
1657 2259 1767 2289 tertio.
1789 2270 1803 2287 i)

1411 2439 1508 2468 213ss
1908 2434 2034 2468 omem,
2051 2436 2084 2461 27
2097 2436 2162 2461 nont
2183 2433 2259 2461 12114.

1356 2522 1523 2556 Praeposito
1543 2521 1679 2548 ccclesiae
1698 2530 1720 2548 s.
1746 2520 1859 2547 Martini
1879 2519 2046 2546 Leodiensis
2066 2520 2182 2546 mandat
2201 2521 2230 2545 ut
2247 2518 2334 2545 Theo-

1321 2571 1417 2597 derico
1442 2572 1621 2605 presbytero.
1644 2570 1739 2604 nepoti
1757 2570 1902 2596 (luillelmi
1925 2569 1959 2595 de
1983 2570 2089 2603 Cuppa,
2117 2568 2228 2595 ostiarii
2250 2576 2333 2603 apos-

1321 2620 1412 2647 tolici.
1429 2621 1463 2646 ‹le
1488 2620 1584 2654 aliquo
1604 2619 1750 2649 beneficio,
1770 2620 1804 2645 aa
1825 2618 2010 2645 collationem
2030 2618 2142 2644 abbatis
2164 2616 2333 2644 monasterii

1321 2720 1396 2746 dcat.
1411 2720 1488 2753 [Rau.
1505 2721 1549 2752 zu,
1569 2718 1619 2745 sol.
1635 2719 1697 2751 223,
1713 2723 1744 2744 n⁰
1761 2718 1849 2752 1155.)

1363 2837 1377 2856 «
1396 2851 1402 2856 .
1421 2850 1426 2856 .
1443 2827 1599 2867 preposito
1625 2825 1746 2856 ecclesie
1765 2836 1788 2856 s.
1811 2826 1940 2856 Martini
1956 2825 2142 2855 Leodiensis.
2163 2825 2332 2856 Dilectum

1354 2950 1375 2972 1.
1392 2948 1433 2972 En
1451 2956 1547 2979 margo
1563 2955 1568 2972 z
1583 2957 1592 2970 ι
1611 2948 1646 2972 De
1660 2947 1765 2971 consil-'o
1779 2946 1997 2970 ‹lominum-dani
2011 2945 2166 2970 cardinalis.
2187 2954 2196 2967 ι
