<?xml version="1.0" encoding="UTF-8"?>
<!DOCTYPE html PUBLIC "-//W3C//DTD XHTML 1.0 Transitional//EN"
    "http://www.w3.org/TR/xhtml1/DTD/xhtml1-transitional.dtd">
<html xmlns="http://www.w3.org/1999/xhtml" xml:lang="en" lang="en">
 <head>
  <title>
</title>
<meta http-equiv="Content-Type" content="text/html;charset=utf-8" />
  <meta name='ocr-system' content='tesseract 3.04.00' />
  <meta name='ocr-capabilities' content='ocr_page ocr_carea ocr_par ocr_line ocrx_word'/>
</head>
<body>
  <div class='ocr_page' id='page_1' title='image "./lesregistresdurb34cath/lesregistresdurb34cath_0423.png"; bbox 0 0 2519 3262; ppageno 0'>
   <div class='ocr_carea' id='block_1_1' title="bbox 1047 223 1476 261">
    <p class='ocr_par' dir='ltr' id='par_1_1' title="bbox 1047 223 1476 261">
     <span class='ocr_line' id='line_1_1' title="bbox 1047 223 1476 261; baseline -0.002 0"><span class='ocrx_word' id='word_1_1' title='bbox 1047 223 1287 261; x_wconf 78' lang='lat' dir='ltr'>TROISIEME</span> <span class='ocrx_word' id='word_1_2' title='bbox 1313 224 1476 261; x_wconf 71' lang='lat' dir='ltr'>ANNEE.</span> 
     </span>
    </p>
   </div>
   <div class='ocr_carea' id='block_1_2' title="bbox 217 311 1229 450">
    <p class='ocr_par' dir='ltr' id='par_1_2' title="bbox 217 311 1229 450">
     <span class='ocr_line' id='line_1_2' title="bbox 217 311 1229 351; baseline 0.002 -9"><span class='ocrx_word' id='word_1_3' title='bbox 217 311 447 351; x_wconf 75' lang='lat' dir='ltr'>Andeqavcnsis</span> <span class='ocrx_word' id='word_1_4' title='bbox 463 312 599 343; x_wconf 72' lang='lat' dir='ltr'>diocesis.</span> <span class='ocrx_word' id='word_1_5' title='bbox 618 313 817 344; x_wconf 88' lang='lat' dir='ltr'>Laudabilis</span> <span class='ocrx_word' id='word_1_6' title='bbox 834 314 1102 344; x_wconf 83' lang='lat' dir='ltr'>conversationis</span> <span class='ocrx_word' id='word_1_7' title='bbox 1120 315 1151 344; x_wconf 87' lang='lat' dir='ltr'>et</span> <span class='ocrx_word' id='word_1_8' title='bbox 1179 333 1229 344; x_wconf 93' lang='lat'>—.</span> 
     </span>
     <span class='ocr_line' id='line_1_3' title="bbox 219 365 1227 405; baseline 0 -10"><span class='ocrx_word' id='word_1_9' title='bbox 219 366 341 395; x_wconf 85' lang='lat' dir='ltr'>Datum</span> <span class='ocrx_word' id='word_1_10' title='bbox 369 366 457 405; x_wconf 84' lang='lat' dir='ltr'>apud</span> <span class='ocrx_word' id='word_1_11' title='bbox 489 365 778 401; x_wconf 88' lang='lat' dir='ltr'>Urbemveterem,</span> <span class='ocrx_word' id='word_1_12' title='bbox 796 376 816 396; x_wconf 93' lang='lat' dir='ltr'>v</span> <span class='ocrx_word' id='word_1_13' title='bbox 839 367 1001 397; x_wconf 73' lang='lat' dir='ltr'>kalendas</span> <span class='ocrx_word' id='word_1_14' title='bbox 1025 366 1227 404; x_wconf 79' lang='lat' dir='ltr'>decembris,</span> 
     </span>
     <span class='ocr_line' id='line_1_4' title="bbox 218 419 466 450; baseline 0.004 -2"><span class='ocrx_word' id='word_1_15' title='bbox 218 427 304 448; x_wconf 84' lang='lat' dir='ltr'>anno</span> <span class='ocrx_word' id='word_1_16' title='bbox 323 419 431 450; x_wconf 83' lang='lat' dir='ltr'>tertio.</span> <span class='ocrx_word' id='word_1_17' title='bbox 451 429 466 449; x_wconf 81' lang='grc'>1)</span> 
     </span>
    </p>
   </div>
   <div class='ocr_carea' id='block_1_3' title="bbox 706 593 1153 625">
    <p class='ocr_par' dir='ltr' id='par_1_3' title="bbox 706 593 1153 625">
     <span class='ocr_line' id='line_1_5' title="bbox 706 593 1153 625; baseline 0 -6"><span class='ocrx_word' id='word_1_18' title='bbox 706 593 828 625; x_wconf 83' lang='lat' dir='ltr'>Orvieto,</span> <span class='ocrx_word' id='word_1_19' title='bbox 846 594 880 620; x_wconf 85' lang='grc'>27</span> <span class='ocrx_word' id='word_1_20' title='bbox 900 593 1053 619; x_wconf 79' lang='lat' dir='ltr'>novembre</span> <span class='ocrx_word' id='word_1_21' title='bbox 1076 593 1153 620; x_wconf 79' lang='grc'><strong>1263.</strong></span> 
     </span>
    </p>
   </div>
   <div class='ocr_carea' id='block_1_4' title="bbox 306 595 404 626">
    <p class='ocr_par' dir='ltr' id='par_1_4' title="bbox 306 595 404 626">
     <span class='ocr_line' id='line_1_6' title="bbox 306 595 404 626; baseline 0.01 -1"><span class='ocrx_word' id='word_1_22' title='bbox 306 595 404 626; x_wconf 88' lang='grc'><strong>2300</strong></span> 
     </span>
    </p>
   </div>
   <div class='ocr_carea' id='block_1_5' title="bbox 210 677 1222 1004">
    <p class='ocr_par' dir='ltr' id='par_1_5' title="bbox 210 677 1222 1004">
     <span class='ocr_line' id='line_1_7' title="bbox 250 677 1219 713; baseline 0 -9"><span class='ocrx_word' id='word_1_23' title='bbox 250 678 352 705; x_wconf 68' lang='lat' dir='ltr'>Abbati</span> <span class='ocrx_word' id='word_1_24' title='bbox 367 678 401 705; x_wconf 90' lang='lat' dir='ltr'>de</span> <span class='ocrx_word' id='word_1_25' title='bbox 417 678 556 709; x_wconf 85' lang='lat' dir='ltr'>Mellinos,</span> <span class='ocrx_word' id='word_1_26' title='bbox 568 677 779 713; x_wconf 66' lang='lat' dir='ltr'>Andegavensis</span> <span class='ocrx_word' id='word_1_27' title='bbox 791 677 923 709; x_wconf 83' lang='lat' dir='ltr'>diocesis,</span> <span class='ocrx_word' id='word_1_28' title='bbox 933 679 961 704; x_wconf 81' lang='lat' dir='ltr'>et</span> <span class='ocrx_word' id='word_1_29' title='bbox 969 677 1219 712; x_wconf 74' lang='lat' dir='ltr'>archipresbytero</span> 
     </span>
     <span class='ocr_line' id='line_1_8' title="bbox 214 726 1220 761; baseline 0.001 -8"><span class='ocrx_word' id='word_1_30' title='bbox 214 726 424 761; x_wconf 71' lang='lat' dir='ltr'>Andegavensi,</span> <span class='ocrx_word' id='word_1_31' title='bbox 444 727 563 753; x_wconf 78' lang='lat' dir='ltr'>mandat</span> <span class='ocrx_word' id='word_1_32' title='bbox 578 729 608 753; x_wconf 88' lang='lat' dir='ltr'>ut</span> <span class='ocrx_word' id='word_1_33' title='bbox 625 726 798 760; x_wconf 81' lang='lat' dir='ltr'>magistrum</span> <span class='ocrx_word' id='word_1_34' title='bbox 810 726 956 761; x_wconf 81' lang='lat' dir='ltr'>Paganum</span> <span class='ocrx_word' id='word_1_35' title='bbox 973 726 1006 753; x_wconf 86' lang='lat' dir='ltr'>de</span> <span class='ocrx_word' id='word_1_36' title='bbox 1023 726 1148 757; x_wconf 86' lang='lat' dir='ltr'>Pinibus,</span> <span class='ocrx_word' id='word_1_37' title='bbox 1161 734 1220 754; x_wconf 86' lang='lat' dir='ltr'>rec-</span> 
     </span>
     <span class='ocr_line' id='line_1_9' title="bbox 213 775 1219 810; baseline 0 -8"><span class='ocrx_word' id='word_1_38' title='bbox 213 779 306 802; x_wconf 88' lang='lat' dir='ltr'>torem</span> <span class='ocrx_word' id='word_1_39' title='bbox 333 775 472 802; x_wconf 85' lang='lat' dir='ltr'>ecclesiae</span> <span class='ocrx_word' id='word_1_40' title='bbox 488 776 522 802; x_wconf 86' lang='lat' dir='ltr'>de</span> <span class='ocrx_word' id='word_1_41' title='bbox 540 775 635 807; x_wconf 87' lang='lat' dir='ltr'>Muris,</span> <span class='ocrx_word' id='word_1_42' title='bbox 660 775 873 810; x_wconf 70' lang='lat' dir='ltr'>Andegavensis</span> <span class='ocrx_word' id='word_1_43' title='bbox 895 775 1028 805; x_wconf 85' lang='lat' dir='ltr'>diocesis,</span> <span class='ocrx_word' id='word_1_44' title='bbox 1051 775 1080 801; x_wconf 91' lang='lat' dir='ltr'>in</span> <span class='ocrx_word' id='word_1_45' title='bbox 1096 775 1219 803; x_wconf 82' lang='lat' dir='ltr'>ecelesia</span> 
     </span>
     <span class='ocr_line' id='line_1_10' title="bbox 213 823 1222 859; baseline 0.001 -9"><span class='ocrx_word' id='word_1_46' title='bbox 213 824 356 851; x_wconf 81' lang='lat' dir='ltr'>Briocensi</span> <span class='ocrx_word' id='word_1_47' title='bbox 374 824 401 850; x_wconf 90' lang='lat' dir='ltr'>in</span> <span class='ocrx_word' id='word_1_48' title='bbox 421 823 589 851; x_wconf 88' lang='lat' dir='ltr'>canonicum</span> <span class='ocrx_word' id='word_1_49' title='bbox 606 824 693 858; x_wconf 84' lang='lat' dir='ltr'>recipi</span> <span class='ocrx_word' id='word_1_50' title='bbox 708 823 815 851; x_wconf 83' lang='lat' dir='ltr'>faciant</span> <span class='ocrx_word' id='word_1_51' title='bbox 831 823 911 858; x_wconf 87' lang='lat' dir='ltr'>eique</span> <span class='ocrx_word' id='word_1_52' title='bbox 927 824 961 850; x_wconf 85' lang='lat' dir='ltr'>de</span> <span class='ocrx_word' id='word_1_53' title='bbox 979 824 1140 858; x_wconf 84' lang='lat' dir='ltr'>praebenda</span> <span class='ocrx_word' id='word_1_54' title='bbox 1154 833 1222 859; x_wconf 92' lang='lat' dir='ltr'>pro-</span> 
     </span>
     <span class='ocr_line' id='line_1_11' title="bbox 211 872 1222 909; baseline 0.003 -11"><span class='ocrx_word' id='word_1_55' title='bbox 211 873 335 904; x_wconf 69' lang='lat' dir='ltr'>videant,</span> <span class='ocrx_word' id='word_1_56' title='bbox 357 881 414 900; x_wconf 89' lang='lat' dir='ltr'>non</span> <span class='ocrx_word' id='word_1_57' title='bbox 440 873 570 900; x_wconf 87' lang='lat' dir='ltr'>obstante</span> <span class='ocrx_word' id='word_1_58' title='bbox 595 873 669 907; x_wconf 88' lang='lat' dir='ltr'>quod</span> <span class='ocrx_word' id='word_1_59' title='bbox 695 873 724 899; x_wconf 88' lang='lat' dir='ltr'>in</span> <span class='ocrx_word' id='word_1_60' title='bbox 751 873 873 900; x_wconf 84' lang='lat' dir='ltr'>ecclesia</span> <span class='ocrx_word' id='word_1_61' title='bbox 893 881 914 899; x_wconf 89' lang='lat' dir='ltr'>s.</span> <span class='ocrx_word' id='word_1_62' title='bbox 938 872 1065 900; x_wconf 76' lang='lat' dir='ltr'>Mauricii</span> <span class='ocrx_word' id='word_1_63' title='bbox 1089 874 1222 909; x_wconf 74' lang='lat' dir='ltr'>Andega-</span> 
     </span>
     <span class='ocr_line' id='line_1_12' title="bbox 212 921 1219 956; baseline 0.002 -8"><span class='ocrx_word' id='word_1_64' title='bbox 212 922 305 948; x_wconf 81' lang='lat' dir='ltr'>vensis</span> <span class='ocrx_word' id='word_1_65' title='bbox 334 922 386 948; x_wconf 90' lang='lat' dir='ltr'>sub</span> <span class='ocrx_word' id='word_1_66' title='bbox 405 921 616 956; x_wconf 74' lang='lat' dir='ltr'>exspectatione</span> <span class='ocrx_word' id='word_1_67' title='bbox 639 921 767 948; x_wconf 82' lang='lat' dir='ltr'>beneficii</span> <span class='ocrx_word' id='word_1_68' title='bbox 788 924 917 956; x_wconf 86' lang='lat' dir='ltr'>receptus</span> <span class='ocrx_word' id='word_1_69' title='bbox 941 921 1047 949; x_wconf 79' lang='lat' dir='ltr'>existit.</span> <span class='ocrx_word' id='word_1_70' title='bbox 1075 922 1152 955; x_wconf 70' lang='lat' dir='ltr'>(Rae.</span> <span class='ocrx_word' id='word_1_71' title='bbox 1175 923 1219 956; x_wconf 70' lang='lat'>29,</span> 
     </span>
     <span class='ocr_line' id='line_1_13' title="bbox 210 970 539 1004; baseline 0 -6"><span class='ocrx_word' id='word_1_72' title='bbox 210 970 260 998; x_wconf 87' lang='lat' dir='ltr'>fol.</span> <span class='ocrx_word' id='word_1_73' title='bbox 278 971 329 998; x_wconf 85' lang='grc'>252</span> <span class='ocrx_word' id='word_1_74' title='bbox 348 975 384 1004; x_wconf 61' lang='grc' dir='ltr'>τ’,</span> <span class='ocrx_word' id='word_1_75' title='bbox 402 976 431 997; x_wconf 79' lang='lat' dir='ltr'>n⁰</span> <span class='ocrx_word' id='word_1_76' title='bbox 449 970 539 1003; x_wconf 69' lang='lat'>1349.)</span> 
     </span>
    </p>
   </div>
   <div class='ocr_carea' id='block_1_6' title="bbox 202 1077 1219 1269">
    <p class='ocr_par' dir='ltr' id='par_1_6' title="bbox 202 1077 1219 1269">
     <span class='ocr_line' id='line_1_14' title="bbox 247 1077 1219 1117; baseline 0 -10"><span class='ocrx_word' id='word_1_77' title='bbox 247 1077 393 1108; x_wconf 73' lang='lat' dir='ltr'>«Abbati</span> <span class='ocrx_word' id='word_1_78' title='bbox 418 1077 453 1108; x_wconf 84' lang='lat' dir='ltr'>de</span> <span class='ocrx_word' id='word_1_79' title='bbox 478 1077 627 1115; x_wconf 81' lang='lat' dir='ltr'>MeHinos,</span> <span class='ocrx_word' id='word_1_80' title='bbox 657 1077 883 1117; x_wconf 63' lang='lat' dir='ltr'>„indeqaoensz&#39;s</span> <span class='ocrx_word' id='word_1_81' title='bbox 907 1078 1046 1113; x_wconf 76' lang='lat' dir='ltr'>diocesis,</span> <span class='ocrx_word' id='word_1_82' title='bbox 1067 1083 1094 1108; x_wconf 80' lang='lat' dir='ltr'>et</span> <span class='ocrx_word' id='word_1_83' title='bbox 1117 1078 1219 1109; x_wconf 70' lang='lat' dir='ltr'>archi-</span> 
     </span>
     <span class='ocr_line' id='line_1_15' title="bbox 202 1131 1217 1171; baseline 0.002 -11"><span class='ocrx_word' id='word_1_84' title='bbox 202 1131 370 1170; x_wconf 73' lang='lat' dir='ltr'>presbitero</span> <span class='ocrx_word' id='word_1_85' title='bbox 384 1131 606 1171; x_wconf 77' lang='lat' dir='ltr'>Andeqavensi.</span> <span class='ocrx_word' id='word_1_86' title='bbox 625 1131 823 1162; x_wconf 86' lang='lat' dir='ltr'>Laudabilis</span> <span class='ocrx_word' id='word_1_87' title='bbox 840 1132 1108 1162; x_wconf 84' lang='lat' dir='ltr'>conversationis</span> <span class='ocrx_word' id='word_1_88' title='bbox 1123 1133 1155 1162; x_wconf 82' lang='lat' dir='ltr'>et</span> <span class='ocrx_word' id='word_1_89' title='bbox 1167 1151 1217 1162; x_wconf 93' lang='lat'>—.</span> 
     </span>
     <span class='ocr_line' id='line_1_16' title="bbox 204 1184 1217 1224; baseline 0.001 -9"><span class='ocrx_word' id='word_1_90' title='bbox 204 1185 329 1215; x_wconf 85' lang='lat' dir='ltr'>Datum</span> <span class='ocrx_word' id='word_1_91' title='bbox 354 1185 443 1224; x_wconf 90' lang='lat' dir='ltr'>apud</span> <span class='ocrx_word' id='word_1_92' title='bbox 466 1184 753 1220; x_wconf 78' lang='lat' dir='ltr'>Urbemveterem,</span> <span class='ocrx_word' id='word_1_93' title='bbox 778 1194 795 1215; x_wconf 83' lang='lat' dir='ltr'>v</span> <span class='ocrx_word' id='word_1_94' title='bbox 824 1185 987 1216; x_wconf 81' lang='lat' dir='ltr'>kalendas</span> <span class='ocrx_word' id='word_1_95' title='bbox 1011 1185 1217 1222; x_wconf 84' lang='lat' dir='ltr'>decembris,</span> 
     </span>
     <span class='ocr_line' id='line_1_17' title="bbox 204 1238 455 1269; baseline -0.004 -1"><span class='ocrx_word' id='word_1_96' title='bbox 204 1247 291 1269; x_wconf 86' lang='lat' dir='ltr'>anno</span> <span class='ocrx_word' id='word_1_97' title='bbox 307 1238 419 1269; x_wconf 85' lang='lat' dir='ltr'>tertio.</span> <span class='ocrx_word' id='word_1_98' title='bbox 441 1248 455 1267; x_wconf 68' lang='grc'>11</span> 
     </span>
    </p>
   </div>
   <div class='ocr_carea' id='block_1_7' title="bbox 698 1411 1142 1445">
    <p class='ocr_par' dir='ltr' id='par_1_7' title="bbox 698 1411 1142 1445">
     <span class='ocr_line' id='line_1_18' title="bbox 698 1411 1142 1445; baseline 0.002 -7"><span class='ocrx_word' id='word_1_99' title='bbox 698 1411 822 1445; x_wconf 74' lang='lat' dir='ltr'>Orvieto,</span> <span class='ocrx_word' id='word_1_100' title='bbox 842 1412 875 1438; x_wconf 83' lang='grc'>27</span> <span class='ocrx_word' id='word_1_101' title='bbox 892 1412 1048 1439; x_wconf 73' lang='lat' dir='ltr'>novembre</span> <span class='ocrx_word' id='word_1_102' title='bbox 1066 1413 1142 1440; x_wconf 85' lang='grc'><strong>1263.</strong></span> 
     </span>
    </p>
   </div>
   <div class='ocr_carea' id='block_1_8' title="bbox 294 1412 390 1444">
    <p class='ocr_par' dir='ltr' id='par_1_8' title="bbox 294 1412 390 1444">
     <span class='ocr_line' id='line_1_19' title="bbox 294 1412 390 1444; baseline 0.01 -1"><span class='ocrx_word' id='word_1_103' title='bbox 294 1412 390 1444; x_wconf 85' lang='grc'><strong>2301</strong></span> 
     </span>
    </p>
   </div>
   <div class='ocr_carea' id='block_1_9' title="bbox 204 1495 1217 1679">
    <p class='ocr_par' dir='ltr' id='par_1_9' title="bbox 204 1495 1217 1679">
     <span class='ocr_line' id='line_1_20' title="bbox 243 1495 1217 1532; baseline 0.001 -9"><span class='ocrx_word' id='word_1_104' title='bbox 243 1496 408 1531; x_wconf 79' lang='lat' dir='ltr'>Praeposito</span> <span class='ocrx_word' id='word_1_105' title='bbox 427 1495 563 1524; x_wconf 85' lang='lat' dir='ltr'>ccclesiae</span> <span class='ocrx_word' id='word_1_106' title='bbox 581 1496 814 1532; x_wconf 79' lang='lat' dir='ltr'>Hungaridensis,</span> <span class='ocrx_word' id='word_1_107' title='bbox 836 1497 999 1524; x_wconf 33' lang='lat' dir='ltr'>Leoiliensis</span> <span class='ocrx_word' id='word_1_108' title='bbox 1016 1497 1150 1528; x_wconf 82' lang='lat' dir='ltr'>diocesis.</span> <span class='ocrx_word' id='word_1_109' title='bbox 1170 1497 1217 1524; x_wconf 88' lang='lat' dir='ltr'>in·</span> 
     </span>
     <span class='ocr_line' id='line_1_21' title="bbox 205 1545 1215 1581; baseline 0.001 -9"><span class='ocrx_word' id='word_1_110' title='bbox 205 1545 303 1580; x_wconf 78' lang='lat' dir='ltr'>dulget</span> <span class='ocrx_word' id='word_1_111' title='bbox 320 1548 349 1573; x_wconf 85' lang='lat' dir='ltr'>ut</span> <span class='ocrx_word' id='word_1_112' title='bbox 359 1545 533 1580; x_wconf 80' lang='lat' dir='ltr'>magistrum</span> <span class='ocrx_word' id='word_1_113' title='bbox 543 1545 701 1573; x_wconf 83' lang='lat' dir='ltr'>Johannem</span> <span class='ocrx_word' id='word_1_114' title='bbox 712 1546 782 1581; x_wconf 74' lang='lat' dir='ltr'>Ayo,</span> <span class='ocrx_word' id='word_1_115' title='bbox 798 1546 946 1579; x_wconf 84' lang='lat' dir='ltr'>clericum,</span> <span class='ocrx_word' id='word_1_116' title='bbox 960 1546 988 1573; x_wconf 91' lang='lat' dir='ltr'>in</span> <span class='ocrx_word' id='word_1_117' title='bbox 999 1547 1120 1574; x_wconf 85' lang='lat' dir='ltr'>ecelesia</span> <span class='ocrx_word' id='word_1_118' title='bbox 1135 1547 1215 1574; x_wconf 83' lang='lat' dir='ltr'>Hun-</span> 
     </span>
     <span class='ocr_line' id='line_1_22' title="bbox 204 1594 1215 1631; baseline 0.001 -10"><span class='ocrx_word' id='word_1_119' title='bbox 204 1595 349 1629; x_wconf 77' lang='lat' dir='ltr'>garidensi</span> <span class='ocrx_word' id='word_1_120' title='bbox 374 1594 403 1621; x_wconf 92' lang='lat' dir='ltr'>in</span> <span class='ocrx_word' id='word_1_121' title='bbox 422 1595 593 1622; x_wconf 86' lang='lat' dir='ltr'>canonicum</span> <span class='ocrx_word' id='word_1_122' title='bbox 611 1595 698 1629; x_wconf 85' lang='lat' dir='ltr'>recipi</span> <span class='ocrx_word' id='word_1_123' title='bbox 716 1594 800 1622; x_wconf 84' lang='lat' dir='ltr'>faciat</span> <span class='ocrx_word' id='word_1_124' title='bbox 818 1595 898 1629; x_wconf 81' lang='lat' dir='ltr'>cique</span> <span class='ocrx_word' id='word_1_125' title='bbox 914 1596 948 1621; x_wconf 83' lang='lat' dir='ltr'>de</span> <span class='ocrx_word' id='word_1_126' title='bbox 967 1596 1128 1630; x_wconf 84' lang='lat' dir='ltr'>praebenda</span> <span class='ocrx_word' id='word_1_127' title='bbox 1147 1604 1215 1631; x_wconf 92' lang='lat' dir='ltr'>pro-</span> 
     </span>
     <span class='ocr_line' id='line_1_23' title="bbox 204 1643 770 1679; baseline 0.005 -10"><span class='ocrx_word' id='word_1_128' title='bbox 204 1643 308 1671; x_wconf 71' lang='lat' dir='ltr'>videat.</span> <span class='ocrx_word' id='word_1_129' title='bbox 326 1644 406 1679; x_wconf 73' lang='lat' dir='ltr'>(Bm.</span> <span class='ocrx_word' id='word_1_130' title='bbox 424 1644 468 1676; x_wconf 67' lang='lat'>29,</span> <span class='ocrx_word' id='word_1_131' title='bbox 487 1644 535 1671; x_wconf 81' lang='lat' dir='ltr'>fol.</span> <span class='ocrx_word' id='word_1_132' title='bbox 554 1645 616 1678; x_wconf 80' lang='grc'><strong>253,</strong></span> <span class='ocrx_word' id='word_1_133' title='bbox 634 1650 663 1671; x_wconf 73' lang='lat' dir='ltr'>n⁰</span> <span class='ocrx_word' id='word_1_134' title='bbox 681 1645 770 1677; x_wconf 82' lang='lat'>1350.)</span> 
     </span>
    </p>
   </div>
   <div class='ocr_carea' id='block_1_10' title="bbox 202 1746 1211 1891">
    <p class='ocr_par' dir='ltr' id='par_1_10' title="bbox 202 1746 1211 1891">
     <span class='ocr_line' id='line_1_24' title="bbox 243 1746 1211 1787; baseline 0.003 -10"><span class='ocrx_word' id='word_1_135' title='bbox 243 1757 258 1777; x_wconf 80' lang='grc'>1(</span> <span class='ocrx_word' id='word_1_136' title='bbox 276 1747 435 1787; x_wconf 72' lang='lat' dir='ltr'>Preposz&#39;to</span> <span class='ocrx_word' id='word_1_137' title='bbox 456 1746 577 1777; x_wconf 80' lang='lat' dir='ltr'>ecclesie</span> <span class='ocrx_word' id='word_1_138' title='bbox 596 1746 848 1787; x_wconf 60' lang='lat' dir='ltr'>Hzmqaridensis,</span> <span class='ocrx_word' id='word_1_139' title='bbox 874 1747 1048 1777; x_wconf 77' lang='lat' dir='ltr'>Leodz&#39;ensz&#39;s</span> <span class='ocrx_word' id='word_1_140' title='bbox 1071 1748 1211 1781; x_wconf 52' lang='lat' dir='ltr'>diocesi&amp;</span> 
     </span>
     <span class='ocr_line' id='line_1_25' title="bbox 202 1801 1208 1840; baseline 0.002 -10"><span class='ocrx_word' id='word_1_141' title='bbox 202 1801 266 1831; x_wconf 89' lang='lat' dir='ltr'>Per</span> <span class='ocrx_word' id='word_1_142' title='bbox 287 1803 361 1830; x_wconf 87' lang='lat' dir='ltr'>tuas</span> <span class='ocrx_word' id='word_1_143' title='bbox 380 1801 478 1831; x_wconf 85' lang='lat' dir='ltr'>nobis</span> <span class='ocrx_word' id='word_1_144' title='bbox 494 1819 543 1831; x_wconf 92' lang='lat'>—-.</span> <span class='ocrx_word' id='word_1_145' title='bbox 561 1801 686 1831; x_wconf 86' lang='lat' dir='ltr'>Datum</span> <span class='ocrx_word' id='word_1_146' title='bbox 704 1801 791 1840; x_wconf 86' lang='lat' dir='ltr'>apud</span> <span class='ocrx_word' id='word_1_147' title='bbox 808 1801 1096 1838; x_wconf 75' lang='lat' dir='ltr'>Urbemveterem,</span> <span class='ocrx_word' id='word_1_148' title='bbox 1116 1811 1135 1831; x_wconf 89' lang='lat' dir='ltr'><strong>v</strong></span> <span class='ocrx_word' id='word_1_149' title='bbox 1152 1802 1208 1832; x_wconf 82' lang='lat' dir='ltr'>ka-</span> 
     </span>
     <span class='ocr_line' id='line_1_26' title="bbox 202 1854 815 1891; baseline -0.002 -7"><span class='ocrx_word' id='word_1_150' title='bbox 202 1854 318 1884; x_wconf 87' lang='lat' dir='ltr'>lendas</span> <span class='ocrx_word' id='word_1_151' title='bbox 338 1854 538 1891; x_wconf 80' lang='lat' dir='ltr'>decembris,</span> <span class='ocrx_word' id='word_1_152' title='bbox 561 1862 647 1885; x_wconf 89' lang='lat' dir='ltr'>anno</span> <span class='ocrx_word' id='word_1_153' title='bbox 667 1854 778 1885; x_wconf 88' lang='lat' dir='ltr'>tertio.</span> <span class='ocrx_word' id='word_1_154' title='bbox 798 1863 815 1883; x_wconf 89' lang='lat'>»</span> 
     </span>
    </p>
   </div>
   <div class='ocr_carea' id='block_1_11' title="bbox 697 2026 1138 2061">
    <p class='ocr_par' dir='ltr' id='par_1_11' title="bbox 697 2026 1138 2061">
     <span class='ocr_line' id='line_1_27' title="bbox 697 2026 1138 2061; baseline 0.007 -8"><span class='ocrx_word' id='word_1_155' title='bbox 697 2026 821 2061; x_wconf 82' lang='lat' dir='ltr'>Orvieto,</span> <span class='ocrx_word' id='word_1_156' title='bbox 842 2029 871 2055; x_wconf 81' lang='lat'>17</span> <span class='ocrx_word' id='word_1_157' title='bbox 887 2028 1041 2055; x_wconf 81' lang='lat' dir='ltr'>novembre</span> <span class='ocrx_word' id='word_1_158' title='bbox 1060 2029 1138 2056; x_wconf 75' lang='grc'><strong>1203.</strong></span> 
     </span>
    </p>
   </div>
   <div class='ocr_carea' id='block_1_12' title="bbox 291 2028 388 2059">
    <p class='ocr_par' dir='ltr' id='par_1_12' title="bbox 291 2028 388 2059">
     <span class='ocr_line' id='line_1_28' title="bbox 291 2028 388 2059; baseline -0.01 0"><span class='ocrx_word' id='word_1_159' title='bbox 291 2028 388 2059; x_wconf 90' lang='grc'><strong>2302</strong></span> 
     </span>
    </p>
   </div>
   <div class='ocr_carea' id='block_1_13' title="bbox 235 2111 1209 2147">
    <p class='ocr_par' dir='ltr' id='par_1_13' title="bbox 235 2111 1209 2147">
     <span class='ocr_line' id='line_1_29' title="bbox 235 2111 1209 2147; baseline 0.003 -9"><span class='ocrx_word' id='word_1_160' title='bbox 235 2111 336 2139; x_wconf 79' lang='lat' dir='ltr'>Abbati</span> <span class='ocrx_word' id='word_1_161' title='bbox 352 2111 521 2139; x_wconf 85' lang='lat' dir='ltr'>monasterii</span> <span class='ocrx_word' id='word_1_162' title='bbox 537 2111 708 2143; x_wconf 75' lang='lat' dir='ltr'>VallisAlte,</span> <span class='ocrx_word' id='word_1_163' title='bbox 720 2112 924 2147; x_wconf 80' lang='lat' dir='ltr'>Pergamensis</span> <span class='ocrx_word' id='word_1_164' title='bbox 935 2113 1070 2146; x_wconf 87' lang='lat' dir='ltr'>diocesis,</span> <span class='ocrx_word' id='word_1_165' title='bbox 1086 2115 1209 2141; x_wconf 82' lang='lat' dir='ltr'>mandat</span> 
     </span>
    </p>
   </div>
   <div class='ocr_carea' id='block_1_14' title="bbox 198 2207 1209 2294">
    <p class='ocr_par' dir='ltr' id='par_1_14' title="bbox 198 2207 1209 2294">
     <span class='ocr_line' id='line_1_30' title="bbox 198 2207 1209 2246; baseline 0.004 -12"><span class='ocrx_word' id='word_1_166' title='bbox 198 2208 231 2234; x_wconf 90' lang='lat' dir='ltr'>de</span> <span class='ocrx_word' id='word_1_167' title='bbox 253 2207 370 2236; x_wconf 77' lang='lat' dir='ltr'>Clixono</span> <span class='ocrx_word' id='word_1_168' title='bbox 388 2209 434 2243; x_wconf 90' lang='lat' dir='ltr'>(ou</span> <span class='ocrx_word' id='word_1_169' title='bbox 450 2210 584 2241; x_wconf 70' lang='lat' dir='ltr'>Olioeino),</span> <span class='ocrx_word' id='word_1_170' title='bbox 603 2210 631 2237; x_wconf 91' lang='lat' dir='ltr'>in</span> <span class='ocrx_word' id='word_1_171' title='bbox 651 2210 751 2237; x_wconf 86' lang='lat' dir='ltr'>eadem</span> <span class='ocrx_word' id='word_1_172' title='bbox 769 2210 890 2238; x_wconf 87' lang='lat' dir='ltr'>ecclesia</span> <span class='ocrx_word' id='word_1_173' title='bbox 910 2211 944 2237; x_wconf 83' lang='lat' dir='ltr'>de</span> <span class='ocrx_word' id='word_1_174' title='bbox 961 2211 1123 2245; x_wconf 87' lang='lat' dir='ltr'>praebenda</span> <span class='ocrx_word' id='word_1_175' title='bbox 1139 2220 1189 2246; x_wconf 89' lang='lat' dir='ltr'>pro</span> <span class='ocrx_word' id='word_1_176' title='bbox 1201 2227 1209 2232; x_wconf 92' lang='lat'><em>-</em></span> 
     </span>
     <span class='ocr_line' id='line_1_31' title="bbox 200 2256 782 2294; baseline 0.007 -12"><span class='ocrx_word' id='word_1_177' title='bbox 200 2256 304 2284; x_wconf 79' lang='lat' dir='ltr'>videat.</span> <span class='ocrx_word' id='word_1_178' title='bbox 324 2258 403 2293; x_wconf 66' lang='lat' dir='ltr'>(Bm.</span> <span class='ocrx_word' id='word_1_179' title='bbox 422 2260 466 2292; x_wconf 84' lang='grc'><strong>29,</strong></span> <span class='ocrx_word' id='word_1_180' title='bbox 487 2258 536 2286; x_wconf 84' lang='lat' dir='ltr'>fol.</span> <span class='ocrx_word' id='word_1_181' title='bbox 553 2260 616 2293; x_wconf 79' lang='grc'><strong>253,</strong></span> <span class='ocrx_word' id='word_1_182' title='bbox 639 2265 668 2286; x_wconf 82' lang='lat' dir='ltr'>n⁰</span> <span class='ocrx_word' id='word_1_183' title='bbox 689 2259 782 2294; x_wconf 85' lang='grc'><strong>1351.)</strong></span> 
     </span>
    </p>
   </div>
   <div class='ocr_carea' id='block_1_15' title="bbox 198 2363 1207 2506">
    <p class='ocr_par' dir='ltr' id='par_1_15' title="bbox 198 2363 1207 2506">
     <span class='ocr_line' id='line_1_32' title="bbox 239 2363 1204 2407; baseline 0.004 -14"><span class='ocrx_word' id='word_1_184' title='bbox 239 2373 255 2393; x_wconf 92' lang='lat'>«</span> <span class='ocrx_word' id='word_1_185' title='bbox 272 2363 385 2394; x_wconf 70' lang='lat' dir='ltr'>Abbati</span> <span class='ocrx_word' id='word_1_186' title='bbox 410 2366 586 2395; x_wconf 70' lang='lat' dir='ltr'>monasterii</span> <span class='ocrx_word' id='word_1_187' title='bbox 613 2365 707 2396; x_wconf 78' lang='lat' dir='ltr'>Vallis</span> <span class='ocrx_word' id='word_1_188' title='bbox 724 2365 805 2401; x_wconf 75' lang='lat' dir='ltr'>Alte,</span> <span class='ocrx_word' id='word_1_189' title='bbox 831 2366 1038 2407; x_wconf 70' lang='lat' dir='ltr'>Pei-qamensis</span> <span class='ocrx_word' id='word_1_190' title='bbox 1061 2367 1204 2397; x_wconf 78' lang='lat' dir='ltr'>diocesis.</span> 
     </span>
     <span class='ocr_line' id='line_1_33' title="bbox 200 2416 1207 2459; baseline 0.004 -12"><span class='ocrx_word' id='word_1_191' title='bbox 200 2416 298 2447; x_wconf 82' lang='lat' dir='ltr'>Lecta</span> <span class='ocrx_word' id='word_1_192' title='bbox 315 2426 427 2448; x_wconf 85' lang='lat' dir='ltr'>coram</span> <span class='ocrx_word' id='word_1_193' title='bbox 443 2418 540 2449; x_wconf 88' lang='lat' dir='ltr'>nobis</span> <span class='ocrx_word' id='word_1_194' title='bbox 553 2436 602 2448; x_wconf 85' lang='lat'>—.</span> <span class='ocrx_word' id='word_1_195' title='bbox 616 2419 739 2450; x_wconf 86' lang='lat' dir='ltr'>Datum</span> <span class='ocrx_word' id='word_1_196' title='bbox 754 2420 842 2459; x_wconf 83' lang='lat' dir='ltr'>apud</span> <span class='ocrx_word' id='word_1_197' title='bbox 856 2420 1145 2458; x_wconf 85' lang='lat' dir='ltr'>Urbemveterem,</span> <span class='ocrx_word' id='word_1_198' title='bbox 1163 2430 1207 2451; x_wconf 80' lang='lat' dir='ltr'>xv</span> 
     </span>
     <span class='ocr_line' id='line_1_34' title="bbox 198 2469 843 2506; baseline 0.008 -7"><span class='ocrx_word' id='word_1_199' title='bbox 198 2469 360 2501; x_wconf 80' lang='lat' dir='ltr'>kalendas</span> <span class='ocrx_word' id='word_1_200' title='bbox 376 2471 576 2506; x_wconf 77' lang='lat' dir='ltr'>decembris,</span> <span class='ocrx_word' id='word_1_201' title='bbox 595 2481 681 2503; x_wconf 86' lang='lat' dir='ltr'>anno</span> <span class='ocrx_word' id='word_1_202' title='bbox 696 2474 806 2504; x_wconf 80' lang='lat' dir='ltr'>tertio.</span> <span class='ocrx_word' id='word_1_203' title='bbox 829 2484 843 2503; x_wconf 74' lang='grc'>1)</span> 
     </span>
    </p>
   </div>
   <div class='ocr_carea' id='block_1_16' title="bbox 287 2643 1133 2681">
    <p class='ocr_par' dir='ltr' id='par_1_16' title="bbox 287 2643 1133 2681">
     <span class='ocr_line' id='line_1_35' title="bbox 287 2643 1133 2681; baseline 0.004 -10"><span class='ocrx_word' id='word_1_204' title='bbox 287 2643 383 2675; x_wconf 84' lang='grc'><strong>2303</strong></span> <span class='ocrx_word' id='word_1_205' title='bbox 755 2644 880 2677; x_wconf 67' lang='grc'><strong>01111010,</strong></span> <span class='ocrx_word' id='word_1_206' title='bbox 898 2645 931 2673; x_wconf 83' lang='lat'>18</span> <span class='ocrx_word' id='word_1_207' title='bbox 939 2645 1034 2681; x_wconf 84' lang='lat' dir='ltr'>juillet</span> <span class='ocrx_word' id='word_1_208' title='bbox 1053 2646 1133 2674; x_wconf 85' lang='grc'><strong>1263.</strong></span> 
     </span>
    </p>
   </div>
   <div class='ocr_carea' id='block_1_17' title="bbox 196 2727 1204 2816">
    <p class='ocr_par' dir='ltr' id='par_1_17' title="bbox 196 2727 1204 2816">
     <span class='ocr_line' id='line_1_36' title="bbox 231 2727 1203 2766; baseline 0.006 -13"><span class='ocrx_word' id='word_1_209' title='bbox 231 2727 341 2754; x_wconf 84' lang='lat' dir='ltr'>Decano</span> <span class='ocrx_word' id='word_1_210' title='bbox 359 2728 393 2754; x_wconf 90' lang='lat' dir='ltr'>de</span> <span class='ocrx_word' id='word_1_211' title='bbox 413 2727 509 2755; x_wconf 83' lang='lat' dir='ltr'>Poelet</span> <span class='ocrx_word' id='word_1_212' title='bbox 526 2730 553 2754; x_wconf 87' lang='lat' dir='ltr'>et</span> <span class='ocrx_word' id='word_1_213' title='bbox 573 2728 774 2756; x_wconf 79' lang='lat' dir='ltr'>archidiacono</span> <span class='ocrx_word' id='word_1_214' title='bbox 797 2729 982 2758; x_wconf 85' lang='lat' dir='ltr'>Macloviensi</span> <span class='ocrx_word' id='word_1_215' title='bbox 1009 2731 1203 2766; x_wconf 87' lang='lat' dir='ltr'>provisionem</span> 
     </span>
     <span class='ocr_line' id='line_1_37' title="bbox 196 2776 1204 2816; baseline 0.007 -14"><span class='ocrx_word' id='word_1_216' title='bbox 196 2777 353 2803; x_wconf 77' lang='lat' dir='ltr'>committit</span> <span class='ocrx_word' id='word_1_217' title='bbox 372 2776 511 2804; x_wconf 80' lang='lat' dir='ltr'>ecclesiae</span> <span class='ocrx_word' id='word_1_218' title='bbox 530 2778 565 2804; x_wconf 89' lang='lat' dir='ltr'>de</span> <span class='ocrx_word' id='word_1_219' title='bbox 591 2777 732 2813; x_wconf 78' lang='lat' dir='ltr'>Tregano,</span> <span class='ocrx_word' id='word_1_220' title='bbox 758 2778 955 2806; x_wconf 84' lang='lat' dir='ltr'>Maeloviensis</span> <span class='ocrx_word' id='word_1_221' title='bbox 983 2780 1118 2813; x_wconf 85' lang='lat' dir='ltr'>diocesis,</span> <span class='ocrx_word' id='word_1_222' title='bbox 1133 2789 1204 2816; x_wconf 82' lang='lat' dir='ltr'>quae</span> 
     </span>
    </p>
   </div>
   <div class='ocr_carea' id='block_1_18' title="bbox 196 2826 1238 2865">
    <p class='ocr_par' dir='ltr' id='par_1_18' title="bbox 196 2826 1238 2865">
     <span class='ocr_line' id='line_1_38' title="bbox 196 2826 1238 2865; baseline 0.006 -14"><span class='ocrx_word' id='word_1_223' title='bbox 196 2826 276 2852; x_wconf 82' lang='lat' dir='ltr'>tanto</span> <span class='ocrx_word' id='word_1_224' title='bbox 303 2827 432 2860; x_wconf 86' lang='lat' dir='ltr'>tempore</span> <span class='ocrx_word' id='word_1_225' title='bbox 453 2829 601 2853; x_wconf 75' lang='lat' dir='ltr'>vacaverat</span> <span class='ocrx_word' id='word_1_226' title='bbox 620 2827 693 2860; x_wconf 90' lang='lat' dir='ltr'>quod</span> <span class='ocrx_word' id='word_1_227' title='bbox 715 2827 751 2853; x_wconf 83' lang='lat' dir='ltr'>ad</span> <span class='ocrx_word' id='word_1_228' title='bbox 775 2835 879 2862; x_wconf 82' lang='lat' dir='ltr'>papam</span> <span class='ocrx_word' id='word_1_229' title='bbox 902 2828 961 2864; x_wconf 88' lang='lat' dir='ltr'>ejus</span> <span class='ocrx_word' id='word_1_230' title='bbox 979 2829 1109 2861; x_wconf 84' lang='lat' dir='ltr'>collatio,</span> <span class='ocrx_word' id='word_1_231' title='bbox 1124 2829 1206 2865; x_wconf 81' lang='lat' dir='ltr'>juxta</span> <span class='ocrx_word' id='word_1_232' title='bbox 1237 2834 1238 2845; x_wconf 67' lang='lat'>¹</span> 
     </span>
    </p>
   </div>
   <div class='ocr_carea' id='block_1_19' title="bbox 197 2872 1204 2953">
    <p class='ocr_par' dir='ltr' id='par_1_19' title="bbox 197 2872 1204 2953">
     <span class='ocr_line' id='line_1_39' title="bbox 198 2872 1204 2911; baseline 0.006 -12"><span class='ocrx_word' id='word_1_233' title='bbox 198 2872 397 2901; x_wconf 71' lang='lat' dir='ltr'>Latet-anensis</span> <span class='ocrx_word' id='word_1_234' title='bbox 415 2875 522 2901; x_wconf 82' lang='lat' dir='ltr'>statuta</span> <span class='ocrx_word' id='word_1_235' title='bbox 533 2873 657 2906; x_wconf 89' lang='lat' dir='ltr'>concilii,</span> <span class='ocrx_word' id='word_1_236' title='bbox 672 2875 805 2902; x_wconf 81' lang='lat' dir='ltr'>devoluta</span> <span class='ocrx_word' id='word_1_237' title='bbox 821 2878 892 2902; x_wconf 83' lang='lat' dir='ltr'>erat.</span> <span class='ocrx_word' id='word_1_238' title='bbox 911 2876 989 2911; x_wconf 73' lang='lat' dir='ltr'>(Rae.</span> <span class='ocrx_word' id='word_1_239' title='bbox 1005 2877 1050 2910; x_wconf 81' lang='grc'><strong>29,</strong></span> <span class='ocrx_word' id='word_1_240' title='bbox 1069 2877 1118 2904; x_wconf 84' lang='lat' dir='ltr'>fol.</span> <span class='ocrx_word' id='word_1_241' title='bbox 1142 2879 1204 2910; x_wconf 83' lang='grc'><strong>253,</strong></span> 
     </span>
     <span class='ocr_line' id='line_1_40' title="bbox 197 2922 337 2953; baseline 0.043 -5"><span class='ocrx_word' id='word_1_242' title='bbox 197 2927 227 2948; x_wconf 77' lang='lat' dir='ltr'>n⁰</span> <span class='ocrx_word' id='word_1_243' title='bbox 247 2922 337 2953; x_wconf 84' lang='grc'><strong>1352.)</strong></span> 
     </span>
    </p>
   </div>
   <div class='ocr_carea' id='block_1_20' title="bbox 1237 331 1266 2868">
    <p class='ocr_par' dir='ltr' id='par_1_20' title="bbox 1237 331 1266 2868">
     <span class='ocr_line' id='line_1_41' title="bbox 1237 331 1266 2868; baseline 0 0"><span class='ocrx_word' id='word_1_244' title='bbox 1237 331 1266 2868; x_wconf 95' lang='lat' dir='ltr'> </span> 
     </span>
    </p>
   </div>
   <div class='ocr_carea' id='block_1_21' title="bbox 1236 2804 1238 2831">
    <p class='ocr_par' dir='ltr' id='par_1_21' title="bbox 1236 2804 1238 2831">
     <span class='ocr_line' id='line_1_42' title="bbox 1236 2804 1238 2831; baseline 0 -4"><span class='ocrx_word' id='word_1_245' title='bbox 1236 2804 1238 2831; x_wconf 57' lang='lat' dir='ltr'>t,</span> 
     </span>
    </p>
   </div>
   <div class='ocr_carea' id='block_1_22' title="bbox 2239 248 2293 278">
    <p class='ocr_par' dir='ltr' id='par_1_22' title="bbox 2239 248 2293 278">
     <span class='ocr_line' id='line_1_43' title="bbox 2239 248 2293 278; baseline 0.037 -2"><span class='ocrx_word' id='word_1_246' title='bbox 2239 248 2293 278; x_wconf 80' lang='lat'>381</span> 
     </span>
    </p>
   </div>
   <div class='ocr_carea' id='block_1_23' title="bbox 1328 314 2295 365">
    <p class='ocr_par' dir='ltr' id='par_1_23' title="bbox 1328 314 2295 365">
     <span class='ocr_line' id='line_1_44' title="bbox 1328 314 2295 365; baseline 0.018 -22"><span class='ocrx_word' id='word_1_247' title='bbox 1328 324 1344 344; x_wconf 92' lang='grc'>((</span> <span class='ocrx_word' id='word_1_248' title='bbox 1362 314 1481 344; x_wconf 62' lang='lat' dir='ltr'>Decimo</span> <span class='ocrx_word' id='word_1_249' title='bbox 1498 315 1534 345; x_wconf 85' lang='lat' dir='ltr'>de</span> <span class='ocrx_word' id='word_1_250' title='bbox 1548 315 1650 346; x_wconf 85' lang='lat' dir='ltr'>Poelel</span> <span class='ocrx_word' id='word_1_251' title='bbox 1665 322 1692 346; x_wconf 82' lang='lat' dir='ltr'>et</span> <span class='ocrx_word' id='word_1_252' title='bbox 1712 343 1716 347; x_wconf 92' lang='lat'>.</span> <span class='ocrx_word' id='word_1_253' title='bbox 1730 341 1735 346; x_wconf 95' lang='lat'>.</span> <span class='ocrx_word' id='word_1_254' title='bbox 1752 320 1966 351; x_wconf 77' lang='lat' dir='ltr'>archidiacono</span> <span class='ocrx_word' id='word_1_255' title='bbox 1983 323 2186 357; x_wconf 69' lang='lat' dir='ltr'>Jlncloviensi.</span> <span class='ocrx_word' id='word_1_256' title='bbox 2200 328 2295 365; x_wconf 75' lang='lat' dir='ltr'>Cum,</span> 
     </span>
    </p>
   </div>
   <div class='ocr_carea' id='block_1_24' title="bbox 1287 367 2297 462">
    <p class='ocr_par' dir='ltr' id='par_1_24' title="bbox 1287 367 2297 462">
     <span class='ocr_line' id='line_1_45' title="bbox 1288 367 2297 418; baseline 0.017 -22"><span class='ocrx_word' id='word_1_257' title='bbox 1288 367 1375 398; x_wconf 83' lang='lat' dir='ltr'>sicut</span> <span class='ocrx_word' id='word_1_258' title='bbox 1396 369 1628 401; x_wconf 80' lang='lat' dir='ltr'>intelleximus</span> <span class='ocrx_word' id='word_1_259' title='bbox 1645 390 1691 400; x_wconf 92' lang='lat'>—.</span> <span class='ocrx_word' id='word_1_260' title='bbox 1710 373 1834 404; x_wconf 83' lang='lat' dir='ltr'>Datum</span> <span class='ocrx_word' id='word_1_261' title='bbox 1849 377 1937 413; x_wconf 88' lang='lat' dir='ltr'>apud</span> <span class='ocrx_word' id='word_1_262' title='bbox 1950 377 2236 418; x_wconf 74' lang='lat' dir='ltr'>l&#39;rbemveterem,</span> <span class='ocrx_word' id='word_1_263' title='bbox 2252 392 2297 413; x_wconf 79' lang='lat' dir='ltr'>xv</span> 
     </span>
     <span class='ocr_line' id='line_1_46' title="bbox 1287 420 1929 462; baseline 0.014 -13"><span class='ocrx_word' id='word_1_264' title='bbox 1287 420 1448 451; x_wconf 83' lang='lat' dir='ltr'>kalendas</span> <span class='ocrx_word' id='word_1_265' title='bbox 1465 424 1610 462; x_wconf 86' lang='lat' dir='ltr'>augusti,</span> <span class='ocrx_word' id='word_1_266' title='bbox 1629 433 1714 456; x_wconf 91' lang='lat' dir='ltr'>anno</span> <span class='ocrx_word' id='word_1_267' title='bbox 1732 428 1891 458; x_wconf 85' lang='lat' dir='ltr'>seeundo.</span> <span class='ocrx_word' id='word_1_268' title='bbox 1913 437 1929 457; x_wconf 88' lang='lat'>»</span> 
     </span>
    </p>
   </div>
   <div class='ocr_carea' id='block_1_25' title="bbox 1375 581 1471 612">
    <p class='ocr_par' dir='ltr' id='par_1_25' title="bbox 1375 581 1471 612">
     <span class='ocr_line' id='line_1_47' title="bbox 1375 581 1471 612; baseline 0.01 -1"><span class='ocrx_word' id='word_1_269' title='bbox 1375 581 1471 612; x_wconf 71' lang='grc'><strong>2304</strong></span> 
     </span>
    </p>
   </div>
   <div class='ocr_carea' id='block_1_26' title="bbox 1781 585 2224 621">
    <p class='ocr_par' dir='ltr' id='par_1_26' title="bbox 1781 585 2224 621">
     <span class='ocr_line' id='line_1_48' title="bbox 1781 585 2224 621; baseline 0.023 -10"><span class='ocrx_word' id='word_1_270' title='bbox 1781 585 1904 619; x_wconf 76' lang='lat' dir='ltr'>Orvieto,</span> <span class='ocrx_word' id='word_1_271' title='bbox 1919 589 1952 614; x_wconf 79' lang='grc'>22</span> <span class='ocrx_word' id='word_1_272' title='bbox 1968 590 2121 618; x_wconf 78' lang='lat' dir='ltr'>novembre</span> <span class='ocrx_word' id='word_1_273' title='bbox 2145 593 2224 621; x_wconf 86' lang='grc'><strong>1263.</strong></span> 
     </span>
    </p>
   </div>
   <div class='ocr_carea' id='block_1_27' title="bbox 1282 662 2295 895">
    <p class='ocr_par' dir='ltr' id='par_1_27' title="bbox 1282 662 2295 895">
     <span class='ocr_line' id='line_1_49' title="bbox 1320 662 2295 709; baseline 0.018 -21"><span class='ocrx_word' id='word_1_274' title='bbox 1320 662 1435 690; x_wconf 83' lang='lat' dir='ltr'>Cantori</span> <span class='ocrx_word' id='word_1_275' title='bbox 1452 666 1588 693; x_wconf 79' lang='lat' dir='ltr'>ecclesiae</span> <span class='ocrx_word' id='word_1_276' title='bbox 1606 676 1628 693; x_wconf 89' lang='lat' dir='ltr'>s.</span> <span class='ocrx_word' id='word_1_277' title='bbox 1648 668 1760 696; x_wconf 84' lang='lat' dir='ltr'>Paulini</span> <span class='ocrx_word' id='word_1_278' title='bbox 1782 671 1962 699; x_wconf 77' lang='lat' dir='ltr'>Treverensis</span> <span class='ocrx_word' id='word_1_279' title='bbox 1980 676 2097 702; x_wconf 86' lang='lat' dir='ltr'>mandat</span> <span class='ocrx_word' id='word_1_280' title='bbox 2117 679 2157 709; x_wconf 82' lang='lat' dir='ltr'>ut,</span> <span class='ocrx_word' id='word_1_281' title='bbox 2175 678 2295 706; x_wconf 86' lang='lat' dir='ltr'>obtentu</span> 
     </span>
     <span class='ocr_line' id='line_1_50' title="bbox 1283 711 2294 755; baseline 0.018 -18"><span class='ocrx_word' id='word_1_282' title='bbox 1283 711 1431 746; x_wconf 78' lang='lat' dir='ltr'>Stephani,</span> <span class='ocrx_word' id='word_1_283' title='bbox 1458 714 1555 741; x_wconf 89' lang='lat' dir='ltr'>decani</span> <span class='ocrx_word' id='word_1_284' title='bbox 1573 715 1724 750; x_wconf 85' lang='lat' dir='ltr'>Tullensis,</span> <span class='ocrx_word' id='word_1_285' title='bbox 1750 719 1863 746; x_wconf 84' lang='lat' dir='ltr'>Ferrico</span> <span class='ocrx_word' id='word_1_286' title='bbox 1879 721 1913 747; x_wconf 81' lang='lat' dir='ltr'>de</span> <span class='ocrx_word' id='word_1_287' title='bbox 1931 722 2024 754; x_wconf 83' lang='lat' dir='ltr'>Turri,</span> <span class='ocrx_word' id='word_1_288' title='bbox 2045 726 2180 752; x_wconf 80' lang='lat' dir='ltr'>canonico</span> <span class='ocrx_word' id='word_1_289' title='bbox 2200 727 2294 755; x_wconf 83' lang='lat' dir='ltr'>eccle·</span> 
     </span>
     <span class='ocr_line' id='line_1_51' title="bbox 1283 760 2294 810; baseline 0.018 -24"><span class='ocrx_word' id='word_1_290' title='bbox 1283 760 1340 786; x_wconf 86' lang='lat' dir='ltr'>siae</span> <span class='ocrx_word' id='word_1_291' title='bbox 1359 761 1558 797; x_wconf 79' lang='lat' dir='ltr'>Virdunensis,</span> <span class='ocrx_word' id='word_1_292' title='bbox 1578 765 1612 791; x_wconf 89' lang='lat' dir='ltr'>de</span> <span class='ocrx_word' id='word_1_293' title='bbox 1632 766 1727 800; x_wconf 81' lang='lat' dir='ltr'>aliquo</span> <span class='ocrx_word' id='word_1_294' title='bbox 1747 768 1834 802; x_wconf 86' lang='lat' dir='ltr'>ipsius</span> <span class='ocrx_word' id='word_1_295' title='bbox 1852 770 1988 797; x_wconf 74' lang='lat' dir='ltr'>ecclesiae</span> <span class='ocrx_word' id='word_1_296' title='bbox 2012 777 2174 806; x_wconf 76' lang='lat' dir='ltr'>personatu,</span> <span class='ocrx_word' id='word_1_297' title='bbox 2195 777 2294 810; x_wconf 89' lang='lat' dir='ltr'>capel-</span> 
     </span>
     <span class='ocr_line' id='line_1_52' title="bbox 1283 809 2293 856; baseline 0.019 -21"><span class='ocrx_word' id='word_1_298' title='bbox 1283 809 1360 836; x_wconf 83' lang='lat' dir='ltr'>lania</span> <span class='ocrx_word' id='word_1_299' title='bbox 1376 813 1403 838; x_wconf 85' lang='lat' dir='ltr'>ct</span> <span class='ocrx_word' id='word_1_300' title='bbox 1418 813 1543 845; x_wconf 88' lang='lat' dir='ltr'>portaria</span> <span class='ocrx_word' id='word_1_301' title='bbox 1556 815 1693 843; x_wconf 82' lang='lat' dir='ltr'>duntaxat</span> <span class='ocrx_word' id='word_1_302' title='bbox 1705 817 1840 852; x_wconf 79' lang='lat' dir='ltr'>exceptis,</span> <span class='ocrx_word' id='word_1_303' title='bbox 1858 819 2014 853; x_wconf 84' lang='lat' dir='ltr'>provideat.</span> <span class='ocrx_word' id='word_1_304' title='bbox 2029 822 2104 855; x_wconf 67' lang='lat' dir='ltr'>(nm.</span> <span class='ocrx_word' id='word_1_305' title='bbox 2118 825 2160 856; x_wconf 60' lang='lat'>29,</span> <span class='ocrx_word' id='word_1_306' title='bbox 2179 824 2293 854; x_wconf 52' lang='grc'><strong>101253</strong></span> 
     </span>
     <span class='ocr_line' id='line_1_53' title="bbox 1282 860 1487 895; baseline 0.02 -11"><span class='ocrx_word' id='word_1_307' title='bbox 1282 863 1322 890; x_wconf 86' lang='lat' dir='ltr'>v⁰‚</span> <span class='ocrx_word' id='word_1_308' title='bbox 1344 863 1376 885; x_wconf 80' lang='lat' dir='ltr'>n⁰</span> <span class='ocrx_word' id='word_1_309' title='bbox 1396 860 1487 895; x_wconf 87' lang='grc'><strong>1353.)</strong></span> 
     </span>
    </p>
   </div>
   <div class='ocr_carea' id='block_1_28' title="bbox 1321 966 2291 1011">
    <p class='ocr_par' dir='ltr' id='par_1_28' title="bbox 1321 966 2291 1011">
     <span class='ocr_line' id='line_1_54' title="bbox 1321 966 2291 1011; baseline 0.019 -17"><span class='ocrx_word' id='word_1_310' title='bbox 1321 975 1336 994; x_wconf 74' lang='lat' dir='ltr'>(t</span> <span class='ocrx_word' id='word_1_311' title='bbox 1358 966 1488 997; x_wconf 73' lang='lat' dir='ltr'>Cantori</span> <span class='ocrx_word' id='word_1_312' title='bbox 1505 969 1626 999; x_wconf 75' lang='lat' dir='ltr'>ecclesie</span> <span class='ocrx_word' id='word_1_313' title='bbox 1645 981 1669 1000; x_wconf 88' lang='lat' dir='ltr'>s.</span> <span class='ocrx_word' id='word_1_314' title='bbox 1689 972 1815 1003; x_wconf 80' lang='lat' dir='ltr'>Paulini</span> <span class='ocrx_word' id='word_1_315' title='bbox 1839 973 2040 1008; x_wconf 73' lang='lat' dir='ltr'>Treverensis.</span> <span class='ocrx_word' id='word_1_316' title='bbox 2064 978 2225 1010; x_wconf 80' lang='lat' dir='ltr'>Volentes</span> <span class='ocrx_word' id='word_1_317' title='bbox 2243 981 2291 1011; x_wconf 81' lang='lat' dir='ltr'>dt-</span> 
     </span>
    </p>
   </div>
   <div class='ocr_carea' id='block_1_29' title="bbox 1280 1018 2287 1111">
    <p class='ocr_par' dir='ltr' id='par_1_29' title="bbox 1280 1018 2287 1111">
     <span class='ocr_line' id='line_1_55' title="bbox 1280 1018 2287 1069; baseline 0.017 -21"><span class='ocrx_word' id='word_1_318' title='bbox 1280 1018 1404 1050; x_wconf 80' lang='lat' dir='ltr'>lectum</span> <span class='ocrx_word' id='word_1_319' title='bbox 1425 1020 1533 1052; x_wconf 88' lang='lat' dir='ltr'>filium</span> <span class='ocrx_word' id='word_1_320' title='bbox 1552 1041 1600 1054; x_wconf 73' lang='lat'>—.</span> <span class='ocrx_word' id='word_1_321' title='bbox 1621 1024 1744 1055; x_wconf 84' lang='lat' dir='ltr'>Datum</span> <span class='ocrx_word' id='word_1_322' title='bbox 1770 1027 1859 1066; x_wconf 89' lang='lat' dir='ltr'>apud</span> <span class='ocrx_word' id='word_1_323' title='bbox 1879 1028 2169 1069; x_wconf 86' lang='lat' dir='ltr'>Urbemveterem,</span> <span class='ocrx_word' id='word_1_324' title='bbox 2192 1042 2213 1063; x_wconf 83' lang='lat' dir='ltr'>x</span> <span class='ocrx_word' id='word_1_325' title='bbox 2231 1034 2287 1064; x_wconf 86' lang='lat' dir='ltr'>ka-</span> 
     </span>
     <span class='ocr_line' id='line_1_56' title="bbox 1280 1072 1877 1111; baseline 0.015 -9"><span class='ocrx_word' id='word_1_326' title='bbox 1280 1072 1397 1104; x_wconf 87' lang='lat' dir='ltr'>lendas</span> <span class='ocrx_word' id='word_1_327' title='bbox 1414 1074 1614 1111; x_wconf 87' lang='lat' dir='ltr'>decembris,</span> <span class='ocrx_word' id='word_1_328' title='bbox 1632 1086 1718 1109; x_wconf 86' lang='lat' dir='ltr'>anno</span> <span class='ocrx_word' id='word_1_329' title='bbox 1734 1080 1843 1111; x_wconf 87' lang='lat' dir='ltr'>tertio.</span> <span class='ocrx_word' id='word_1_330' title='bbox 1862 1091 1877 1110; x_wconf 86' lang='lat'>»</span> 
     </span>
    </p>
   </div>
   <div class='ocr_carea' id='block_1_30' title="bbox 1368 1233 1464 1265">
    <p class='ocr_par' dir='ltr' id='par_1_30' title="bbox 1368 1233 1464 1265">
     <span class='ocr_line' id='line_1_57' title="bbox 1368 1233 1464 1265; baseline 0.01 -1"><span class='ocrx_word' id='word_1_331' title='bbox 1368 1233 1464 1265; x_wconf 75' lang='lat'>2305</span> 
     </span>
    </p>
   </div>
   <div class='ocr_carea' id='block_1_31' title="bbox 1777 1238 2217 1271">
    <p class='ocr_par' dir='ltr' id='par_1_31' title="bbox 1777 1238 2217 1271">
     <span class='ocr_line' id='line_1_58' title="bbox 1777 1238 2217 1271; baseline 0.018 -8"><span class='ocrx_word' id='word_1_332' title='bbox 1777 1238 1900 1270; x_wconf 67' lang='lat' dir='ltr'>0rviet0,</span> <span class='ocrx_word' id='word_1_333' title='bbox 1922 1240 1952 1267; x_wconf 88' lang='lat'>13</span> <span class='ocrx_word' id='word_1_334' title='bbox 1969 1242 2122 1269; x_wconf 69' lang='lat' dir='ltr'>novembre</span> <span class='ocrx_word' id='word_1_335' title='bbox 2140 1244 2217 1271; x_wconf 78' lang='grc'><strong>1263.</strong></span> 
     </span>
    </p>
   </div>
   <div class='ocr_carea' id='block_1_32' title="bbox 1273 1316 2287 1598">
    <p class='ocr_par' dir='ltr' id='par_1_32' title="bbox 1273 1316 2287 1598">
     <span class='ocr_line' id='line_1_59' title="bbox 1312 1316 2286 1363; baseline 0.014 -20"><span class='ocrx_word' id='word_1_336' title='bbox 1312 1316 1501 1346; x_wconf 86' lang='lat' dir='ltr'>Thesaurario</span> <span class='ocrx_word' id='word_1_337' title='bbox 1519 1320 1656 1348; x_wconf 86' lang='lat' dir='ltr'>ecclesiae</span> <span class='ocrx_word' id='word_1_338' title='bbox 1671 1322 1851 1356; x_wconf 65' lang='lat' dir='ltr'>Nix-emensis,</span> <span class='ocrx_word' id='word_1_339' title='bbox 1867 1324 2032 1353; x_wconf 87' lang='lat' dir='ltr'>Leodiensis</span> <span class='ocrx_word' id='word_1_340' title='bbox 2053 1327 2187 1363; x_wconf 85' lang='lat' dir='ltr'>diocesis,</span> <span class='ocrx_word' id='word_1_341' title='bbox 2207 1338 2286 1356; x_wconf 83' lang='lat' dir='ltr'>man-</span> 
     </span>
     <span class='ocr_line' id='line_1_60' title="bbox 1274 1365 2287 1410; baseline 0.014 -18"><span class='ocrx_word' id='word_1_342' title='bbox 1274 1365 1323 1393; x_wconf 79' lang='lat' dir='ltr'>dat</span> <span class='ocrx_word' id='word_1_343' title='bbox 1342 1369 1373 1394; x_wconf 83' lang='lat' dir='ltr'>ut</span> <span class='ocrx_word' id='word_1_344' title='bbox 1391 1367 1513 1395; x_wconf 86' lang='lat' dir='ltr'>Johanni</span> <span class='ocrx_word' id='word_1_345' title='bbox 1527 1370 1561 1396; x_wconf 87' lang='lat' dir='ltr'>de</span> <span class='ocrx_word' id='word_1_346' title='bbox 1574 1370 1664 1405; x_wconf 84' lang='lat' dir='ltr'>Greis‚</span> <span class='ocrx_word' id='word_1_347' title='bbox 1684 1371 1760 1399; x_wconf 82' lang='lat' dir='ltr'>dicto</span> <span class='ocrx_word' id='word_1_348' title='bbox 1786 1373 1922 1406; x_wconf 79' lang='lat' dir='ltr'>Fremin:‚</span> <span class='ocrx_word' id='word_1_349' title='bbox 1947 1376 2064 1410; x_wconf 87' lang='lat' dir='ltr'>pauperi</span> <span class='ocrx_word' id='word_1_350' title='bbox 2090 1377 2196 1405; x_wconf 86' lang='lat' dir='ltr'>clerico</span> <span class='ocrx_word' id='word_1_351' title='bbox 2218 1378 2287 1405; x_wconf 90' lang='lat' dir='ltr'>Leo-</span> 
     </span>
     <span class='ocr_line' id='line_1_61' title="bbox 1274 1414 2285 1455; baseline 0.014 -14"><span class='ocrx_word' id='word_1_352' title='bbox 1274 1414 1382 1442; x_wconf 87' lang='lat' dir='ltr'>diensis</span> <span class='ocrx_word' id='word_1_353' title='bbox 1398 1416 1530 1445; x_wconf 82' lang='lat' dir='ltr'>diocesis.</span> <span class='ocrx_word' id='word_1_354' title='bbox 1546 1419 1580 1445; x_wconf 89' lang='grc'>(10</span> <span class='ocrx_word' id='word_1_355' title='bbox 1601 1419 1697 1454; x_wconf 82' lang='lat' dir='ltr'>aliquo</span> <span class='ocrx_word' id='word_1_356' title='bbox 1715 1421 1852 1449; x_wconf 85' lang='lat' dir='ltr'>beneficio</span> <span class='ocrx_word' id='word_1_357' title='bbox 1870 1424 1906 1450; x_wconf 87' lang='lat' dir='ltr'>ad</span> <span class='ocrx_word' id='word_1_358' title='bbox 1924 1424 2110 1452; x_wconf 79' lang='lat' dir='ltr'>collationem</span> <span class='ocrx_word' id='word_1_359' title='bbox 2129 1427 2241 1454; x_wconf 81' lang='lat' dir='ltr'>abbatis</span> <span class='ocrx_word' id='word_1_360' title='bbox 2258 1431 2285 1455; x_wconf 84' lang='lat' dir='ltr'>et</span> 
     </span>
     <span class='ocr_line' id='line_1_62' title="bbox 1274 1468 2283 1509; baseline 0.014 -19"><span class='ocrx_word' id='word_1_361' title='bbox 1274 1468 1432 1492; x_wconf 89' lang='lat' dir='ltr'>conventus</span> <span class='ocrx_word' id='word_1_362' title='bbox 1448 1469 1651 1495; x_wconf 83' lang='lat' dir='ltr'>monasteriis.</span> <span class='ocrx_word' id='word_1_363' title='bbox 1668 1470 1744 1497; x_wconf 87' lang='lat' dir='ltr'>Petri</span> <span class='ocrx_word' id='word_1_364' title='bbox 1760 1471 1793 1497; x_wconf 84' lang='lat' dir='ltr'>de</span> <span class='ocrx_word' id='word_1_365' title='bbox 1802 1472 1944 1503; x_wconf 66' lang='lat' dir='ltr'>Gandaw),</span> <span class='ocrx_word' id='word_1_366' title='bbox 1962 1474 2071 1501; x_wconf 85' lang='lat' dir='ltr'>ordinis</span> <span class='ocrx_word' id='word_1_367' title='bbox 2089 1484 2111 1501; x_wconf 86' lang='lat' dir='ltr'>s.</span> <span class='ocrx_word' id='word_1_368' title='bbox 2129 1476 2283 1509; x_wconf 77' lang='lat' dir='ltr'>Benedicti,</span> 
     </span>
     <span class='ocr_line' id='line_1_63' title="bbox 1275 1513 2281 1556; baseline 0.015 -18"><span class='ocrx_word' id='word_1_369' title='bbox 1275 1513 1462 1541; x_wconf 84' lang='lat' dir='ltr'>Tornacensis</span> <span class='ocrx_word' id='word_1_370' title='bbox 1491 1516 1623 1551; x_wconf 87' lang='lat' dir='ltr'>diocesis,</span> <span class='ocrx_word' id='word_1_371' title='bbox 1655 1518 1815 1554; x_wconf 81' lang='lat' dir='ltr'>spectante,</span> <span class='ocrx_word' id='word_1_372' title='bbox 1845 1522 2005 1555; x_wconf 77' lang='lat' dir='ltr'>provideat.</span> <span class='ocrx_word' id='word_1_373' title='bbox 2044 1524 2122 1556; x_wconf 70' lang='lat' dir='ltr'>(Rea.</span> <span class='ocrx_word' id='word_1_374' title='bbox 2154 1526 2197 1556; x_wconf 83' lang='grc'>29,</span> <span class='ocrx_word' id='word_1_375' title='bbox 2233 1525 2281 1553; x_wconf 83' lang='lat' dir='ltr'>sot.</span> 
     </span>
     <span class='ocr_line' id='line_1_64' title="bbox 1273 1563 1529 1598; baseline 0.016 -10"><span class='ocrx_word' id='word_1_376' title='bbox 1273 1563 1325 1590; x_wconf 81' lang='grc'>253</span> <span class='ocrx_word' id='word_1_377' title='bbox 1338 1568 1375 1593; x_wconf 60' lang='grc' dir='ltr'>το,</span> <span class='ocrx_word' id='word_1_378' title='bbox 1391 1568 1421 1590; x_wconf 93' lang='lat' dir='ltr'>n⁰</span> <span class='ocrx_word' id='word_1_379' title='bbox 1441 1564 1529 1598; x_wconf 68' lang='lat'>1354.)</span> 
     </span>
    </p>
   </div>
   <div class='ocr_carea' id='block_1_33' title="bbox 1272 1671 2282 1817">
    <p class='ocr_par' dir='ltr' id='par_1_33' title="bbox 1272 1671 2282 1817">
     <span class='ocr_line' id='line_1_65' title="bbox 1315 1671 2279 1713; baseline 0.013 -14"><span class='ocrx_word' id='word_1_380' title='bbox 1315 1682 1330 1697; x_wconf 76' lang='grc' dir='ltr'>(ι</span> <span class='ocrx_word' id='word_1_381' title='bbox 1352 1671 1551 1702; x_wconf 69' lang='lat' dir='ltr'>Thesaurario</span> <span class='ocrx_word' id='word_1_382' title='bbox 1579 1674 1699 1704; x_wconf 82' lang='lat' dir='ltr'>ecclesie</span> <span class='ocrx_word' id='word_1_383' title='bbox 1723 1675 1914 1712; x_wconf 70' lang='lat' dir='ltr'>Nivellcnsis,</span> <span class='ocrx_word' id='word_1_384' title='bbox 1941 1678 2112 1709; x_wconf 81' lang='lat' dir='ltr'>Leodicnsis</span> <span class='ocrx_word' id='word_1_385' title='bbox 2142 1681 2279 1713; x_wconf 77' lang='lat' dir='ltr'>diocesis.</span> 
     </span>
     <span class='ocr_line' id='line_1_66' title="bbox 1272 1724 2282 1770; baseline 0.012 -17"><span class='ocrx_word' id='word_1_386' title='bbox 1272 1724 1485 1755; x_wconf 85' lang='lat' dir='ltr'>Constitutus</span> <span class='ocrx_word' id='word_1_387' title='bbox 1504 1726 1536 1756; x_wconf 88' lang='lat' dir='ltr'>in</span> <span class='ocrx_word' id='word_1_388' title='bbox 1557 1728 1727 1765; x_wconf 84' lang='lat' dir='ltr'>presentia</span> <span class='ocrx_word' id='word_1_389' title='bbox 1746 1747 1793 1770; x_wconf 48' lang='grc' dir='ltr'>Τ.</span> <span class='ocrx_word' id='word_1_390' title='bbox 1813 1730 1937 1760; x_wconf 84' lang='lat' dir='ltr'>Datum</span> <span class='ocrx_word' id='word_1_391' title='bbox 1957 1732 2045 1770; x_wconf 87' lang='lat' dir='ltr'>apud</span> <span class='ocrx_word' id='word_1_392' title='bbox 2065 1732 2282 1766; x_wconf 84' lang='lat' dir='ltr'>Urbemvete-</span> 
     </span>
     <span class='ocr_line' id='line_1_67' title="bbox 1272 1778 1948 1817; baseline 0.01 -11"><span class='ocrx_word' id='word_1_393' title='bbox 1272 1786 1353 1814; x_wconf 88' lang='lat' dir='ltr'>rem,</span> <span class='ocrx_word' id='word_1_394' title='bbox 1374 1778 1449 1808; x_wconf 84' lang='lat' dir='ltr'>idus</span> <span class='ocrx_word' id='word_1_395' title='bbox 1466 1780 1672 1817; x_wconf 81' lang='lat' dir='ltr'>novembris,</span> <span class='ocrx_word' id='word_1_396' title='bbox 1695 1790 1781 1813; x_wconf 89' lang='lat' dir='ltr'>anno</span> <span class='ocrx_word' id='word_1_397' title='bbox 1801 1783 1912 1814; x_wconf 85' lang='lat' dir='ltr'>tertio.</span> <span class='ocrx_word' id='word_1_398' title='bbox 1934 1795 1948 1813; x_wconf 72' lang='lat' dir='ltr'>n</span> 
     </span>
    </p>
   </div>
   <div class='ocr_carea' id='block_1_34' title="bbox 1359 1939 2207 1976">
    <p class='ocr_par' dir='ltr' id='par_1_34' title="bbox 1359 1939 2207 1976">
     <span class='ocr_line' id='line_1_68' title="bbox 1359 1939 2207 1976; baseline 0.009 -10"><span class='ocrx_word' id='word_1_399' title='bbox 1359 1939 1458 1971; x_wconf 79' lang='grc'><strong>2306</strong></span> <span class='ocrx_word' id='word_1_400' title='bbox 1780 1941 1905 1976; x_wconf 61' lang='grc'><strong>0111010,</strong></span> <span class='ocrx_word' id='word_1_401' title='bbox 1927 1945 1942 1970; x_wconf 80' lang='grc'><strong>5</strong></span> <span class='ocrx_word' id='word_1_402' title='bbox 1958 1944 2108 1972; x_wconf 75' lang='lat' dir='ltr'>decembre</span> <span class='ocrx_word' id='word_1_403' title='bbox 2132 1946 2207 1974; x_wconf 75' lang='grc'><strong>1263.</strong></span> 
     </span>
    </p>
   </div>
   <div class='ocr_carea' id='block_1_35' title="bbox 1269 2022 2279 2112">
    <p class='ocr_par' dir='ltr' id='par_1_35' title="bbox 1269 2022 2279 2112">
     <span class='ocr_line' id='line_1_69' title="bbox 1304 2022 2278 2062; baseline 0.011 -15"><span class='ocrx_word' id='word_1_404' title='bbox 1304 2022 1406 2048; x_wconf 72' lang='lat' dir='ltr'>Abbati</span> <span class='ocrx_word' id='word_1_405' title='bbox 1428 2025 1455 2049; x_wconf 88' lang='lat' dir='ltr'>et</span> <span class='ocrx_word' id='word_1_406' title='bbox 1471 2023 1559 2057; x_wconf 89' lang='lat' dir='ltr'>priori</span> <span class='ocrx_word' id='word_1_407' title='bbox 1576 2032 1598 2050; x_wconf 95' lang='lat' dir='ltr'>s.</span> <span class='ocrx_word' id='word_1_408' title='bbox 1618 2025 1744 2060; x_wconf 81' lang='lat' dir='ltr'>Dionysii</span> <span class='ocrx_word' id='word_1_409' title='bbox 1761 2026 1789 2052; x_wconf 90' lang='lat' dir='ltr'>in</span> <span class='ocrx_word' id='word_1_410' title='bbox 1807 2026 1937 2061; x_wconf 80' lang='lat' dir='ltr'>Francia,</span> <span class='ocrx_word' id='word_1_411' title='bbox 1957 2028 2126 2056; x_wconf 88' lang='lat' dir='ltr'>Parisiensis</span> <span class='ocrx_word' id='word_1_412' title='bbox 2145 2031 2278 2062; x_wconf 74' lang='lat' dir='ltr'>diocesis,</span> 
     </span>
     <span class='ocr_line' id='line_1_70' title="bbox 1269 2071 2279 2112; baseline 0.011 -16"><span class='ocrx_word' id='word_1_413' title='bbox 1269 2071 1386 2098; x_wconf 79' lang='lat' dir='ltr'>mandat</span> <span class='ocrx_word' id='word_1_414' title='bbox 1402 2073 1441 2102; x_wconf 89' lang='lat' dir='ltr'>ut,</span> <span class='ocrx_word' id='word_1_415' title='bbox 1455 2080 1470 2098; x_wconf 85' lang='lat' dir='ltr'>a</span> <span class='ocrx_word' id='word_1_416' title='bbox 1481 2073 1625 2104; x_wconf 79' lang='lat' dir='ltr'>Mauricio,</span> <span class='ocrx_word' id='word_1_417' title='bbox 1643 2078 1826 2108; x_wconf 80' lang='lat' dir='ltr'>praecentore</span> <span class='ocrx_word' id='word_1_418' title='bbox 1839 2077 1976 2103; x_wconf 83' lang='lat' dir='ltr'>ecclesiae</span> <span class='ocrx_word' id='word_1_419' title='bbox 1994 2078 2154 2105; x_wconf 64' lang='grc' dir='ltr'>Δ1101110000</span> <span class='ocrx_word' id='word_1_420' title='bbox 2164 2079 2215 2112; x_wconf 76' lang='lat' dir='ltr'>sis,</span> <span class='ocrx_word' id='word_1_421' title='bbox 2233 2089 2279 2108; x_wconf 90' lang='lat' dir='ltr'>ca-</span> 
     </span>
    </p>
   </div>
   <div class='ocr_carea' id='block_1_36' title="bbox 199 2120 2279 2194">
    <p class='ocr_par' dir='ltr' id='par_1_36' title="bbox 199 2120 2279 2194">
     <span class='ocr_line' id='line_1_71' title="bbox 1240 2120 2279 2160; baseline 0.01 -14"><span class='ocrx_word' id='word_1_422' title='bbox 1240 2149 1242 2160; x_wconf 63' lang='lat'>&lt;</span> <span class='ocrx_word' id='word_1_423' title='bbox 1267 2120 1417 2147; x_wconf 89' lang='lat' dir='ltr'>nonicatus</span> <span class='ocrx_word' id='word_1_424' title='bbox 1433 2124 1459 2148; x_wconf 88' lang='lat' dir='ltr'>et</span> <span class='ocrx_word' id='word_1_425' title='bbox 1476 2123 1655 2155; x_wconf 81' lang='lat' dir='ltr'>praebendae</span> <span class='ocrx_word' id='word_1_426' title='bbox 1673 2123 1866 2159; x_wconf 84' lang='lat' dir='ltr'>resignatione</span> <span class='ocrx_word' id='word_1_427' title='bbox 1886 2129 2012 2160; x_wconf 72' lang='lat' dir='ltr'>recepta,</span> <span class='ocrx_word' id='word_1_428' title='bbox 2029 2128 2233 2155; x_wconf 79' lang='lat' dir='ltr'>canonicatum</span> <span class='ocrx_word' id='word_1_429' title='bbox 2251 2132 2279 2156; x_wconf 83' lang='lat' dir='ltr'>et</span> 
     </span>
     <span class='ocr_line' id='line_1_72' title="bbox 199 2159 1242 2194; baseline 0.004 -9"><span class='ocrx_word' id='word_1_430' title='bbox 199 2161 229 2186; x_wconf 83' lang='lat' dir='ltr'>ut</span> <span class='ocrx_word' id='word_1_431' title='bbox 246 2159 398 2187; x_wconf 87' lang='lat' dir='ltr'>Petribono</span> <span class='ocrx_word' id='word_1_432' title='bbox 414 2160 536 2187; x_wconf 73' lang='lat' dir='ltr'>Gattusii</span> <span class='ocrx_word' id='word_1_433' title='bbox 559 2162 592 2187; x_wconf 90' lang='lat' dir='ltr'>de</span> <span class='ocrx_word' id='word_1_434' title='bbox 611 2161 706 2194; x_wconf 80' lang='lat' dir='ltr'>Parte,</span> <span class='ocrx_word' id='word_1_435' title='bbox 730 2161 867 2188; x_wconf 87' lang='lat' dir='ltr'>canonico</span> <span class='ocrx_word' id='word_1_436' title='bbox 893 2162 1032 2188; x_wconf 83' lang='lat' dir='ltr'>ecclesiae</span> <span class='ocrx_word' id='word_1_437' title='bbox 1053 2171 1075 2189; x_wconf 92' lang='lat' dir='ltr'>s.</span> <span class='ocrx_word' id='word_1_438' title='bbox 1099 2162 1208 2189; x_wconf 78' lang='lat' dir='ltr'>Mariae</span> <span class='ocrx_word' id='word_1_439' title='bbox 1241 2166 1242 2171; x_wconf 64' lang='lat'>¹</span> 
     </span>
    </p>
   </div>
   <div class='ocr_carea' id='block_1_37' title="bbox 1266 2170 2277 2262">
    <p class='ocr_par' dir='ltr' id='par_1_37' title="bbox 1266 2170 2277 2262">
     <span class='ocr_line' id='line_1_73' title="bbox 1266 2170 2277 2212; baseline 0.01 -17"><span class='ocrx_word' id='word_1_440' title='bbox 1266 2170 1459 2204; x_wconf 82' lang='lat' dir='ltr'>praebendam</span> <span class='ocrx_word' id='word_1_441' title='bbox 1472 2179 1609 2206; x_wconf 83' lang='lat' dir='ltr'>personae</span> <span class='ocrx_word' id='word_1_442' title='bbox 1625 2172 1742 2199; x_wconf 85' lang='lat' dir='ltr'>idoneae</span> <span class='ocrx_word' id='word_1_443' title='bbox 1758 2174 1908 2202; x_wconf 78' lang='lat' dir='ltr'>conserant</span> <span class='ocrx_word' id='word_1_444' title='bbox 1922 2178 1949 2202; x_wconf 86' lang='lat' dir='ltr'>et</span> <span class='ocrx_word' id='word_1_445' title='bbox 1963 2177 2192 2211; x_wconf 77' lang='lat' dir='ltr'>precentoriam,</span> <span class='ocrx_word' id='word_1_446' title='bbox 2206 2186 2277 2212; x_wconf 83' lang='lat' dir='ltr'>quae</span> 
     </span>
     <span class='ocr_line' id='line_1_74' title="bbox 1266 2218 2276 2262; baseline 0.009 -17"><span class='ocrx_word' id='word_1_447' title='bbox 1266 2219 1327 2252; x_wconf 89' lang='lat' dir='ltr'>ipso</span> <span class='ocrx_word' id='word_1_448' title='bbox 1344 2218 1418 2246; x_wconf 83' lang='lat' dir='ltr'>facto</span> <span class='ocrx_word' id='word_1_449' title='bbox 1443 2221 1596 2254; x_wconf 72' lang='lat' dir='ltr'>vacaverit,</span> <span class='ocrx_word' id='word_1_450' title='bbox 1621 2230 1687 2248; x_wconf 83' lang='lat' dir='ltr'>cum</span> <span class='ocrx_word' id='word_1_451' title='bbox 1708 2222 1801 2249; x_wconf 85' lang='lat' dir='ltr'>nullus</span> <span class='ocrx_word' id='word_1_452' title='bbox 1822 2227 1935 2257; x_wconf 85' lang='lat' dir='ltr'>praeter</span> <span class='ocrx_word' id='word_1_453' title='bbox 1950 2225 2123 2252; x_wconf 83' lang='lat' dir='ltr'>canonicum</span> <span class='ocrx_word' id='word_1_454' title='bbox 2147 2227 2276 2262; x_wconf 87' lang='lat' dir='ltr'>ejusdem</span> 
     </span>
    </p>
   </div>
   <div class='ocr_carea' id='block_1_38' title="bbox 1240 2268 2277 2308">
    <p class='ocr_par' dir='ltr' id='par_1_38' title="bbox 1240 2268 2277 2308">
     <span class='ocr_line' id='line_1_75' title="bbox 1240 2268 2277 2308; baseline 0.009 -14"><span class='ocrx_word' id='word_1_455' title='bbox 1240 2280 1241 2283; x_wconf 46' lang='lat'>¹</span> <span class='ocrx_word' id='word_1_456' title='bbox 1265 2268 1403 2295; x_wconf 83' lang='lat' dir='ltr'>ecclesiae</span> <span class='ocrx_word' id='word_1_457' title='bbox 1430 2277 1494 2296; x_wconf 87' lang='lat' dir='ltr'>eam</span> <span class='ocrx_word' id='word_1_458' title='bbox 1512 2270 1641 2297; x_wconf 83' lang='lat' dir='ltr'>obtinere</span> <span class='ocrx_word' id='word_1_459' title='bbox 1668 2271 1772 2303; x_wconf 77' lang='lat' dir='ltr'>valeat,</span> <span class='ocrx_word' id='word_1_460' title='bbox 1790 2272 1873 2299; x_wconf 87' lang='lat' dir='ltr'>Petro</span> <span class='ocrx_word' id='word_1_461' title='bbox 1900 2273 1934 2299; x_wconf 86' lang='lat' dir='ltr'>de</span> <span class='ocrx_word' id='word_1_462' title='bbox 1958 2274 2081 2308; x_wconf 71' lang='lat' dir='ltr'>Nox-illa,</span> <span class='ocrx_word' id='word_1_463' title='bbox 2103 2275 2277 2303; x_wconf 87' lang='lat' dir='ltr'>subdiacono</span> 
     </span>
    </p>
   </div>
   <div class='ocr_carea' id='block_1_39' title="bbox 1266 2318 2275 2403">
    <p class='ocr_par' dir='ltr' id='par_1_39' title="bbox 1266 2318 2275 2403">
     <span class='ocr_line' id='line_1_76' title="bbox 1266 2318 2275 2358; baseline 0.006 -14"><span class='ocrx_word' id='word_1_464' title='bbox 1266 2319 1293 2344; x_wconf 77' lang='lat' dir='ltr'>et</span> <span class='ocrx_word' id='word_1_465' title='bbox 1324 2318 1472 2352; x_wconf 84' lang='lat' dir='ltr'>capellano</span> <span class='ocrx_word' id='word_1_466' title='bbox 1503 2319 1671 2353; x_wconf 83' lang='lat' dir='ltr'>apostolico,</span> <span class='ocrx_word' id='word_1_467' title='bbox 1707 2320 1846 2347; x_wconf 87' lang='lat' dir='ltr'>canonico</span> <span class='ocrx_word' id='word_1_468' title='bbox 1884 2322 2083 2353; x_wconf 69' lang='lat' dir='ltr'>Ambianensi,</span> <span class='ocrx_word' id='word_1_469' title='bbox 2114 2324 2275 2358; x_wconf 79' lang='lat' dir='ltr'>assignent.</span> 
     </span>
     <span class='ocr_line' id='line_1_77' title="bbox 1266 2367 1711 2403; baseline 0.007 -11"><span class='ocrx_word' id='word_1_470' title='bbox 1266 2367 1345 2401; x_wconf 71' lang='grc'><strong>(1100,</strong></span> <span class='ocrx_word' id='word_1_471' title='bbox 1364 2367 1407 2394; x_wconf 74' lang='grc'><strong>29,</strong></span> <span class='ocrx_word' id='word_1_472' title='bbox 1424 2367 1471 2394; x_wconf 81' lang='lat' dir='ltr'>sol.</span> <span class='ocrx_word' id='word_1_473' title='bbox 1490 2368 1552 2399; x_wconf 72' lang='grc'><strong>254,</strong></span> <span class='ocrx_word' id='word_1_474' title='bbox 1571 2373 1600 2394; x_wconf 77' lang='lat' dir='ltr'>n⁶</span> <span class='ocrx_word' id='word_1_475' title='bbox 1620 2369 1711 2403; x_wconf 75' lang='lat'>1355.)</span> 
     </span>
    </p>
   </div>
   <div class='ocr_carea' id='block_1_40' title="bbox 1263 2472 2275 2618">
    <p class='ocr_par' dir='ltr' id='par_1_40' title="bbox 1263 2472 2275 2618">
     <span class='ocr_line' id='line_1_78' title="bbox 1307 2472 2275 2513; baseline 0.006 -13"><span class='ocrx_word' id='word_1_476' title='bbox 1307 2484 1320 2498; x_wconf 96' lang='lat'>«</span> <span class='ocrx_word' id='word_1_477' title='bbox 1343 2495 1348 2500; x_wconf 94' lang='lat'>.</span> <span class='ocrx_word' id='word_1_478' title='bbox 1371 2496 1376 2501; x_wconf 89' lang='lat'><em>.</em></span> <span class='ocrx_word' id='word_1_479' title='bbox 1395 2472 1534 2502; x_wconf 78' lang='lat' dir='ltr'>abbatiet</span> <span class='ocrx_word' id='word_1_480' title='bbox 1553 2496 1558 2501; x_wconf 95' lang='lat'>.</span> <span class='ocrx_word' id='word_1_481' title='bbox 1575 2498 1580 2503; x_wconf 87' lang='lat'>.</span> <span class='ocrx_word' id='word_1_482' title='bbox 1596 2473 1700 2513; x_wconf 74' lang='lat' dir='ltr'>priori</span> <span class='ocrx_word' id='word_1_483' title='bbox 1713 2483 1736 2502; x_wconf 89' lang='lat' dir='ltr'>s.</span> <span class='ocrx_word' id='word_1_484' title='bbox 1755 2473 1886 2503; x_wconf 78' lang='lat' dir='ltr'>Dioni&#39;sii</span> <span class='ocrx_word' id='word_1_485' title='bbox 1903 2475 1932 2504; x_wconf 83' lang='lat' dir='ltr'>in</span> <span class='ocrx_word' id='word_1_486' title='bbox 1950 2475 2096 2512; x_wconf 80' lang='lat' dir='ltr'>Francia,</span> <span class='ocrx_word' id='word_1_487' title='bbox 2117 2476 2275 2506; x_wconf 67' lang='lat' dir='ltr'>Parisicn-</span> 
     </span>
     <span class='ocr_line' id='line_1_79' title="bbox 1263 2525 2274 2560; baseline 0.006 -6"><span class='ocrx_word' id='word_1_488' title='bbox 1263 2525 1303 2555; x_wconf 76' lang='lat' dir='ltr'>sis</span> <span class='ocrx_word' id='word_1_489' title='bbox 1331 2525 1465 2557; x_wconf 76' lang='lat' dir='ltr'>diocesis,</span> <span class='ocrx_word' id='word_1_490' title='bbox 1498 2526 1696 2556; x_wconf 86' lang='lat' dir='ltr'>Laudabilis</span> <span class='ocrx_word' id='word_1_491' title='bbox 1718 2528 1987 2558; x_wconf 80' lang='lat' dir='ltr'>conversationis</span> <span class='ocrx_word' id='word_1_492' title='bbox 2013 2531 2043 2559; x_wconf 88' lang='lat' dir='ltr'>et</span> <span class='ocrx_word' id='word_1_493' title='bbox 2068 2547 2116 2560; x_wconf 91' lang='lat'>—.</span> <span class='ocrx_word' id='word_1_494' title='bbox 2147 2530 2274 2560; x_wconf 85' lang='lat' dir='ltr'>Datum</span> 
     </span>
     <span class='ocr_line' id='line_1_80' title="bbox 1264 2579 2274 2618; baseline 0.004 -9"><span class='ocrx_word' id='word_1_495' title='bbox 1264 2580 1352 2618; x_wconf 89' lang='lat' dir='ltr'>apud</span> <span class='ocrx_word' id='word_1_496' title='bbox 1371 2579 1658 2616; x_wconf 86' lang='lat' dir='ltr'>Urbemveterem,</span> <span class='ocrx_word' id='word_1_497' title='bbox 1677 2583 1774 2611; x_wconf 88' lang='lat' dir='ltr'>nonis</span> <span class='ocrx_word' id='word_1_498' title='bbox 1796 2580 1997 2618; x_wconf 84' lang='lat' dir='ltr'>decembris,</span> <span class='ocrx_word' id='word_1_499' title='bbox 2019 2590 2105 2613; x_wconf 88' lang='lat' dir='ltr'>anno</span> <span class='ocrx_word' id='word_1_500' title='bbox 2126 2584 2237 2614; x_wconf 83' lang='lat' dir='ltr'>tertio.</span> <span class='ocrx_word' id='word_1_501' title='bbox 2259 2594 2274 2613; x_wconf 88' lang='lat'>»</span> 
     </span>
    </p>
   </div>
   <div class='ocr_carea' id='block_1_41' title="bbox 1778 2742 2200 2775">
    <p class='ocr_par' dir='ltr' id='par_1_41' title="bbox 1778 2742 2200 2775">
     <span class='ocr_line' id='line_1_81' title="bbox 1778 2742 2200 2775; baseline 0.009 -7"><span class='ocrx_word' id='word_1_502' title='bbox 1778 2742 1903 2775; x_wconf 78' lang='lat' dir='ltr'>Orvieto,</span> <span class='ocrx_word' id='word_1_503' title='bbox 1918 2743 1935 2770; x_wconf 75' lang='lat'>4</span> <span class='ocrx_word' id='word_1_504' title='bbox 1952 2744 2104 2771; x_wconf 79' lang='lat' dir='ltr'>decembre</span> <span class='ocrx_word' id='word_1_505' title='bbox 2124 2742 2200 2772; x_wconf 81' lang='grc'><strong>1263.</strong></span> 
     </span>
    </p>
   </div>
   <div class='ocr_carea' id='block_1_42' title="bbox 1352 2742 1449 2774">
    <p class='ocr_par' dir='ltr' id='par_1_42' title="bbox 1352 2742 1449 2774">
     <span class='ocr_line' id='line_1_82' title="bbox 1352 2742 1449 2774; baseline 0.01 -1"><span class='ocrx_word' id='word_1_506' title='bbox 1352 2742 1449 2774; x_wconf 90' lang='grc'><strong>2307</strong></span> 
     </span>
    </p>
   </div>
   <div class='ocr_carea' id='block_1_43' title="bbox 1298 2829 2273 2867">
    <p class='ocr_par' dir='ltr' id='par_1_43' title="bbox 1298 2829 2273 2867">
     <span class='ocr_line' id='line_1_83' title="bbox 1298 2829 2273 2867; baseline 0.005 -11"><span class='ocrx_word' id='word_1_507' title='bbox 1298 2829 1411 2857; x_wconf 85' lang='lat' dir='ltr'>Eisdem</span> <span class='ocrx_word' id='word_1_508' title='bbox 1426 2830 1543 2858; x_wconf 80' lang='lat' dir='ltr'>mandat</span> <span class='ocrx_word' id='word_1_509' title='bbox 1556 2833 1596 2862; x_wconf 87' lang='lat' dir='ltr'>ut,</span> <span class='ocrx_word' id='word_1_510' title='bbox 1613 2839 1629 2857; x_wconf 88' lang='lat' dir='ltr'>a</span> <span class='ocrx_word' id='word_1_511' title='bbox 1646 2830 1790 2862; x_wconf 78' lang='lat' dir='ltr'>Mauricio,</span> <span class='ocrx_word' id='word_1_512' title='bbox 1806 2834 1993 2865; x_wconf 79' lang='lat' dir='ltr'>praecentore</span> <span class='ocrx_word' id='word_1_513' title='bbox 2011 2832 2208 2867; x_wconf 72' lang='lat' dir='ltr'>Ambianensi,</span> <span class='ocrx_word' id='word_1_514' title='bbox 2227 2842 2273 2861; x_wconf 86' lang='lat' dir='ltr'>ca-</span> 
     </span>
    </p>
   </div>
   <div class='ocr_carea' id='block_1_44' title="bbox 1235 2870 2272 2965">
    <p class='ocr_par' dir='ltr' id='par_1_44' title="bbox 1235 2870 2272 2965">
     <span class='ocr_line' id='line_1_84' title="bbox 1236 2870 2272 2915; baseline 0.004 -10"><span class='ocrx_word' id='word_1_515' title='bbox 1236 2870 1238 2894; x_wconf 56' lang='lat' dir='ltr'>i</span> <span class='ocrx_word' id='word_1_516' title='bbox 1262 2879 1411 2906; x_wconf 81' lang='lat' dir='ltr'>nonicatus</span> <span class='ocrx_word' id='word_1_517' title='bbox 1425 2881 1453 2905; x_wconf 85' lang='lat' dir='ltr'>et</span> <span class='ocrx_word' id='word_1_518' title='bbox 1473 2879 1649 2913; x_wconf 83' lang='lat' dir='ltr'>praebendae</span> <span class='ocrx_word' id='word_1_519' title='bbox 1665 2879 1859 2913; x_wconf 83' lang='lat' dir='ltr'>resignatione</span> <span class='ocrx_word' id='word_1_520' title='bbox 1879 2884 2003 2915; x_wconf 71' lang='lat' dir='ltr'>recepta,</span> <span class='ocrx_word' id='word_1_521' title='bbox 2020 2882 2135 2908; x_wconf 82' lang='lat' dir='ltr'>eosdem</span> <span class='ocrx_word' id='word_1_522' title='bbox 2152 2882 2272 2909; x_wconf 85' lang='lat' dir='ltr'>canoni-</span> 
     </span>
     <span class='ocr_line' id='line_1_85' title="bbox 1235 2928 2272 2965; baseline 0.004 -11"><span class='ocrx_word' id='word_1_523' title='bbox 1235 2935 1237 2944; x_wconf 62' lang='grc'><strong>*</strong></span> <span class='ocrx_word' id='word_1_524' title='bbox 1261 2930 1357 2954; x_wconf 88' lang='lat' dir='ltr'>catum</span> <span class='ocrx_word' id='word_1_525' title='bbox 1388 2930 1415 2954; x_wconf 82' lang='lat' dir='ltr'>et</span> <span class='ocrx_word' id='word_1_526' title='bbox 1440 2928 1633 2962; x_wconf 76' lang='lat' dir='ltr'>praebendam</span> <span class='ocrx_word' id='word_1_527' title='bbox 1656 2928 1797 2962; x_wconf 78' lang='lat' dir='ltr'>magistro</span> <span class='ocrx_word' id='word_1_528' title='bbox 1823 2929 1933 2964; x_wconf 79' lang='lat' dir='ltr'>Ilugoni</span> <span class='ocrx_word' id='word_1_529' title='bbox 1956 2930 1989 2956; x_wconf 84' lang='lat' dir='ltr'>de</span> <span class='ocrx_word' id='word_1_530' title='bbox 2021 2930 2272 2965; x_wconf 74' lang='lat' dir='ltr'>(iollamfontibus‚</span> 
     </span>
    </p>
   </div>
  </div>
 </body>
</html>
