2519 3262
190 301 248 330 462

191 385 412 416 cardinalium
429 385 484 424 qui
503 387 638 423 propter
655 384 714 414 hoc
732 383 950 422 apostolicam
975 384 1118 422 gratiam
1139 383 1198 412 1111-

190 491 403 521 commodum
439 489 612 529 proveniat
654 489 861 524 affectatum,
907 488 1107 518 fraternitati
1142 490 1196 517 tue

190 544 389 574 mandamus
404 543 573 582 quatinus,
593 542 622 572 si
639 544 689 572 est
707 542 763 578 ita,
776 541 969 580 hujusmodi
987 540 1196 571 revocatione

189 599 221 627 et
233 597 471 627 constitutione
484 597 608 626 nostris
619 604 677 634 per
689 604 773 634 quas
787 595 916 625 nullum
930 595 1039 625 eidem
1052 593 1197 624 Johanni

190 650 360 679 voluimus
382 657 483 688 super
504 649 593 679 dicta
612 649 804 688 provisione
825 657 885 678 sua
907 647 1130 687 prejudicium
1147 656 1197 685 ge-

191 703 310 738 nerari,
330 703 382 733 vel
400 702 626 732 obstacultum
639 702 817 740 lutei-poni,
836 709 1048 740 nequaquam
1066 700 1198 730 obstan-

191 755 292 792 tibuS,
316 765 417 794 super
443 757 559 786 eadem
576 756 768 794 provisione
790 754 1085 793 ipsius-lobannis,
1100 754 1198 792 Juxta

190 809 338 847 priorum
370 809 558 839 litterarum
589 811 781 838 nostrarum
809 811 959 837 tenorem
993 816 1050 845 pro
1082 807 1196 836 eodem

188 862 339 892 ²Iohanne
366 862 427 892 tibi
449 862 665 896 directarum,
695 870 752 899 per
771 864 801 891 te
822 861 872 890 vcl
896 861 998 889 alium
1019 859 1197 898 procedere

190 924 255 945 non
280 916 428 945 omittas.
458 916 582 945 Datum
608 915 696 953 apud
728 914 1013 948 [fix-beinveterem,
1042 912 1197 942 kalendis

190 968 404 1007 septembris,
425 977 511 998 anno
530 968 640 998 tertio.
662 978 675 996 »

277 1157 376 1188 274ss
696 1154 821 1186 Orvieto,
838 1156 854 1182 5
868 1155 1031 1189 septembre
1050 1155 1125 1182 1204.

226 1241 392 1276 Praeposito
421 1240 558 1267 ccclesiae
586 1249 608 1266 s.
636 1239 771 1274 Stephani
799 1239 997 1274 Aquilegensis
1025 1239 1142 1266 mandat
1169 1241 1199 1266 ut

190 1291 323 1323 iohanni,
339 1290 540 1317 archidiacono
559 1289 753 1324 Aquilegensi,
770 1289 865 1323 nepoti
891 1288 1071 1324 patriarchae
1087 1288 1200 1323 Aquile-

191 1341 297 1375 gensis,
315 1341 349 1366 dc
372 1340 533 1374 praebenda
560 1338 589 1364 in
606 1338 706 1365 eadem
730 1338 853 1365 ecclesia
877 1338 1093 1375 quamprimum
1119 1346 1199 1364 raca-

191 1392 265 1422 tura,
285 1389 442 1424 provideat.
458 1389 538 1421 (itm.
557 1389 603 1419 29,
626 1387 674 1414 l'ol.
694 1387 757 1419 334,
774 1393 803 1413 n⁰
822 1387 912 1421 1797.)

231 1514 246 1528 «
279 1525 284 1530 .
313 1526 318 1530 .
345 1501 504 1541 preposito
531 1500 654 1529 ecclesie
675 1500 772 1528 sancti
795 1499 947 1539 Stephani
972 1499 1197 1539 AquileyensiS.

190 1554 344 1585 Dilectus
362 1554 453 1584 tilius
473 1553 655 1586 Johannes‚
673 1553 929 1583 archidiaconus
947 1553 1197 1592 Aquilegensis,

191 1616 294 1646 nepos
317 1606 523 1638 venerabilis
549 1606 665 1636 fratris
694 1606 799 1636 nostri
825 1630 831 1635 .

190 1661 346 1696 triarche,
365 1660 464 1690 nobis
483 1660 642 1698 exposuit
659 1659 748 1698 quod
771 1659 843 1698 ipse
868 1659 901 1689 in
922 1659 1038 1690 eadem
1058 1659 1199 1689 ecclesia

191 1714 338 1744 nondum
359 1715 410 1744 est
435 1713 638 1752 prebendam
667 1713 815 1752 aliquam
845 1715 1032 1747 assecutus,
1064 1714 1097 1742 et
1123 1712 1200 1743 licet

193 1768 263 1806 ipse
280 1767 319 1797 de
335 1767 479 1806 quadam
493 1766 673 1805 prebenda,
691 1775 754 1804 que
772 1775 830 1804 per
845 1768 988 1795 mortem
1003 1766 1147 1796 Conradi
1161 1766 1199 1795 de
1232 1794 1233 1804 ¹

192 1822 344 1857 Brazato,
372 1820 523 1859 ejusdem
549 1820 689 1850 ecclesie
715 1819 878 1853 canonici,
907 1819 1031 1849 ibidem
1057 1820 1200 1855 vacavit,

192 1874 256 1904 sibi
270 1874 385 1904 fecerit
402 1873 584 1912 provideri,
607 1875 719 1903 tamen
741 1874 849 1911 ipsam
872 1873 994 1903 dilecto
1018 1873 1088 1903 lilio
1110 1874 1194 1903 wla-

192 1927 312 1962 dislao,
328 1929 404 1957 nato
422 1927 630 1965 quondam..
656 1926 802 1956 illustris
815 1926 910 1955 ducis
926 1926 1077 1962 Polonie‚
1094 1926 1199 1964 capel-

193 1981 268 2010 lano
284 1982 410 2014 nostro,
429 1979 929 2018 (11101111111115110001051111001111
952 1979 1200 2015 mandavimus,
1233 1966 1235 1992 ἶ

193 2035 225 2064 et
244 2033 401 2063 omnibus
416 2033 541 2062 ibidem
563 2031 769 2071 prebendam
791 2032 1058 2071 expectantibus,
1076 2032 1110 2062 in
1129 2041 1201 2070 pre·
1233 2043 1235 2071 1

192 2087 299 2116 bende
332 2086 543 2116 assecutione
573 2085 727 2124 preferri,
750 2086 790 2115 ad
822 2086 1018 2115 mandatum
1048 2088 1201 2115 nostrum
1234 2086 1235 2114 ἕ

193 2139 335 2170 dimisit.
361 2140 444 2169 Cum
477 2139 580 2176 igitur
606 2139 694 2168 idem
725 2138 981 2168 archidiaconus
1011 2147 1112 2176 super
1142 2138 1202 2168 1100
1234 2133 1235 2174 ἶ

192 2192 290 2223 nobis
309 2202 343 2223 se
356 2195 488 2231 gratum
506 2192 690 2222 reddiderit
708 2194 739 2222 et
756 2194 940 2231 acceptum,
962 2200 1033 2228 nos,
1051 2192 1202 2222 volentes
1233 2201 1236 2223 τ

193 2255 269 2276 011111
295 2248 431 2284 propter
459 2246 518 2275 1100
556 2247 587 2275 et
615 2245 794 2283 probitatis
827 2253 886 2275 sue
922 2245 1043 2275 merita
1075 2253 1201 2274 necnon
1234 2241 1235 2246 ¹

193 2299 461 2329 consideratione
477 2299 557 2328 dicti
580 2298 767 2337 patriarche
785 2299 897 2328 favore
920 2298 1079 2337 prosequi
1097 2298 1202 2337 gratie

193 2353 363 2391 specialis,
392 2353 588 2382 discretioni
614 2354 667 2382 tue
692 2352 891 2381 mandamus
913 2354 1073 2390 quatinus
1093 2352 1201 2381 eidem
1235 2390 1236 2396 ἵ
1260 2371 1325 2405 copi
1345 2371 1568 2403 Lemmicensis’
1587 2370 1848 2406 Omenmejusdem
1871 2370 2007 2405 episcopi.
2027 2369 2228 2396 canonicatum
2244 2371 2273 2396 ct

194 2407 428 2436 archidiawono
448 2406 487 2436 de
505 2405 620 2444 aliqua
634 2405 700 2435 alia
722 2405 900 2443 prebenda,
919 2405 946 2434 si
966 2406 1059 2435 vacat
1078 2404 1203 2435 ibidem

194 2460 234 2489 ad
251 2467 390 2499 presens
411 2459 462 2489 vel
483 2459 735 2498 quamprimum
752 2459 792 2489 ad
817 2458 849 2488 id
868 2458 1029 2489 Obmlffl'it
1046 2468 1081 2488 SC
1100 2458 1203 2488 fassffl·
1235 2473 1237 2496 t
1261 2470 1349 2496 nardi
1368 2469 1480 2496 Albonii
1497 2469 1623 2502 nomine,
1645 2469 1800 2495 111-1011111111
1819 2469 1852 2495 dc
1873 2468 2002 2502 Neapoli,
2026 2468 2231 2494 subdiaconum
2244 2470 2274 2494 ct

194 2514 257 2548 tas,
279 2521 338 2551 per
356 2513 387 2542 te
404 2512 456 2542 vel
475 2521 533 2550 per
553 2512 657 2542 alium
684 2511 860 2550 providere
882 2519 1053 2549 procures,
1078 2511 1204 2542 tac-iens

195 2567 307 2605 ipsum
324 2566 461 2605 pacitica
475 2566 570 2596 illius
585 2566 800 2604 possessione
815 2566 960 2605 gaudere
983 2568 1015 2596 et
1029 2567 1070 2596 ad
1086 2574 1204 2596 omnes

196 2619 304 2658 ipsius
332 2619 472 2650 ecclesie
500 2621 663 2649 tractatus
684 2619 817 2649 admitti
840 2628 876 2649 ac
900 2628 1017 2650 omnes
1044 2618 1204 2650 distribu-

195 2673 315 2707 tiones,
341 2673 421 2702 dum
443 2673 598 2702 residens
616 2672 715 2702 suerit
734 2672 767 2702 in
788 2673 861 2711 ipsa
877 2673 1019 2703 ecclesia
1039 2673 1126 2703 sicut
1146 2673 1204 2703 uni

195 2734 236 2756 ex
253 2726 329 2756 aliis
346 2725 474 2765 integre
492 2725 691 2762 ministrari,
711 2725 810 2756 stallo
829 2726 863 2756 in
879 2726 978 2756 choro
995 2725 1061 2756 sibi
1082 2728 1114 2757 et
1131 2726 1204 2757 loco

197 2779 229 2809 111
246 2778 393 2817 capitulo
421 2778 615 2817 assignatis,
635 2787 701 2809 non
722 2778 875 2810 obstante
897 2779 925 2809 si
944 2779 977 2810 in
996 2779 1085 2810 dicta
1103 2779 1205 2810 ecele-

195 2831 245 2862 sia
271 2831 338 2861 sint
364 2831 470 2870 aliqui
493 2832 679 2870 apostolica
706 2832 758 2862 vel
781 2832 848 2862 alia
865 2833 984 2871 quavis
1006 2833 1204 2863 auctoritate

197 2885 332 2924 recepti,
351 2885 403 2914 vel
416 2887 451 2915 ut,
469 2885 674 2924 recipiantur
690 2885 860 2921 insistant,
879 2886 980 2916 etiam
999 2886 1028 2916 si
1045 2886 1204 2916 deberent

196 2946 236 2967 ex
259 2937 422 2968 beneficio
439 2938 631 2968 litterarum
655 2939 746 2968 sedis
771 2938 954 2977 apostolice
974 2939 1095 2969 ceteris
1113 2940 1204 2969 ante-

197 2991 287 3026 l'erri,
307 2990 430 3030 quibus
450 2991 576 3021 dictum
595 2992 867 3022 archidiaconum
887 2992 1029 3031 preferri
1047 2992 1204 3022 volumus

853 1628 859 1634 .
883 1606 1123 1645 Aquilegensis
1142 1615 1199 1644 pa-
1231 1646 1232 1649 Ἰ

941 296 1183 328 REGISTIuJS
1211 296 1425 327 D'URBAIN
1455 296 1512 326 IV.

1227 415 1228 421 ¹
1256 383 1289 412 in
1308 382 1521 412 assecutione
1540 381 1733 420 hujusmodi
1748 382 1916 421 prebende
1931 382 1970 412 de
1986 382 2095 421 gratia
2112 383 2263 420 speciali,

190 439 376 478 plorarunt,
402 438 552 468 volentes
572 440 606 467 ut
627 437 754 476 prefato
778 437 830 467 Jo.
850 437 889 467 de
910 437 1103 475 provisione
1124 436 1197 474 ipsa
1227 459 1229 470 ,

1227 508 1228 513 ,
1255 487 1334 520 rari,
1358 496 1418 517 seu
1441 487 1469 516 si
1487 487 1635 525 capitulo
1654 486 1796 517 ecclesie
1816 486 2008 525 supradicte
2034 495 2052 516 a
2075 487 2153 517 sede
2170 496 2265 526 apos-

1227 563 1229 573 ,
1255 540 1355 570 tolica
1382 540 1426 570 sit
1460 540 1628 569 indultum
1656 539 1745 578 quod
1773 539 2072 576 excommunicari,
2102 540 2264 578 suspendi

1228 619 1229 632 ,
1255 593 1306 623 vel
1333 593 1486 623 interdici
1514 601 1580 622 non
1606 592 1749 630 possint,
1768 592 1822 623 vel
1844 592 1933 631 quod
1953 592 2039 622 alias
2060 594 2205 631 nequeat
2225 593 2266 623 de

1228 659 1229 669 1
1255 646 1438 685 prebendis
1463 645 1612 684 ejusdem
1642 645 1783 675 ecclesie
1809 645 1981 684 aliquibus
2010 645 2181 684 provideri
2207 654 2266 684 per

1255 436 1312 466 sed
1341 444 1406 474 quo
1425 435 1465 465 ad
1492 435 1579 465 alios
1597 435 1730 465 nullum
1755 444 1815 474 per
1839 435 1899 465 hoc
1923 435 2148 473 prejudicium
2170 444 2264 474 gene-

1254 699 1386 730 litteras
1411 699 1614 738 apostolicas
1646 707 1710 728 non
1736 699 1898 729 facientes
1918 717 1966 733 —‚
1988 699 2040 729 vel
2061 699 2150 737 quod
2175 699 2265 729 idem

1228 756 1229 763 ¹
1255 753 1512 783 archidiaconus
1532 752 1618 782 alias
1631 751 1849 783 beneficiatus
1867 752 1996 787 existit,
2018 760 2077 782 seu
2106 752 2195 790 quod
2213 761 2268 782 an-

1254 806 1372 844 tiquus
1402 806 1639 836 canonicorum
1676 813 1839 835 numerus
1870 805 2022 843 ejusdem
2048 805 2190 835 ecclesie
2223 806 2267 836 sit

1255 859 1455 890 auctoritate
1487 859 1578 889 sedis
1610 858 1792 897 apostolice
1822 858 2024 894 diminutus,
2053 858 2210 897 quodque
2232 880 2264 888 ..

1255 911 1415 948 decanus,
1433 914 1464 942 et
1479 912 1665 950 capitulum
1681 911 1790 950 ipsius
1807 911 1947 941 ecclesie
1960 911 2152 949 juramento
2178 919 2268 950 pres-

1254 965 1316 996 tito
1341 967 1532 996 statuerunt
1550 965 1638 1004 quod
1656 965 1770 995 nullus
1790 965 1973 1003 recipiatur
1989 965 2030 994 ad
2047 972 2165 994 omnes
2181 966 2265 994 trac-

1254 1020 1346 1049 tatus
1376 1020 1515 1058 capituli
1548 1019 1600 1048 vel
1633 1018 1837 1057 prebendam
1877 1017 2028 1057 aliquam
2064 1019 2268 1056 assequatur

1256 1071 1394 1108 ibidem,
1413 1072 1465 1102 vel
1484 1073 1651 1102 cotidiane
1672 1071 1931 1102 distributiones
1951 1071 2052 1101 alicui
2075 1071 2268 1101 ministren-

1255 1126 1310 1155 tur
1333 1126 1437 1155 donec
1461 1126 1633 1164 predictus
1656 1125 1893 1155 canonicorum
1912 1133 2074 1155 numerus
2096 1124 2269 1154 devenerit

1257 1178 1298 1209 ad
1329 1187 1508 1209 numerum
1543 1179 1656 1209 taliter
1683 1179 1900 1212 diminutum,
1935 1178 2099 1216 predictis
2125 1177 2270 1207 diminu-

1256 1232 1349 1262 tione
1375 1233 1407 1262 et
1424 1232 1615 1271 juramento
1643 1241 1709 1271 quo
1729 1232 1770 1262 ad
1788 1231 1874 1261 alios·
1895 1232 1927 1261 in
1946 1240 2007 1261 suo
2034 1230 2154 1261 robore
2171 1230 2269 1261 dura-

1256 1285 1356 1315 turis.
1375 1286 1648 1316 Contradictores
1665 1288 1726 1316 etc.
1739 1286 1861 1315 Datum
1872 1285 1960 1323 apud
1976 1284 2267 1320 Urbemveterem,

1256 1339 1355 1369 nonis
1372 1338 1586 1377 septembris,
1603 1347 1688 1368 anno
1706 1340 1824 1377 quarto
1844 1339 1864 1366 ¹.
1881 1350 1895 1365 »

1347 1520 1442 1551 2747
1944 1519 2013 1544 Date
2027 1517 2197 1550 incomple'te.

1300 1604 1477 1631 (lancellario
1488 1606 1515 1630 01
1528 1603 1615 1638 priori
1639 1611 1661 1629 s.
1681 1602 1796 1629 Antonii
1815 1601 1947 1629 'l'olosani
1966 1602 2084 1628 mandat
2105 1603 2133 1628 ut
2150 1600 2270 1628 ,Iohanni

1265 1653 1430 1684 Lonibardi,
1450 1652 1567 1687 pauperi
1596 1652 1700 1679 clerico
1716 1652 1874 1679 Tolosanae
1898 1650 2032 1682 diocesis,
2052 1650 2163 1677 nullum
2180 1650 2270 1677 adhuc

1266 1703 1435 1729 111-[1011011111]
1459 1704 1602 1733 assecuto,
1622 1702 1656 1728 de
1680 1701 1776 1735 aliquo
1800 1700 1996 1727 ecclesiastico
2020 1699 2157 1726 beneficio
2182 1698 2272 1733 provi-

1265 1752 1331 1778 deat
1365 1752 1400 1778 ad
1427 1751 1611 1778 collationem
1636 1750 1747 1777 abbatis
1774 1752 1801 1777 et
1818 1752 1976 1776 conventus
1993 1748 2162 1776 monasterii
2179 1757 2202 1775 s.
2218 1750 2271 1775 An-

1261 1801 1333 1827 tonii
1362 1802 1395 1827 de
1416 1800 1575 1835 Appamiis,
1599 1799 1756 1826 'l‘olosanae
1781 1799 1914 1829 diocesis,
1937 1800 2097 1833 spectante.
2123 1798 2202 1832 [aaa.
2225 1798 2270 1830 29,

1259 1849 1309 1876 l'ol.
1327 1850 1389 1880 334,
1401 1856 1430 1876 n0
1450 1849 1538 1883 1798.)

1299 1966 1314 1984 1(
1335 1978 1340 1983 .
1362 1979 1367 1984 .
1389 1954 1584 1990 cancellario,
1599 1959 1626 1983 el
1645 1977 1650 1982 .
1667 1977 1672 1982 .
1691 1954 1830 1994 111-10113.
1850 1953 1979 1983 Antonii
2000 1952 2150 1982 Tolosani.
2169 1952 2272 1983 Cons-

1261 2008 1382 2039 titutus
1400 2008 1433 2038 in
1451 2008 1622 2046 presentia
1636 2025 1686 2038 -.
1698 2008 1824 2037 Datum
1836 2007 1924 2046 apud
1943 2006 2231 2039 Urbemveterem,
2249 2014 2270 2035 11

1263 2071 1368 2092 nonas
1387 2064 1466 2099 (nom
1480 2061 1518 2090 du
1533 2062 1608 2090 mois
1625 2062 1777 2100 nutuque),
1797 2069 1883 2091 anno
1902 2060 2012 2090 tertio.
2035 2071 2049 2087 n

1349 2240 1395 2270 27
1406 2239 1447 2270 48
1847 2235 1972 2269 orvieto,
1992 2237 2023 2262 21
2043 2235 2101 2262 mai
2122 2236 2198 2262 nol.

1300 2323 1443 2349 lleruardo
1465 2322 1592 2350 Albonii.
1615 2321 1717 2348 rectori
1744 2321 1882 2348 ccclesiae
1894 2322 1928 2347 de
1953 2322 2068 2354 Cassae,
2086 2320 2181 2354 nepoti
2201 2320 2273 2354 cpis-

1261 2421 1461 2455 pracbendam
1480 2420 1589 2447 conl'crt
1605 2420 1632 2446 iu
1657 2419 1778 2446 ccclesia
1797 2419 2004 2450 Lcmovicensi,
2025 2419 2059 2445 de
2076 2418 2188 2453 quibus.
2209 2419 2273 2445 Ber-

1262 2519 1411 2546 notarium
1429 2518 1630 2553 apostolicum,
1642 2526 1691 2552 per
1707 2518 1845 2544 annulum
1862 2518 1988 2544 investit.
2005 2517 2080 2550 111511.
2093 2517 2136 2547 ·.9,
2148 2516 2197 2543 fol.
2209 2516 2274 2551 335,

1261 2574 1290 2595 n⁰
1309 2568 1398 2602 1799.)

1305 2690 1319 2705 «
1338 2676 1499 2707 llt’rmll'do
1514 2675 1650 2712 .ilb0¹1ii,
1669 2676 1744 2714 1810)
1762 2676 1874 2704 1“1’1·Ιυι·ι”
1890 2675 2010 2704 ecclesie
2029 2674 2063 2703 dt·
2080 2674 2203 2711 Cassae,
2219 2674 2273 2704 Le-

1264 2731 1443 2760 movicvnsis
1456 2730 1591 2764 ‹lim-exis,
1611 2729 1711 2769 11011011
1728 2729 1908 2758 mici-abilis
1919 2729 2029 2767 fratris
2047 2729 2144 2757 nostri
2157 2751 2180 2759 ..
2197 2729 2273 2768 epis-

1262 2785 1333 2825 copi
1356 2783 1585 2814 Lentovict‘NSiS.
1611 2783 1757 2813 (irandis
1782 2783 1920 2813 allectus
1950 2791 2048 2821 quem
2070 2800 2117 2811 —.
2148 2782 2271 2812 Datum

1262 2837 1349 2876 apud
1368 2836 1714 2871 Urbemveteretn,xn
1735 2835 1898 2865 kalendas
1912 2835 2011 2873 junii.
2033 2844 2118 2865 anno
2134 2835 2272 2866 tertio.»

1297 2956 1316 2978 1.
1333 2954 1409 2979 Cutti-
1431 2953 1513 2977 lettre
1536 2953 1568 2976 «le
1591 2953 1618 2976 la
1644 2952 1803 2984 quati-ieme
1826 2952 1916 2976 111111ύο
1935 2959 1950 2975 a
1976 2952 2019 2976 eti*
2039 2952 2214 2982 enin-gistris*
2238 2952 2272 2975 ici

1263 3006 1314 3030 par
1329 3005 1438 3027 crrcur,
1452 2998 1541 3028 parmi
1559 2997 1644 3021 colles
1658 2997 1691 3021 de
1711 2997 1736 3021 la
1753 2997 1907 3021 troisli-me.
