2519 3262
1074 267 1220 297 APPEN
1229 265 1329 296 DICE
1352 265 1396 295 ΙΙ.
2237 275 2276 303 63

198 371 262 392 ιιοιι
276 361 430 391 obstante
443 361 670 400 appellatione
683 370 784 400 quam
799 362 879 392 dicti
891 363 1140 400 procuratores,
1151 361 1207 399 qui

197 415 238 445 ad
254 415 511 453 proponendum
531 416 563 445 et
586 415 800 454 allegandum
824 424 944 445 causas
964 414 1115 445 absentie
1137 414 1207 444 illo<

196 476 270 497 rum
280 469 311 498 et
321 476 386 497 non
397 467 438 498 ad
448 468 540 498 aliud
553 467 698 498 habuere
710 468 918 502 mandatum,
936 468 975 497 ad
987 476 1047 497 nos
1060 468 1207 506 interpo-

195 520 490 557 suissedicuntur,
510 523 619 552 ratum
643 521 805 552 habentes
823 522 854 552 et
872 521 1019 557 lirnium,
1040 521 1206 559 illumque

196 574 394 604 auctoritate
424 575 611 612 apostolica
639 575 890 610 confirmantes,
923 574 1126 605 fraternitati
1152 575 1207 603 tue

196 635 255 665 per
274 627 460 666 apostolica
489 628 614 666 scripta
638 628 671 658 in
697 628 820 658 virtute
842 627 1032 658 obedientie
1054 627 1207 657 districte

195 680 411 718 precipiendo
435 681 635 711 mandamus
668 681 828 720 quatinus
856 689 1053 719 processum
1080 680 1206 719 ipsum.

196 741 255 771 per
273 734 304 763 te
324 733 374 763 vel
394 742 453 772 per
472 734 576 764 alium
597 743 654 764 seu
675 734 773 769 alios,
800 734 833 763 in
854 733 1008 763 ecclesiis
1029 733 1206 771 Anagnino

195 785 344 816 civitatis
370 788 401 816 et
419 787 454 816 in
474 787 556 816 locis
582 787 659 816 aliis
684 787 717 816 in
737 786 861 825 quibus
884 786 1044 824 expedire
1065 785 1204 822 videris,

196 839 332 869 studeas
355 839 590 878 sollempniter
616 838 800 878 publicare,
824 839 1018 877 dictumque
1044 838 1205 869 Mathiam

194 892 334 927 tamdiu,
356 893 502 931 singulis
515 892 635 923 diebus
649 892 831 922 dominicis
846 894 878 922 et
895 891 1039 927 festivis,
1059 891 1206 930 pulsatis

194 946 368 984 campanis
395 947 427 976 et
451 946 601 976 candelis
626 945 788 979 accensis,
815 944 1041 983 appellatione
1063 946 1202 981 remota,

194 999 524 1029 excommunicatum
540 998 674 1036 publice
691 998 826 1028 nunties
842 999 873 1027 et
889 997 1083 1027 denuntiari
1100 997 1205 1027 facias

193 1052 225 1081 et
242 1051 283 1081 ab
307 1051 465 1082 omnibus
492 1051 600 1081 art-ius
626 1051 747 1081 evitari
775 1051 881 1081 donec
898 1059 1000 1089 super
1023 1052 1204 1090 premissis

193 1105 461 1135 satisfactionem
476 1105 664 1144 plenariam
680 1104 817 1134 duxerit
832 1104 1106 1143 impendendam.
1120 1105 1204 1135 Con-

191 1158 392 1188 tradictores
409 1177 457 1188 —.
480 1159 604 1188 Datum
629 1158 717 1196 apud
742 1157 1033 1194 Urbemveterem,
1052 1168 1102 1187 ιιιι
1127 1158 1203 1188 idus

191 1211 338 1250 augusti,
357 1211 572 1251 pontificatus
592 1211 701 1241 nostri
717 1220 803 1241 anno
825 1211 984 1242 secundo.
1006 1221 1021 1239 ι)

774 1357 898 1388 Orvicto,
918 1357 948 1384 12
969 1359 1035 1384 aosit
1053 1358 1129 1385 1203.

281 1359 377 1390 2963

225 1442 446 1477 Archicpiscopo
455 1445 483 1470 et.
500 1443 625 1477 capitulo
637 1443 850 1469 Arelatensibus
863 1443 993 1477 indulget
1009 1445 1038 1469 ut
1052 1450 1101 1477 per
1114 1443 1201 1469 tri-:n-

189 1491 269 1517 nium
289 1492 325 1518 ad
340 1491 535 1526 receptionem
552 1492 595 1518 vel
620 1491 814 1526 provisionem
831 1491 950 1527 alicujus
966 1492 994 1518 in
1014 1492 1200 1526 pensionibus

188 1540 322 1574 compelli
340 1541 520 1575 aliquatenus
538 1549 594 1567 non
605 1541 717 1575 possint
728 1549 777 1574 per
795 1540 907 1567 litteras
929 1541 1105 1574 apostolicae
1125 1541 1200 1568 sedis

188 1589 397 1623 impetrandas.
412 1590 509 1624 (Anca.
528 1598 576 1616 nes
593 1590 905 1619 BorcnEs—JJU-Rnoxn,
924 1590 1004 1616 fonds
1023 1590 1200 1616 archev-§che

187 1638 321 1672 d'Arlcs.)

228 1730 404 1761 «Urbanus
429 1731 595 1770 episcopus,
622 1741 725 1760 servits
750 1741 904 1760 servornm
939 1731 1006 1766 Dei,
1034 1731 1200 1760 venet-abili

185 1785 282 1824 fratri
311 1784 471 1814 Florentio
497 1784 739 1824 archiepiscopo,
764 1788 791 1813 et
819 1784 937 1814 dilectis
962 1784 1037 1822 siliis
1062 1784 1199 1823 capitulo

186 1838 426 1873 Arelatensibus,
443 1837 568 1867 salutem,
582 1843 608 1867 et
625 1838 822 1877 apostolicam.
837 1838 1086 1867 benedictionem.
1106 1838 1199 1867 Desi-

187 1892 292 1928 deriis
309 1891 434 1922 vestris
456 1892 490 1921 in
512 1891 579 1921 hiis
606 1892 725 1921 affectu
744 1891 901 1922 benivolo
920 1891 1066 1921 libenter
1083 1891 1197 1920 annui-

185 1953 262 1976 mus
281 1954 339 1983 per
354 1953 430 1983 qne,
445 1944 587 1975 materia
600 1943 756 1974 submota
768 1944 988 1983 gravaminis,
1004 1946 1114 1974 status
1126 1953 1199 1974 ves-

185 1999 227 2029 tri
242 1998 474 2037 tranquillitas
488 1999 699 2037 procuretur.
713 1998 800 2028 Hinc
815 1998 968 2036 estquod
982 2007 1055 2034 nos,
1074 1998 1198 2028 vestris

186 2051 495 2091 supplicationibus
527 2051 694 2085 inclinati,
722 2051 819 2082 vobis
838 2051 1038 2081 auctorit-ate
1064 2060 1199 2090 presen-

184 2105 271 2136 tium
295 2104 512 2144 indulgemus
537 2105 574 2135 ut
591 2104 633 2134 ad
649 2105 876 2143 receptionem
893 2104 947 2134 vel
968 2104 1197 2143 provisionem

185 2158 330 2197 alicujus
353 2158 387 2187 in
409 2157 633 2197 pensionibus
657 2158 688 2188 et
706 2158 901 2196 specialiter
920 2158 959 2188 de
980 2166 1112 2188 camera
1127 2160 1197 2194 tua,

183 2211 288 2242 frater
306 2211 560 2250 archiepiscopo
579 2211 631 2242 vel
649 2211 891 2241 ecclesiasticis
918 2211 1092 2241 beneficiis
1110 2219 1198 2241 com-

183 2264 265 2303 pelli
281 2264 496 2304 aliquatenus
513 2273 578 2294 non
593 2264 735 2303 possitis
750 2264 975 2294 communiter
989 2264 1042 2294 vel
1059 2264 1197 2294 divisim

182 2327 242 2357 per
260 2318 391 2349 litteras
410 2318 501 2349 sedis
518 2318 704 2357 apostolice
723 2317 965 2356 impetrandas,
986 2326 1051 2348 non
1076 2317 1197 2348 facien-

183 2373 235 2402 tes
260 2372 300 2402 de
318 2371 527 2411 indulgentia
550 2371 745 2411 hujusmodi
773 2371 991 2401 mentionem.
1016 2371 1087 2402 Nos
1107 2371 1197 2401 enim

183 2425 557 2460 excommunicationis,
587 2424 824 2463 suspensionis
861 2426 894 2455 et
922 2424 1095 2454 interdicti
1125 2433 1198 2455 sen-

182 2478 320 2513 tentias,
337 2478 366 2508 si
383 2487 467 2517 quas
480 2478 623 2508 forsitan
640 2478 674 2508 in
686 2486 758 2512 vos,
776 2478 809 2507 in
822 2486 943 2517 genere
955 2477 1007 2508 vel
1024 2477 1059 2507 in
1072 2478 1194 2516 specie,

182 2533 239 2562 aut
253 2532 430 2562 ecclesiam
443 2533 602 2567 vestram,
614 2533 729 2562 contra
737 2531 881 2570 predicti
897 2531 1020 2561 indulti
1032 2532 1194 2568 tenorem,

183 2584 264 2616 ferri
291 2585 480 2624 contigerit,
505 2585 720 2615 decernimus
741 2585 857 2615 irritas
887 2586 919 2615 et
950 2585 1080 2614 inanes.
1100 2584 1196 2615 Nulli

183 2647 261 2677 ergo
278 2654 325 2668 -.
343 2638 378 2669 Si
392 2638 468 2676 quis
478 2656 525 2674 —,
538 2637 754 2677 presentibus
771 2640 846 2677 post
857 2637 1043 2668 triennium
1054 2637 1195 2668 minime

183 2691 351 2722 valituris.
364 2691 488 2722 Datum
507 2691 595 2729 apud
609 2691 899 2728 Urbeniveterem,
916 2701 937 2720 ιι
952 2691 1028 2721 idus
1046 2691 1192 2730 augusti,

182 2744 399 2783 pontificatus
418 2744 524 2774 nostri
544 2753 629 2774 anno
648 2745 806 2775 secundo.
829 2754 843 2773 ι)

273 2887 368 2918 2964
768 2885 892 2917 Orvieto,
908 2886 940 2912 12
951 2878 1021 2912 vaout
1044 2884 1121 2912 1253.

218 2969 374 3002 Florentio,
392 2969 553 2996 Arelatensi
570 2968 795 3003 archiepiscopo,
812 2969 930 2996 mandat
948 2971 1063 2995 moneat
1077 2969 1194 2995 abbates

1264 359 1440 386 Arelatensis
1465 360 1586 386 diocesis
1611 363 1637 386 nt
1665 361 1699 386 ad
1727 361 1883 387 chiminum
1904 366 2032 389 revocent
2057 372 2122 389 snos
2150 365 2274 398 ipsorum

1265 408 1434 441 monachos,
1459 408 1603 435 solitarios
1632 412 1969 439 conilnurfflilcss.[Anuli.
1999 421 2045 437 bns
2071 413 2275 439 [locent-:kbr-

1264 458 1375 490 ΒΗΟΝΕ,
1394 457 1476 484 fonds
1494 458 1667 485 archevcchc
1684 459 1821 491 ‹l’Arlcs.‘)

1304 566 1320 585 «
1342 554 1482 585 Urbanus
1508 555 1678 595 episcopiis,
1710 566 1811 586 servus
1834 568 1987 587 servorum
2024 559 2088 596 nei,
2110 562 2274 591 venerabili

1262 609 1358 647 fratri
1376 608 1544 643 Florentio,
1560 609 1789 649 archiepiscopo
1805 611 1988 648 Arelatensi,
2005 613 2169 643 salutemet
2185 624 2273 654 apos-

1264 661 1640 692 colicambenedictionem.
1662 663 1711 692 Ad
1726 664 1932 694 audientiam
1950 668 2100 696 nostram
2121 669 2273 705 pervenit

1263 716 1351 754 quod
1376 716 1530 745 nonnulli
1555 716 1708 746 monachi
1736 717 1769 746 in
1800 717 2004 755 quibusdam
2034 721 2186 750 ecclesiis
2219 724 2272 751 tue

1263 769 1411 799 civitatis
1431 770 1463 798 et
1479 769 1637 805 diocesiS,
1664 772 1779 799 contra
1794 770 2033 801 Lateranensis
2052 774 2175 803 statuta
2198 783 2272 804 von-

1262 821 1345 857 cilii,
1364 821 1510 851 solitarii
1537 824 1798 852 commorantur.
1814 823 1977 858 Quocirca
2000 824 2201 856 fraternitati
2219 829 2272 857 tue

1261 883 1321 913 per
1338 875 1524 913 apostolica
1549 875 1676 914 scripta
1701 876 1902 906 mandamus
1932 878 2092 915 quatinus
2121 879 2272 917 ipsorum

1262 927 1401 957 abbates
1429 928 1500 957 sive
1528 928 1660 966 priores
1689 937 1827 959 moneas
1843 930 2004 960 attentius
2029 933 2060 961 et
2080 931 2218 962 inducas
2237 935 2272 963 ut

1261 980 1314 1010 vel
1329 980 1467 1010 eosdem
1492 981 1675 1011 monachos
1699 982 1740 1011 ad
1757 982 1943 1012 claustrum
1962 987 2129 1020 revocent,
2150 985 2269 1015 facien-

1261 1035 1312 1063 tes
1330 1034 1364 1064 in
1392 1034 1521 1065 eisdem
1543 1034 1698 1065 ecclesiis
1724 1044 1783 1074 per
1800 1036 1972 1066 seculares
1990 1037 2129 1067 clericos
2160 1039 2272 1069 ‹leser-

1261 1087 1337 1123 viri,
1357 1088 1409 1118 vel
1440 1088 1524 1118 alios
1554 1089 1736 1119 monachos
1766 1089 1815 1119 eis
1844 1090 2012 1120 associent
2042 1100 2116 1120 cum
2148 1092 2271 1130 quibus

1260 1141 1392 1179 possint
1422 1141 1526 1171 vitam
1550 1141 1670 1172 ducere
1699 1142 1908 1181 regularem,
1939 1143 2090 1182 alioquin
2122 1147 2156 1174 tu
2186 1145 2270 1175 illud

1260 1194 1459 1225 auctoritate
1481 1195 1691 1233 presentium
1717 1196 1909 1234 exequaris,
1928 1197 2192 1228 contradictores
2211 1208 2270 1237 per

1259 1256 1438 1278 censuram
1483 1248 1761 1285 ecclesiasticam,
1807 1249 2035 1288 appellatione
2068 1253 2269 1289 postposita,

1259 1302 1512 1340 compescendo.
1525 1302 1650 1332 Datum
1666 1303 1752 1340 apud
1772 1302 2061 1338 Urbemveterem,
2079 1314 2099 1333 11
2121 1305 2197 1334 idus
2214 1314 2270 1335 au-

1258 1355 1360 1393 gusti,
1375 1355 1591 1393 pontificatus
1607 1356 1713 1386 nostri
1731 1365 1817 1386 anno
1835 1358 1994 1386 secundo.
2015 1367 2030 1386 ι)

1840 1515 1965 1548 ωιϊιοὶο,
1985 1517 2016 1542 13
2033 1518 2097 1542 nont
2120 1517 2195 1543 1203.

1348 1516 1444 1547 2965

1294 1599 1385 1625 Priori
1408 1599 1529 1626 fratrum
1555 1600 1787 1626 Praedicatorum
1813 1600 2021 1626 Parisiensium
2048 1600 2196 1635 negotium
2223 1601 2268 1626 in-

1255 1648 1418 1682 quisitionis
1441 1648 1602 1675 hncrcticac
1621 1649 1769 1682 pravitatis
1787 1650 1822 1675 ad
1836 1649 2015 1675 Provinciam
2032 1650 2156 1676 extendit
2177 1649 2267 1676 sacul-

1256 1700 1403 1731 tatcmquc
1428 1698 1536 1724 confert
1555 1698 1659 1724 fratres
1678 1698 1806 1731 ejusdcm
1830 1698 1939 1724 ordinis
1959 1699 2155 1732 undecumque
2174 1699 2266 1725 voluc-

1255 1747 1302 1777 rit,
1323 1755 1420 1773 sccum
1446 1748 1481 1773 ad
1500 1747 1574 1773 idem
1592 1747 1738 1781 negotium
1756 1747 1935 1774 assumendi.
1957 1748 2055 1776 (Annii.
2077 1748 2148 1774 Nu.
2170 1756 2182 1773 ι,
2204 1749 2265 1779 254,

1256 1802 1287 1822 n⁰
1299 1797 1357 1831 57.)

1297 1906 1311 1924 «
1337 1894 1477 1924 Urbanus
1491 1895 1662 1934 episcopus,
1673 1904 1775 1924 seruus
1785 1905 1939 1924 servorum
1956 1895 2020 1927 lm,
2034 1895 2143 1924 dilecto
2159 1896 2225 1935 filio
2239 1918 2245 1924 .
2257 1919 2263 1924 .

1254 1948 1497 1989 priorifrdtrum
1510 1947 1741 1977 I'redicatorzcm
1756 1948 1988 1984 l'arisiensizmz,
2002 1949 2165 1978 salutemet
2179 1959 2265 1989 apos-

1256 2002 1378 2032 tolicam
1402 2001 1648 2031 benedictionem.
1668 2002 1756 2032 Olim
1785 2002 1858 2037 tibi,
1886 2002 1927 2031 ad
1951 2002 2147 2040 petitionem
2166 2003 2265 2032 caris-

1255 2056 1333 2085 simi
1359 2056 1394 2085 in
1413 2055 1547 2086 Christo
1576 2055 1637 2085 tilii
1664 2056 1810 2085 nostri..
1835 2056 1924 2093 regis
1953 2056 2089 2085 Francie
2106 2056 2262 2092 illustris,

1255 2109 1427 2148 negotium
1465 2109 1699 2147 inquisitionis
1736 2111 1851 2139 contra
1888 2109 2054 2139 hereticos
2096 2110 2128 2138 in
2163 2118 2264 2148 regno

1255 2163 1409 2199 Francie,
1440 2162 1657 2192 comitatibus
1681 2162 1713 2192 et
1740 2162 1841 2192 terris
1872 2162 2072 2192 dilectorum
2102 2162 2261 2197 tiliorum,

1255 2216 1421 2246 nobilium
1445 2216 1596 2246 virorum
1622 2217 1675 2250 A.,
1695 2215 1878 2245 'l'holosani
1897 2217 1928 2246 et
1943 2217 1996 2250 K„
2015 2216 2192 2245 Provincie
2212 2226 2266 2245 co-

1255 2270 1388 2306 mitum,
1421 2269 1600 2299 dumtaxat
1630 2270 1791 2308 exceptis,
1822 2277 1880 2307 per
1912 2273 2044 2298 nostras
2075 2268 2137 2298 sub
2173 2271 2263 2298 certa

1254 2324 1363 2353 forma
1377 2323 1509 2353 litteras
1530 2322 1790 2355 committentes,
1810 2322 2047 2351 mandavimus
2066 2324 2101 2351 ut
2120 2324 2262 2360 quatuor

1254 2377 1376 2407 fratres
1394 2376 1534 2406 idoneos
1548 2377 1603 2405 tue
1622 2375 1794 2414 provincie
1813 2378 1921 2404 tecum
1939 2383 2132 2404 assumeres
2146 2374 2188 2403 ad
2203 2374 2262 2404 bu-

1250 2429 1401 2468 jusmodi
1428 2429 1599 2467 negotium
1632 2428 1879 2466 exequendum.
1913 2428 1997 2457 Cum
2030 2427 2144 2465 igitur,
2174 2427 2262 2457 sicut

1253 2483 1392 2518 asseris,
1418 2482 1453 2512 in
1479 2481 1632 2521 partibus
1658 2481 1837 2511 Provincie
1862 2480 2039 2519 inquisitio
2065 2479 2260 2518 hujusmodi

1253 2537 1297 2567 sit
1315 2535 1501 2575 plurimum
1518 2536 1683 2574 oportuna
1700 2536 1731 2564 et
1747 2534 1868 2564 fratres
1885 2533 2037 2572 ejusdem
2054 2532 2259 2562 Parisiensis

1252 2590 1425 2628 provincie
1452 2588 1603 2627 linguam
1618 2587 1861 2626 provincialem
1880 2587 2045 2625 ignorent,
2063 2584 2259 2615 discretioni

1251 2645 1307 2674 tue
1336 2651 1395 2682 per
1424 2641 1610 2681 apostolica
1643 2641 1768 2679 scripta
1797 2640 1997 2670 mandamus
2014 2639 2184 2677 quatinus,
2219 2638 2259 2667 ad

1252 2696 1487 2727 executionem
1514 2694 1595 2724 dicti
1618 2694 1744 2732 negotii
1772 2693 1914 2723 liberius
1940 2695 1971 2722 et
2000 2692 2118 2722 utilius
2139 2691 2258 2721 facien-

1252 2750 1340 2783 dam,
1360 2750 1504 2787 quatuor
1530 2747 1652 2777 fratres
1676 2748 1722 2776 tui
1743 2746 1872 2776 ordinis
1889 2744 2005 2774 adhoc
2022 2744 2183 2783 ydoneos,
2204 2752 2260 2773 un·

1251 2803 1438 2840 decumque
1465 2800 1626 2836 volueris,
1644 2803 1752 2829 tecum
1769 2806 1959 2832 assumens,
1980 2797 2013 2827 in
2031 2797 2168 2836 negocio
2187 2805 2259 2835 pro-

1251 2856 1350 2886 cedas
1370 2855 1499 2890 eodem,
1513 2853 1611 2892 juxta
1627 2853 1779 2891 priorum
1797 2850 2038 2881 continentiam
2054 2850 2258 2880 litterarum.

1251 2910 1375 2940 Datum
1389 2907 1477 2946 apud
1490 2906 1777 2942 Urbemveterem,
1795 2905 1871 2935 idus
1886 2903 2031 2942 augusti,
2045 2903 2261 2943 pontificatus

1252 2961 1359 2992 nostri
1376 2969 1462 2991 anno
1482 2959 1639 2990 secundo.
1663 2969 1676 2987 n
