2519 3262
1073 158 1314 197 TROISIEME
1345 158 1508 194 ANNEE.

287 265 301 284 1(
323 279 344 285 ..
372 254 509 294 episcopo
542 252 763 283 cameracensi.
793 252 979 282 Personam
1009 252 1101 280 tuan]
1126 249 1259 288 paterni
1288 262 1289 283 i

242 326 292 338 —-.
311 308 411 338 Lecta
435 315 515 337 sane
543 306 642 336 nobis
666 314 707 336 ex
728 307 823 344 palte
845 306 903 334 tua
923 303 1042 342 petitio
1067 294 1291 332 continebat

245 361 334 400 quod
353 361 480 390 dudum
504 360 591 389 inter
610 361 642 389 te
662 367 699 389 ac
719 358 805 388 bone
835 356 999 388 memorie
1028 356 1192 385 [11011111111
1220 355 1260 384 de
1290 358 1292 399 '1

244 414 413 445 Sabaudia
442 413 601 443 comitem
635 420 736 450 5111)οι
765 411 911 449 quadam
940 409 1081 448 pecunie
1115 416 1260 442 summa,
1291 426 1292 429 =

244 468 404 498 videlicet
421 467 583 497 tredecim
606 465 741 495 milium
759 464 925 494 librarum
950 462 1199 498 tumnensium,
1227 461 1261 491 in
1291 465 1292 478 ¹

247 530 312 560 qua
330 521 420 551 idem
439 528 551 550 comes
564 521 596 549 te
614 527 651 548 ac
665 518 946 548 Cameracensem
964 516 1155 552 ecclesiam,
1173 523 1262 546 occa·
1292 522 1293 529 ¹

248 575 343 605 sione
360 574 481 604 dilecte
496 573 531 602 in
549 571 684 603 Christo
703 571 772 600 filie
790 569 917 600 nobilis
933 569 1088 599 mulieris
1111 592 1116 597 .
1135 592 1140 597 .
1162 567 1262 598 comi-

246 628 331 658 tisse
349 627 522 662 Flaudrie,
539 625 606 655 sibi
625 624 733 654 teneri
748 622 891 659 dicebat,
913 624 986 652 orta
1006 622 1147 652 materia
1167 630 1263 660 ques-

247 680 363 716 tionis,
389 679 527 710 tandem
553 677 664 707 dictus
692 684 806 707 comes
836 676 870 705 in
901 675 1104 714 egritudinis
1132 675 1171 704 de
1199 682 1265 712 111111

248 733 343 769 obiit,
364 733 450 762 lecto
475 730 656 766 decubans,
685 729 806 759 dilecte
836 729 869 758 in
901 728 1036 759 Christo
1062 728 1130 758 filie
1157 727 1264 757 nobili
1294 741 1295 750 1

247 785 384 817 1111111011
417 783 577 819 Beatrici,
608 783 794 818 comitisse,
827 782 925 812 uxori
959 790 1018 811 sue
1052 781 1203 820 presenti
1233 781 1265 810 et

248 837 446 877 acceptanti,
474 837 587 867 omnia
612 836 689 875 jura
714 837 745 866 et
776 836 926 866 actiones
947 843 1011 873 que
1029 835 1118 864 dicto
1150 833 1265 863 comiti

248 890 483 930 competebant
497 891 528 920 et
550 889 716 929 quidquid
732 889 820 928 juris
838 888 981 918 habebat
1001 890 1033 917 in
1050 887 1162 918 causis
1181 895 1265 926 quas

247 946 399 975 moverat
417 946 448 975 et
464 952 599 974 movere
626 942 822 973 intendebat
849 943 965 972 contra
991 943 1036 977 te,
1062 941 1192 971 ratione
1214 949 1267 970 cu-

244 999 435 1038 Juscunque
447 996 551 1027 debiti
565 997 599 1026 in
612 1005 689 1035 quo,
701 1004 742 1026 ex
753 1004 952 1034 quacunque
964 1003 1077 1029 causa,
1090 993 1266 1024 occasione

248 1051 335 1081 dicte
364 1050 538 1081 comitisse
566 1049 727 1080 Flandrie
752 1050 784 1079 et
810 1049 990 1079 comitatus
1017 1048 1082 1084 5111,
1104 1047 1192 1077 dicto
1215 1055 1266 1077 co-

246 1105 323 1135 miti
339 1104 476 1138 teneris,
496 1103 663 1134 concessit
686 1102 879 1132 donationis
894 1101 993 1132 titulo
1009 1103 1039 1131 et
1061 1109 1163 1131 causa
1180 1109 1266 1130 mor-

246 1157 292 1188 tis
310 1157 447 1188 donavit
464 1165 500 1187 ac
515 1157 590 1196 jure
607 1156 685 1186 fidei
698 1155 875 1185 commissi
892 1154 1042 1193 reliquit.
1058 1154 1185 1184 Eodem
1204 1154 1265 1183 ita-

247 1220 311 1250 que
329 1211 452 1241 comite
471 1210 563 1240 viam
578 1209 738 1240 universe
757 1209 869 1239 carnis
886 1209 1053 1247 ingresso,
1073 1216 1109 1237 ac
1125 1208 1214 1237 inter
1232 1208 1265 1237 te

249 1267 280 1295 et
296 1264 422 1294 dictam
437 1264 628 1294 Beatricem
647 1271 749 1301 super
765 1262 826 1292 1100
845 1261 1023 1300 questione
1044 1260 1193 1296 suborta,
1206 1269 1267 1290 nos

247 1319 283 1348 in
306 1327 407 1348 causa
430 1317 626 1356 hujusmodi
652 1316 693 1346 ad
717 1316 833 1346 sedem
863 1315 1085 1354 apostolicam
1114 1314 1267 1353 legitime

249 1371 419 1407 devoluta,
431 1371 593 1401 dilectum
610 1370 720 1400 filium
738 1370 893 1399 nostrum
907 1369 953 1403 S„
966 1368 1057 1398 tituli
1075 1369 1189 1397 sancte
1209 1367 1268 1398 Ce-
1297 1359 1299 1370 ’

250 1425 327 1455 01110
340 1423 581 1463 presbyterum
593 1423 814 1458 cardinalem,
829 1422 985 1452 dedimus
999 1421 1032 1450 in
1046 1421 1120 1459 ipso
1133 1421 1267 1460 negotio
1298 1438 1299 1461 1

248 1477 403 1517 partibus
420 1477 621 1507 auditorem.
642 1476 794 1514 Cumque
813 1475 934 1504 fuisset
951 1474 1150 1512 aliquandiu
1167 1482 1269 1512 super

249 1531 311 1561 hoc
329 1539 443 1561 coram
456 1530 573 1560 eodem
590 1529 755 1559 cardinali
770 1536 981 1567 processum,
994 1528 1131 1557 demum
1145 1527 1269 1565 magis-

250 1586 301 1615 ter
316 1583 488 1615 Gerardus
507 1583 548 1613 de
565 1582 683 1617 Linea,
696 1583 789 1619 tuus,
807 1583 838 1611 et
856 1581 1030 1612 Rolandus
1048 1580 1087 1610 de
1104 1579 1268 1616 Lavania,

250 1637 428 1669 Rolandus
446 1637 485 1667 de
511 1637 634 1667 Parma
653 1636 684 1666 et
699 1635 871 1666 Giffredus
891 1635 931 1664 de
948 1635 1096 1669 Vezauo,
1117 1633 1268 1672 eJ'usdem

251 1691 418 1722 Beati-icis
432 1691 684 1729 procui‘at01·eS‚
698 1688 860 1719 habentes
878 1688 919 1718 ad
935 1687 996 1717 hoc
1014 1686 1220 1717 sufficientia
1238 1687 1269 1716 et

251 1745 352 1783 plena
368 1743 525 1774 mandata
547 1744 578 1773 et
597 1742 750 1772 volentes
767 1741 875 1771 vitare
893 1741 1080 1780 litigiorum
1097 1740 1270 1770 anfractus
1299 1761 1300 1769 1

252 1806 289 1828 110
306 1796 483 1827 concordie
500 1796 591 1826 viam
610 1795 774 1834 eligentes
792 1796 823 1824 et
846 1794 940 1832 pacis
961 1793 1161 1832 transigere,
1183 1801 1271 1822 com-

251 1851 439 1889 posuerunt
461 1851 493 1879 et
509 1849 600 1888 pacti
619 1848 756 1879 fuerunt
781 1847 924 1877 insimul
943 1847 1042 1886 juxta
1067 1846 1206 1876 modum
1224 1845 1272 1875 in-

253 1904 360 1935 ferius
377 1904 587 1939 annotatum,
609 1902 768 1932 videlicet
789 1901 878 1940 quod
906 1903 943 1931 tu
963 1900 1022 1931 des
1039 1902 1071 1930 et
1098 1900 1212 1930 solvas
1229 1899 1271 1929 ei-

253 1958 329 1988 dem
361 1956 509 1988 Beatrici
541 1955 717 1986 comitisse
754 1964 791 1985 ac
825 1954 944 1985 nuntio
974 1953 1028 1984 vel
1059 1953 1271 1992 procuratori
1301 1967 1303 1974 ν

253 2019 314 2041 5110
337 2019 396 2041 5011
415 2010 474 2040 11111
492 2009 546 2040 cui
564 2009 641 2048 ipsa
655 2008 881 2044 mandaverit,
895 2016 955 2038 suo
973 2007 1122 2043 nomine,
1141 2006 1181 2036 de
1199 2014 1272 2045 pre-

253 2064 343 2094 dicta
360 2072 495 2094 summa
512 2063 657 2102 pecunia
672 2062 740 2092 tria
753 2061 851 2092 milia
868 2061 1034 2091 librarum
1053 2062 1085 2090 et
1102 2061 1272 2090 trecentas

253 2117 360 2148 libras
392 2118 608 2152 turonenses,
633 2115 706 2146 loco
737 2116 769 2146 et
791 2114 949 2146 terminis
973 2113 1214 2152 infrascriptis,
1238 2113 1273 2142 in

253 2171 340 2202 festo
359 2170 491 2200 scilicet
517 2169 609 2199 beati
625 2168 814 2205 Michaelis,
836 2176 954 2198 mense
973 2166 1180 2206 septembris
1197 2175 1273 2205 pro-

252 2225 346 2255 ximo
363 2223 490 2260 futuro,
510 2222 655 2253 Parisiis
684 2222 775 2261 apud
799 2222 937 2252 domum
964 2220 1146 2259 hospitalis
1165 2219 1273 2250 sancti

253 2277 420 2309 Johannis
442 2275 717 2307 ι101050111111111111
746 2275 957 2314 octingentas
982 2273 1100 2310 libras,
1126 2274 1157 2304 et
1183 2273 1273 2303 dein·
1304 2285 1305 2300 1

254 2339 344 2369 001)5,
354 2330 452 2360 11111115
465 2329 624 2369 singulis,
633 2329 668 2359 in
679 2328 808 2359 eisdem
818 2328 891 2358 loco
902 2331 933 2358 et
942 2327 1100 2363 termino,
1110 2327 1273 2365 quingen-

253 2384 307 2414 tas
322 2383 429 2414 libras
449 2383 602 2422 ejusdem
626 2383 772 2417 monete,
791 2382 896 2412 donec
917 2381 956 2411 de
983 2380 1146 2419 predictis
1161 2379 1273 2410 tribus

255 2436 397 2467 milibus
415 2437 515 2467 libris
538 2437 570 2467 et
585 2436 746 2466 trecentis
764 2434 863 2465 libris
892 2434 992 2464 fuerit
1012 2434 1121 2464 eidem
1147 2434 1185 2464 B.
1203 2433 1273 2472 ple-

256 2490 350 2521 narie
373 2490 600 2521 satisfactum.
623 2489 672 2519 De
691 2489 828 2519 residuo
843 2497 922 2519 vero
940 2488 1090 2527 predicte
1108 2487 1274 2526 quantita-

256 2544 302 2574 tis
313 2543 477 2574 tredecim
486 2542 621 2573 milium
630 2541 809 2577 librarum,
821 2541 989 2580 dampnis,
1002 2541 1163 2580 expensis
1179 2542 1210 2571 et
1226 2540 1275 2570 in-

255 2598 386 2628 teresse
405 2596 509 2626 iidem
526 2597 764 2634 procuratores
783 2595 893 2633 ipsius
909 2594 1086 2628 Beati-icis,
1104 2602 1165 2632 pro
1185 2602 1224 2624 ea
1243 2594 1275 2624 et

257 2652 331 2690 ejus
366 2649 513 2686 nomine,
533 2650 608 2687 jure
631 2648 874 2679 transactionis
906 2649 937 2679 et
960 2647 1220 2686 compositionis
1238 2655 1275 2677 ac

256 2712 318 2743 pro
334 2703 422 2734 bono
436 2703 530 2742 pacis
547 2704 579 2733 et
596 2701 773 2732 concordie
789 2702 834 2738 te,
852 2709 1067 2731 successores
1083 2702 1115 2731 et
1132 2700 1275 2730 heredes

257 2759 335 2788 tuos
366 2757 583 2796 quitaverunt
608 2757 640 2786 et
654 2754 790 2794 penitus
810 2753 1011 2790 liberarunt,
1029 2753 1092 2784 hoc
1113 2758 1274 2792 expresse

259 2812 332 2842 acto
350 2811 438 2841 inter
453 2811 690 2849 procuratores
709 2808 846 2839 eosdem
862 2807 952 2846 quod
968 2807 1002 2837 in
1014 2807 1090 2846 ipsa
1105 2806 1276 2837 solutione

259 2864 489 2903 predictarum
507 2863 777 2902 octingentarum
796 2860 974 2897 librarum,
993 2859 1106 2890 littere
1129 2859 1274 2899 origina-

2278 169 2331 197 101

1322 248 1372 278 105
1395 250 1426 278 et
1452 248 1537 278 illud
1556 249 1658 278 etiam
1677 249 1941 278 instrumentum
1962 249 2050 287 quod
2068 250 2242 279 occasione
2263 260 2334 288 pre-

1322 301 1402 330 dicti
1432 300 1537 330 debiti
1568 309 1680 330 corani
1713 301 1882 339 quondam
1916 301 2078 340 magistro
2110 302 2260 331 ‚Iohanne
2295 303 2334 333 de

1322 354 1628 384 saneto-‹jiermauo
1650 354 1793 388 notario,
1810 356 1888 383 tunc
1907 354 2081 392 capellano
2103 354 2195 384 sedis
2214 355 2333 392 ipsius,

1323 406 1512 436 confectum
1539 406 1666 441 extitit.
1684 406 1839 444 quodque
1858 406 1927 435 vim
1952 406 2091 436 eandem
2111 406 2232 435 habere
2261 416 2335 436 cum

1324 459 1481 498 originali
1495 459 1619 489 dicitur
1636 459 1874 495 instriunento,
1894 467 1953 488 nec
1971 467 2036 488 non
2054 459 2166 489 littere
2187 459 2337 489 1101111110-

1324 512 1377 542 nis
1392 512 1478 542 facte
1502 520 1604 550 super
1622 511 1681 541 1100
1701 512 1741 541 ab
1758 512 1875 541 eodem
1895 512 2016 542 cernite
2033 512 2161 550 prefate
2180 513 2216 542 B.
2236 513 2337 542 001111-

1293 579 1294 609 3
1323 567 1407 596 11550
1428 567 1467 596 de
1482 566 1623 604 pecunia
1643 568 1829 596 memorata
1846 566 1907 596 tibi
1924 566 1977 596 vel
1994 567 2051 596 tuo
2070 567 2278 604 procuratori
2295 566 2339 595 10-

1294 639 1295 654 1
1325 620 1444 659 gitimo
1475 628 1535 649 seu
1569 620 1688 649 nuntio
1720 619 1860 657 speciali
1889 620 2114 649 restituantur
2143 621 2173 649 et
2200 620 2338 653 dentur;

1325 673 1481 712 quodque
1503 673 1536 702 iu
1554 673 1629 711 ipsa
1649 672 1817 702 solutione
1835 672 2281 711 dictarumoctingentarum
2302 673 2340 702 11-

1325 726 1463 756 brarum
1476 726 1606 765 prelata
1620 727 1657 756 B.
1677 725 1853 755 comitissa
1870 728 1901 755 te
1923 734 1940 755 a
1954 727 2023 756 toto
2042 726 2179 756 residuo
2190 726 2340 764 predicte

1295 787 1296 816 ξ
1326 779 1526 818 quantitatis
1540 779 1703 809 tredecim
1720 779 1854 809 milium
1876 779 2053 815 librarum,
2070 781 2139 809 tam
2161 788 2222 809 suo
2240 788 2341 818 quam

1295 866 1297 874 χ
1326 833 1477 863 filiorum
1495 841 1634 863 suorum
1656 833 1805 868 nomine,
1827 832 1998 868 liberabit,
2020 834 2049 862 et
2078 841 2179 871 super
2201 832 2261 862 1100
2279 832 2342 862 tibi

1328 894 1387 916 seu
1398 889 1453 916 tuo
1464 885 1686 924 procuratori,
1699 885 1835 915 nomine
1848 885 2060 924 tuo,plenam
2070 887 2101 915 et
2116 885 2342 915 sufficientem

1328 939 1545 970 securitatem
1563 937 1740 977 prestabit,
1761 947 1797 968 ac
1816 938 2057 968 nichilominus
2075 947 2134 976 per
2151 947 2185 968 se
2204 939 2255 968 vel
2270 947 2344 977 pro-

1329 994 1518 1023 curatorem
1537 1000 1637 1021 suum
1655 993 1709 1021 aut
1727 991 1883 1021 nuntium
1904 991 2085 1029 specialem
2100 991 2229 1021 cavebit
2249 992 2343 1021 511111-

1328 1047 1455 1077 cienter
1470 1048 1500 1075 et
1520 1046 1649 1084 ydonee
1668 1054 1728 1083 per
1743 1045 1914 1083 legitimos
1930 1044 2161 1083 fidejussores,
2182 1047 2343 1074 mercato-

1328 1109 1382 1130 res
1400 1099 1558 1129 videlicet
1584 1099 1801 1129 Florentinos
1828 1099 1859 1128 et
1878 1098 2046 1129 Senenses
2072 1100 2127 1128 aut
2158 1097 2344 1136 burgenses

1329 1153 1558 1187 Parisienses,
1575 1152 1665 1191 quod
1682 1152 1755 1190 ipsa
1772 1153 1809 1182 B.
1829 1151 2005 1181 comitissa
2023 1151 2122 1181 faciet
2139 1153 2169 1181 et
2187 1160 2344 1189 procura-

1329 1205 1378 1235 bit
1395 1205 1484 1244 quod
1504 1213 1622 1234 omnes
1639 1204 1700 1233 tilii
1716 1204 1769 1234 sui
1784 1213 1868 1242 quos
1884 1204 1923 1233 de
1942 1204 2030 1233 dicto
2044 1204 2193 1241 suscepit
2211 1204 2343 1239 comite,

1330 1260 1512 1297 postquam
1534 1258 1576 1288 ad
1593 1257 1806 1296 pubertatem
1832 1257 2059 1295 pervenerint,
2076 1256 2236 1295 juraluint
2257 1257 2346 1295 1111011

1330 1312 1397 1351 ipsi
1416 1320 1477 1351 per
1503 1320 1538 1341 se
1565 1311 1618 1341 vel
1636 1311 1722 1341 alios
1741 1312 1772 1340 te
1794 1313 1850 1340 aut
1874 1319 2089 1340 successores
2121 1310 2174 1340 vel
2206 1310 2346 1340 heredes

1330 1367 1420 1401 tuos,
1442 1365 1617 1395 occasione
1636 1363 1833 1403 hujusmodi
1852 1363 1957 1393 debiti
1975 1372 2034 1393 seu
2052 1363 2269 1402 obligationis
2287 1371 2346 1401 per

1331 1418 1476 1448 eundem
1495 1418 1692 1456 episcopum
1710 1417 1792 1447 olim
1808 1417 1938 1455 prefato
1957 1416 2083 1451 comiti,
2108 1425 2223 1446 eorum
2242 1416 2344 1454 patri,

1332 1471 1429 1507 facte,
1443 1471 1556 1509 aliquo
1574 1470 1673 1500 modo
1691 1470 1743 1500 vel
1760 1470 1907 1508 ingenio,
1925 1470 1959 1499 in
1973 1469 2101 1508 judicio
2116 1469 2168 1498 vel
2187 1471 2281 1499 extra
2295 1469 2347 1507 ju-

1332 1525 1470 1561 dicium,
1494 1524 1690 1553 nullatenus
1712 1523 1789 1552 inde
1815 1522 1964 1559 stabunt,
1985 1523 2044 1553 sed
2062 1524 2226 1561 quantum
2243 1522 2277 1551 in
2296 1522 2346 1551 eis

1332 1577 1447 1612 fuerit,
1472 1578 1581 1607 ratam
1608 1575 1779 1606 habebunt
1806 1576 2075 1606 satisfactionem
2101 1575 2295 1614 hujusmodi
2315 1577 2347 1605 et

1333 1631 1447 1670 aliquo
1463 1630 1562 1661 modo
1579 1638 1752 1668 nunquam
1763 1629 1899 1659 venient
1917 1631 2032 1659 contra
2050 1638 2134 1659 eam.
2147 1629 2297 1664 Τ111010,
2312 1629 2347 1658 111

1333 1684 1550 1714 restitutione
1566 1683 1734 1713 dictorum
1752 1683 2067 1716 instrumentorum,
2086 1683 2117 1712 te
2140 1682 2348 1712 sufficienter

1333 1739 1364 1768 et
1381 1737 1479 1776 plene
1497 1746 1557 1776 per
1572 1738 1649 1766 tuas
1666 1737 1820 1774 patentes
1846 1736 1979 1766 litteras
1999 1737 2030 1765 et
2056 1744 2116 1774 per
2143 1735 2347 1765 instrumen-

1333 1792 1404 1821 tum
1439 1789 1615 1829 publicum
1645 1788 1812 1827 obligabis
1844 1797 1879 1818 ac
1909 1789 1949 1818 de
1984 1797 2070 1818 novo
2105 1796 2348 1827 recognoscens

1333 1843 1548 1874 confiteberis
1563 1845 1594 1873 te
1610 1842 1699 1872 dicta
1713 1842 1778 1871 duo
1796 1841 1891 1872 milia
1907 1841 2073 1871 librarum
2090 1843 2122 1871 et
2146 1841 2349 1880 quingentas

1334 1897 1440 1927 libras
1475 1898 1631 1926 turonen.
1660 1903 1719 1934 pro
1750 1895 1886 1925 residuo
1918 1895 1999 1925 dicti
2029 1894 2134 1924 debiti
2166 1894 2287 1924 debere
2317 1896 2350 1924 et

1334 1950 1442 1981 teneri
1460 1950 1604 1986 solvere,
1620 1949 1693 1979 loco
1710 1950 1741 1978 et
1758 1948 1917 1978 terminis
1931 1947 2105 1986 predictis,
2120 1948 2230 1978 eidem
2246 1949 2282 1978 Β.
2298 1957 2351 1978 co-

1303 2040 1304 2047 *
1333 2004 1528 2040 mitisse,ut
1545 2002 1705 2041 superius
1715 2003 1765 2032 est
1778 2010 1992 2040 expressum,
2004 2003 2103 2040 teque
2119 2010 2221 2040 super
2234 2001 2301 2030 hiis
2318 2003 2349 2032 et

1303 2059 1305 2097 ζ
1333 2057 1475 2088 heredes
1494 2058 1572 2086 tuos
1591 2064 1628 2085 ac
1643 2055 1730 2086 bona
1753 2056 1811 2085 tua
1828 2054 1996 2093 obligabis
2014 2054 2140 2089 eidem;
2162 2056 2193 2085 et
2211 2054 2350 2084 nichilo-

1335 2112 1448 2141 minus
1460 2111 1539 2140 tunc
1552 2109 1717 2147 temporis
1740 2108 1950 2138 sufficientes
1964 2110 1995 2138 et
2010 2108 2162 2147 ydoneos
2176 2107 2350 2146 fidejusso-

1335 2173 1401 2199 res,
1427 2164 1632 2194 mercatores
1657 2162 1787 2192 scilicet
1806 2161 2023 2192 Florentinos
2039 2161 2093 2190 vel
2112 2160 2278 2191 Senenses
2293 2162 2350 2191 aut

1334 2218 1521 2257 burgenses
1540 2216 1756 2246 Parisienses
1773 2214 1869 2245 dabis
1891 2214 1978 2244 dicte
1996 2214 2032 2244 B.
2052 2214 2226 2244 comitisse
2248 2223 2350 2253 super

1335 2270 1499 2310 predictis
1512 2269 1671 2300 omnibus
1684 2270 1715 2299 et
1728 2268 1876 2307 singulis
1890 2267 2111 2298 observandis
2124 2268 2156 2297 et
2172 2267 2351 2297 inviolabi-

1336 2325 1414 2356 liter
1435 2323 1660 2359 attendendis,
1677 2322 1735 2361 qui
1751 2321 1953 2360 superdicta
1967 2329 2099 2350 summa
2111 2321 2253 2359 pecunie
2271 2321 2350 2351 duo-

1336 2387 1412 2409 rum
1426 2377 1561 2408 milium
1577 2377 1609 2406 et
1627 2375 1889 2414 quingentarum
1912 2373 2077 2404 librarum
2096 2373 2131 2403 in
2148 2373 2295 2404 solidum
2313 2382 2349 2404 se

1336 2430 1544 2471 principales
1574 2429 1781 2460 constituant
1809 2427 1981 2457 debitores
2004 2429 2036 2457 et
2063 2426 2212 2466 obligent
2236 2428 2351 2457 onmia

1336 2485 1425 2516 bona
1437 2492 1498 2514 sua
1506 2482 1680 2522 presentia
1692 2483 1723 2512 et
1736 2482 1860 2517 futura,
1872 2482 1903 2511 et
1916 2480 2112 2511 renuntient
2124 2480 2281 2511 omnibus
2294 2489 2350 2510 ex-

1337 2537 1551 2577 ceptionibus
1566 2545 1601 2566 ac
1612 2534 1882 2570 defensionibus,
1894 2535 1993 2572 prout
2003 2533 2180 2573 superbiis
2191 2533 2350 2564 omnihus

1336 2600 1397 2631 pro
1419 2591 1600 2622 securitate
1618 2588 1728 2627 ipsius
1744 2589 1782 2619 B.
1801 2587 2040 2622 sufficientiis,
2058 2587 2242 2617 secundum
2259 2587 2347 2625 jura,

1337 2644 1455 2676 confici
1468 2643 1591 2682 poterit
1610 2641 1784 2680 publicum
1802 2641 2079 2671 instrumentum.
2093 2640 2277 2679 Postquam
2294 2649 2350 2670 au-

1336 2700 1406 2729 tem
1417 2698 1527 2729 eidem
1536 2697 1574 2727 B.
1586 2696 1626 2725 de
1636 2694 1747 2725 tribus
1757 2694 1898 2724 milibus
1911 2693 2076 2724 librarum
2090 2695 2121 2724 et
2132 2693 2293 2723 trecentis
2311 2693 2349 2722 li-

1305 2768 1306 2771 =
1336 2751 1409 2782 bris
1418 2749 1581 2790 predictis
1597 2748 1749 2787 plenarie
1768 2747 1982 2778 satisfactum
2000 2746 2162 2783 extiterit,
2180 2746 2290 2777 littere
2312 2754 2348 2776 ac

1337 2804 1566 2835 instrumenta
1580 2809 1645 2841 que
1658 2801 1810 2831 confecta
1827 2800 1954 2830 fuerint
1972 2808 2074 2838 super
2084 2798 2279 2838 hujusmodi
2296 2798 2350 2828 de-

1337 2858 1408 2888 bito
1418 2858 1562 2888 duorum
1573 2855 1706 2885 milium
1718 2855 1749 2885 et
1760 2853 2021 2893 quingentarum
2036 2852 2200 2882 librarum
2211 2860 2248 2882 ac
2258 2859 2347 2881 secu·
