2519 3262
1081 257 1333 288 APPENDICE
1356 257 1398 287 ΙΙ.
2238 265 2276 294 57

202 349 405 387 percepisse,
421 350 514 379 tanto
531 349 692 379 libentius
715 349 781 379 sibi
802 350 947 380 fideliter
963 359 1000 380 ac
1016 351 1134 380 devote
1155 350 1209 380 oh-

202 401 297 440 sequi
316 401 497 431 studebitis
521 404 552 432 et
574 402 717 441 placere,
740 403 859 441 prefati
877 403 1019 433 rectoris
1035 412 1072 432 ac
1086 404 1210 433 vestris

203 454 332 484 devotis
349 455 504 492 precibus
522 455 686 491 inclinati,
705 456 793 494 quod
812 465 869 494 per
888 456 1031 486 eundem
1046 458 1209 486 rectorem

202 507 290 537 circa
310 508 476 545 premissa
501 509 625 538 sactum
649 511 710 543 est,
733 509 884 539 volentes
906 518 1012 548 usque
1035 509 1074 539 ad
1096 510 1209 540 nostre

203 559 385 590 voluntatis
413 560 660 599 beneplacitum
685 565 795 592 ratum
816 565 847 591 et
874 562 1008 592 firmum
1026 562 1153 595 haberi,
1176 562 1210 592 id

202 612 309 646 vobis,
326 614 360 643 in
377 614 545 652 sepedicte
560 615 651 644 sedis
666 615 842 645 devotione
855 624 891 645 ac
907 615 1069 645 fidelitate
1086 615 1210 653 persis-

202 666 361 701 tentibus,
396 676 503 706 usque
535 668 575 697 ad
607 668 696 698 idem
729 668 977 707 beneplacitum
1011 669 1209 699 auctoritate

202 719 387 757 apostolica
404 721 644 750 confirmamus
659 723 691 752 et
705 721 872 759 presentis
890 721 1007 760 scripti
1024 721 1209 759 patrocimo

202 773 461 803 communimus.
482 774 577 804 Nulli
595 783 673 813 ergo
692 792 740 802 —.
760 774 795 805 Si
812 774 889 812 quis
909 791 957 803 -—.
980 775 1103 804 Datum
1122 774 1210 812 apud

203 824 490 861 Urbemveterem,
524 837 572 856 1111
602 835 707 857 nonas
738 827 830 861 maii,
858 827 1074 865 pontificatus
1102 827 1209 857 nostri

202 887 288 908 anno
302 879 448 909 secundo
467 879 486 910 ⁴.
508 888 525 908 »

292 1044 389 1074 2948
796 1042 921 1075 Orvieto,
937 1043 968 1070 31
986 1043 1043 1069 mai
1062 1043 1138 1070 1203.

237 1126 329 1153 Fratri
344 1126 475 1159 Μαι-11110,
492 1127 600 1153 ordinis
616 1126 733 1153 Militiae
751 1126 871 1161 Templi,
889 1127 1047 1154 castellano
1060 1119 1162 1154 roccae
1178 1127 1212 1154 de

201 1175 310 1207 Trebis,
333 1175 499 1210 Anagninae
519 1175 651 1205 diocesis,
678 1177 799 1202 mandat
815 1178 844 1202 ut
866 1175 1027 1209 Nicolaum,
1046 1176 1164 1202 Lucium
1185 1179 1214 1203 et

198 1224 366 1259 111-0301111111
391 1224 498 1251 milites
521 1224 578 1251 suis
597 1224 708 1260 juribus
727 1224 754 1250 in
775 1224 879 1252 castris
901 1225 934 1251 de
955 1225 1065 1258 Trehis,
1084 1225 1213 1252 Feletani

200 1276 227 1300 et
248 1273 437 1307 Vallispetrae
454 1273 493 1300 uti
517 1273 678 1307 permittat.
699 1274 797 1307 (Anca.
824 1274 921 1300 Varie.
946 1274 1025 1300 Arm.
1044 1282 1111 1307 xm,
1133 1283 1213 1309 caps.

200 1330 241 1354 1-1,
258 1327 288 1348 n⁰
300 1322 359 1354 47.)

234 1414 264 1440 [n
291 1414 407 1441 nomine
435 1414 558 1441 Domini.
589 1416 691 1441 Amen.
711 1415 766 1441 Hoc
789 1417 833 1441 est
851 1416 1014 1449 exemplum
1032 1417 1212 1450 quarundam

199 1463 361 1490 litterarum
377 1463 487 1490 domini
508 1471 577 1498 pape
594 1471 664 1498 quas
684 1471 737 1498 ego
753 1464 866 1495 Petrus,
884 1465 1012 1491 notarius
1031 1465 1161 1500 ejusdem
1179 1474 1212 1492 ac

198 1513 388 1539 cancellarius
406 1513 465 1546 llllsl
479 1520 602 1547 quarum
619 1515 701 1538 tenor
719 1512 785 1539 talis
804 1515 848 1540 est
871 1522 875 1537 :

241 1614 255 1633 (‹
272 1603 412 1633 Urbanus
422 1605 705 1644 episcopanssservus
716 1614 781 1634 seru
788 1615 871 1634 orum
880 1604 948 1641 Dei,
959 1605 1067 1635 dilecto
1076 1605 1141 1645 filio
1149 1607 1213 1643 fra-

201 1658 240 1687 lri
265 1657 411 1693 illm-cino,
437 1656 553 1686 ordinis
581 1657 692 1687 Militie
719 1657 848 1696 Templi,
874 1658 1040 1688 castellano
1070 1669 1155 1689 rocce
1179 1659 1215 1689 de

202 1710 316 1746 Trebis‚
334 1711 500 1749 Annqnine
516 1709 655 1746 diocesis,
673 1710 799 1740 salutem
816 1716 843 1740 et
860 1711 1055 1751 apostolicam
1079 1713 1215 1742 benedic-

199 1765 322 1794 tionem.
351 1764 475 1794 Dilecti
502 1763 562 1793 11111
586 1763 718 1794 nobiles
746 1764 809 1794 viri
836 1765 1009 1799 Nicolaus,
1038 1766 1164 1796 Lucius
1185 1768 1215 1796 et

198 1817 395 1855 Gregorius,
420 1817 547 1847 milites
565 1817 667 1847 castri
685 1817 724 1847 de
742 1817 873 1854 Treffls,
893 1819 960 1848 tam
978 1827 1037 1856 pro
1057 1827 1092 1849 se
1112 1828 1213 1858 quani

198 1879 258 1909 pro
274 1870 352 1900 aliis
366 1879 483 1900 eorum
498 1870 714 1900 consortibus
730 1879 843 1901 coram
860 1871 957 1901 nobis
975 1880 1142 1910 exponere
1162 1881 1215 1903 cu-

201 1923 458 1962 raveruntquod
476 1924 541 1962 ipsi
557 1924 591 1953 in
604 1923 757 1962 ejusdem
768 1933 896 1954 necnon
907 1925 1071 1961 Feletani,
1091 1925 1214 1955 Vallis-

199 1978 292 2016 petre
309 1979 497 2007 castrorum
510 1977 644 2016 justitia
659 1977 802 2015 quedam
814 1978 890 2016 jura
905 1977 1057 2008 obtinere
1074 1987 1214 2009 noscun-

200 2032 255 2061 tur
273 2030 396 2069 quibus
415 2032 450 2060 tu
466 2031 559 2069 ipsos
577 2031 778 2065 destituens,
798 2039 856 2061 eos
874 2031 1002 2061 eisdem
1021 2032 1068 2062 uti
1080 2031 1215 2070 juribus

201 2092 265 2114 non
285 2084 464 2122 permittis.
488 2083 581 2114 Unde
606 2083 704 2113 nobis
730 2083 905 2114 humiliter
925 2084 1161 2123 supplicarunt
1182 2088 1215 2116 nt

201 2137 375 2175 providere
394 2137 426 2166 in
444 2137 503 2166 hac
519 2139 612 2175 parte
629 2137 714 2174 ipsis
729 2137 768 2167 de
785 2136 991 2175 benignitate
1009 2138 1109 2168 solita
1123 2147 1215 2169 cura-

202 2198 325 2220 remus.
344 2190 412 2220 Nos
428 2190 541 2228 igitur,
557 2189 707 2220 volentes
724 2199 839 2220 eorum
851 2190 928 2229 jura
940 2191 989 2220 eis
1006 2190 1137 2222 illibata
1150 2200 1216 2222 ser-

202 2243 284 2279 vari,
301 2243 497 2272 discretioni
519 2244 575 2272 tue
596 2251 653 2281 per
671 2243 856 2281 apostolica
871 2243 997 2282 scripta
1016 2244 1215 2274 mandamus

203 2297 369 2335 quatenus
399 2296 438 2325 de
464 2295 658 2334 hujusmodi
683 2295 818 2334 juribus
845 2305 908 2335 que
938 2295 1069 2327 nobiles
1100 2300 1131 2328 et
1156 2298 1215 2328 alii

202 2349 343 2388 predicti
359 2349 391 2378 in
409 2349 547 2387 prefatis
563 2349 683 2378 castris
701 2357 736 2378 se
752 2348 875 2379 habere
890 2351 1045 2380 asserunt
1060 2350 1100 2380 de
1114 2350 1215 2389 plano

203 2405 234 2434 et
256 2402 459 2441 si11ejndicii
485 2402 629 2440 strepitu
654 2401 833 2441 diligenter
851 2402 1004 2441 inquiras
1026 2405 1057 2433 et
1079 2412 1135 2433 eos
1158 2403 1216 2433 illa

201 2456 275 2493 jura
290 2455 324 2484 in
339 2455 438 2485 dictis
453 2455 574 2484 castris
590 2454 713 2485 habere
730 2455 883 2494 ipsisque
896 2455 945 2485 uti
960 2454 1065 2486 libere
1075 2456 1216 2494 patiaris

234 2551 256 2574 1.
274 2550 318 2574 Au
333 2549 383 2573 dos
405 2549 437 2573 de
455 2551 526 2573 cette
543 2549 619 2574 bulte
636 2549 777 2581 originale
796 2558 801 2574 ;
819 2559 829 2572 α
843 2550 884 2574 die
896 2550 1000 2575 sabbati
1015 2559 1033 2574 ,υ
1042 2550 1120 2582 julii,
1133 2552 1218 2583 prime

205 2594 363 2620 indictionis,
388 2594 513 2625 magyislet·
532 2593 654 2618 Nicotaus
676 2595 721 2626 qui
748 2594 848 2618 dicebat
871 2601 896 2619 se
920 2595 1056 2626 syndicum
1077 2596 1219 2620 communis

204 2638 354 2665 Auximani,
368 2637 515 2669 syndieario
528 2639 631 2662 nomine
647 2638 739 2669 ipsius,
750 2639 884 2670 produxit
896 2639 1097 2671 infrascriptum
1111 2640 1218 2672 Capotio

204 2684 227 2707 et
248 2682 326 2714 quod,
343 2682 374 2705 de
392 2682 516 2705 mandato
536 2681 634 2705 domini
649 2681 773 2713 Huqolini
789 2682 941 2710 Auximum,
960 2684 1110 2714 copim-etur
1127 2686 1152 2708 el
1173 2684 1219 2708 sub

205 2726 291 2758 styillo
305 2732 405 2750 camere
418 2725 517 2750 domini
537 2733 606 2757 pape
624 2726 659 2750 ad
676 2733 771 2750 causas
790 2726 922 2758 publicari
938 2727 1051 2752 deberet.
1068 2730 1162 2752 Actum
1185 2728 1220 2752 ad

206 2771 316 2796 bancam
334 2770 432 2794 domini
444 2770 524 2797 And..
537 2771 562 2793 in
577 2770 686 2794 ecelesia
703 2771 824 2797 Reatina,
839 2771 1003 2802 presentibus
1021 2772 1094 2796 Petro
1110 2772 1141 2796 de
1154 2773 1218 2797 Buc-

205 2816 290 2842 clano.
312 2815 444 2839 Leonardo
457 2815 527 2838 Petri
542 2815 572 2838 dc
590 2822 612 2838 s.
630 2815 759 2839 Germano
774 2816 798 2838 et
813 2815 907 2839 domno
931 2816 1069 2840 Francisco
1086 2817 1219 2848 quondam

209 2860 304 2884 Tudeto
321 2861 368 2883 etc.
390 2868 398 2881 ι

236 2905 290 2929 Les
315 2903 448 2928 archives
475 2903 600 2928 d'Osimo
631 2903 783 2934 possedeat
805 2903 878 2927 deux
901 2904 996 2935 copies
1018 2905 1161 2929 notariees
1187 2905 1220 2929 de

209 2950 281 2973 cette
300 2948 387 2975 balle,
405 2947 482 2971 l'une
498 2948 536 2971 du
552 2948 581 2970 20
599 2949 666 2971 aont
680 2947 750 2974 1328,
765 2947 870 2972 l'autre
886 2947 924 2972 du
937 2949 950 2972 'l
967 2950 1034 2972 aont
1048 2949 1116 2972 1342.

340 2993 478 3020 URBAIN
500 2992 552 3025 lv,
574 2995 595 3019 t.
616 2991 668 3023 lv,
691 2993 755 3027 Rey.
775 2992 833 3019 ord.

1267 359 1330 389 que
1351 351 1393 380 ad
1417 351 1523 390 ipsos,
1549 352 1644 381 salva
1670 354 1902 390 procuratione
1926 363 2026 392 quam
2048 355 2190 385 ecclesia
2212 357 2273 386 Ro-

1266 412 1365 433 mana
1379 403 1503 434 ibidem
1517 404 1635 434 habuit
1651 405 1691 434 ab
1709 406 1857 444 antiquo,
1875 410 1905 437 et
1923 407 1980 436 illa
1997 416 2060 446 que
2082 407 2185 437 nobili
2203 410 2275 439 viro

1266 456 1444 495 Baynaldo
1466 456 1582 487 Rubeo
1600 458 1714 494 militi,
1729 459 1825 495 juxta
1840 462 1989 490 tenorem
2007 461 2171 490 sententie
2189 461 2273 491 dissi-

1267 509 1370 539 nitive
1384 518 1442 547 per
1454 509 1595 540 dilectos
1606 510 1694 540 tilios
1710 512 1890 550 magistros
1905 513 2073 543 Matheum
2084 514 2123 543 de
2135 514 2274 544 Salerno

1267 563 1298 592 et
1314 562 1513 600 Gregorinm
1531 563 1570 592 de
1589 564 1742 602 Neapoli,
1762 565 1952 603 capellanos
1969 569 2113 600 nostros,
2130 567 2274 597 auctori-

1266 617 1333 645 tate
1349 616 1535 654 apostolica
1552 617 1773 655 promulgate,
1791 627 1891 657 (piam
1909 619 1943 648 in
1963 619 2119 649 omnibus
2137 621 2209 650 suis
2227 629 2275 650 ar-

1266 668 1381 698 ticulis
1396 669 1578 698 statuimus
1598 669 1781 705 observari,
1802 673 1897 709 prout
1916 672 1956 701 ad
1977 672 2068 710 ipsos
2086 673 2275 711 reppereris

1268 720 1515 751 rationabiliter
1542 723 1720 760 pertinere.
1750 723 1906 754 Ceterum
1933 724 2142 763 diligentiam
2170 728 2273 759 tuam,

1268 782 1367 812 quam
1384 774 1418 803 in
1434 783 1533 812 opere
1551 777 1582 804 et
1596 775 1629 805 in
1645 776 1811 806 erectione
1828 785 1921 806 rocce
1939 777 2048 815 ipsius
2066 779 2165 807 castri
2184 779 2274 808 adhi-

1269 827 1383 857 buisse
1400 827 1598 863 dinosceris
1622 829 1857 868 multipliciter
1880 831 2164 867 commendantes,
2186 831 2276 861 volu-

1269 889 1344 910 mus
1365 883 1400 910 ut
1426 881 1460 910 in
1476 881 1535 911 1100
1553 883 1584 911 et
1606 881 1639 911 in
1658 882 1735 912 aliis
1757 891 1821 921 que
1846 883 2030 921 respiciunt
2050 884 2159 922 ipsius
2184 893 2277 914 rocce

1269 933 1482 964 commodum
1499 936 1530 964 et
1547 935 1746 973 profectum,
1762 936 1809 965 sic
1822 936 1963 975 pervigil
1980 939 2011 966 et
2026 939 2174 967 attentus
2190 938 2278 967 exis-

1268 988 1321 1016 tas
1335 988 1381 1022 ut,
1396 989 1569 1025 tamquam
1581 996 1699 1018 servus
1715 989 1824 1018 fidelis
1835 992 1865 1018 et
1876 990 2035 1027 prudens,
2048 992 2182 1028 propter
2198 990 2279 1020 fide-

1270 1039 1398 1070 litatem
1417 1041 1509 1070 tuam
1529 1041 1691 1071 merearis
1711 1050 1729 1071 a
1747 1042 1845 1071 nobis
1864 1043 2023 1073 constitui
2042 1052 2143 1082 super
2162 1044 2279 1074 multa.

1269 1092 1394 1122 Datum
1411 1093 1499 1131 apud
1513 1093 1802 1130 Urbemveterem,
1823 1105 1843 1124 11
1861 1095 2022 1125 kalendas
2034 1096 2133 1134 junii,
2151 1097 2280 1134 pontifi-

1270 1147 1364 1175 catus
1380 1145 1487 1175 nostri
1505 1155 1590 1176 anno
1607 1147 1766 1177 secundo.
1786 1158 1800 1176 )›

1307 1243 1338 1269 Et
1356 1251 1419 1278 ego,
1432 1243 1532 1270 Petrus
1550 1244 1583 1270 de
1599 1243 1738 1275 50010013,
1757 1247 1938 1271 sacrosancte
1956 1244 2079 1270 Romane
2091 1244 2210 1271 ecclesie
2228 1252 2282 1270 no-

1270 1291 1372 1322 tarius,
1388 1292 1461 1319 sicut
1489 1292 1584 1318 inveni
1607 1292 1636 1318 in
1654 1293 1724 1326 ipsis
1741 1293 1889 1327 papalibus
1909 1293 2012 1320 litteris
2030 1301 2084 1319 nou
2100 1292 2281 1324 cancellatis,

1271 1348 1327 1366 nou
1352 1340 1463 1367 abrasis
1484 1349 1536 1368 nec
1560 1341 1589 1367 in
1609 1341 1707 1375 aliqua
1724 1342 1766 1368 sui
1794 1345 1873 1375 parte
1896 1342 2020 1374 viciatis,
2045 1343 2080 1368 ita
2101 1341 2224 1368 fideliter
2246 1343 2281 1368 de

1271 1389 1359 1416 verbo
1389 1390 1424 1416 ad
1445 1390 1565 1416 verbum
1593 1392 1709 1424 rogatus
1736 1389 1837 1424 scripsi
1867 1393 1892 1417 et
1917 1391 2086 1425 exemplavi,
2110 1390 2280 1417 auctoritate

1270 1438 1452 1472 exemplandi
1472 1441 1500 1466 et
1516 1438 1681 1473 publicandi
1699 1439 1788 1466 michi
1812 1440 1846 1466 ab
1864 1440 2022 1474 apostolica
2048 1440 2113 1466 sede
2133 1447 2282 1473 concessa,

1271 1487 1300 1513 in
1316 1488 1388 1513 lianc
1405 1487 1550 1521 publicam
1573 1487 1698 1514 formam
1717 1488 1825 1522 redegi,
1842 1488 1881 1515 nil
1905 1489 2012 1515 addens
2031 1488 2073 1514 vel
2091 1488 2221 1515 minuens
2238 1488 2285 1515 vel

1270 1535 1429 1562 immutans
1446 1536 1502 1563 nisi
1523 1536 1596 1563 forte
1614 1536 1742 1564 litteram
1759 1537 1803 1563 vel
1823 1537 1955 1564 sillabam
1985 1539 2011 1564 01
2031 1545 2128 1564 coram
2148 1537 2216 1564 viris
2234 1537 2283 1564 lit—

1270 1585 1382 1617 teratis,
1399 1585 1533 1612 videlicet
1547 1586 1664 1612 domino
1676 1586 1832 1621 Raynaldo,
1847 1586 1966 1613 sacrista
1979 1586 2139 1620 Anagnino,
2156 1586 2282 1613 Johanne

1271 1634 1342 1660 dicto
1358 1634 1490 1666 Sacrista,
1503 1635 1628 1669 dompno
1639 1634 1769 1661 Johanne
1785 1636 1904 1666 Sorano,
1918 1635 2042 1662 notario.
2056 1638 2082 1661 et
2095 1635 2210 1662 Alberto
2226 1644 2283 1662 ma·

1271 1682 1354 1717 gistri
1371 1683 1488 1710 Rofsridi
1510 1683 1683 1717 videntibus,
1703 1683 1864 1717 legentibus
1884 1686 1909 1710 01
1927 1684 2108 1710 audientibus
2127 1684 2202 1710 idem
2220 1692 2285 1711 con-

1271 1731 1357 1758 tineri
1375 1731 1403 1757 in
1429 1731 1481 1758 hoc
1504 1731 1666 1766 exemplato
1689 1732 1764 1766 quod
1787 1731 1815 1758 in
1838 1731 1890 1758 hoc
1913 1732 2044 1766 exemplo
2068 1732 2281 1766 continebatur,

1271 1780 1424 1815 diligenter
1440 1781 1629 1807 auscultando
1646 1780 1734 1815 relegi
1751 1783 1779 1807 01
1796 1781 1910 1815 signum
1929 1781 1993 1813 1001,
2009 1782 2061 1807 sub
2081 1789 2155 1807 anno
2170 1782 2282 1808 Domini

1271 1829 1460 1856 M⁰tjC⁰LXlll⁰
1491 1830 1673 1863 pontificatus
1703 1829 1812 1856 domini
1843 1829 1948 1856 L'rbani
1978 1837 2024 1856 1111
2052 1838 2123 1864 pape
2150 1838 2224 1856 anno
2249 1837 2281 1861 11,

1271 1877 1428 1905 indictione
1445 1887 1486 1910 Vl,
1515 1879 1623 1905 mensis
1639 1878 1711 1913 junii
1728 1879 1772 1905 die
1787 1887 1827 1905 xr
1848 1885 1965 1913 (sceau.)

1361 2034 1458 2065 2949
1866 2033 1990 2065 Orvieto,
2006 2033 2039 2060 31
2058 2033 2114 2060 mei
2134 2033 2211 2060 1203.

1308 2116 1445 2150 Episcopo
1462 2115 1612 2150 Anagnino
1629 2116 1745 2142 mandat
1760 2118 1871 2142 revocet
1885 2116 2041 2150 quamdam
2052 2115 2283 2143 excommunica-

1272 2164 1357 2191 tionis
1376 2164 1549 2191 sententiam
1576 2164 1603 2190 in
1623 2164 1795 2190 castellanos
1811 2168 1837 2191 et
1859 2164 1929 2191 alios
1955 2164 2092 2191 officiales
2110 2164 2283 2198 apostolicos

1272 2215 1306 2240 de
1329 2213 1427 2240 Trebis
1452 2213 1487 2239 ab
1509 2214 1610 2239 eodem
1633 2213 1766 2247 episcopo
1793 2213 1946 2247 prolatam.
1969 2215 2064 2246 (Anca.
2081 2213 2180 2239 Vario.
2200 2215 2280 2240 Arm.

1272 2271 1339 2293 xxii,
1356 2271 1434 2296 caps.
1452 2270 1494 2289 VI.
1511 2267 1540 2288 n⁰
1554 2264 1612 2292 27.)

1313 2369 1328 2388 «
1360 2358 1502 2388 Urbanus
1527 2358 1698 2398 episcopus,
1724 2368 1826 2387 servus
1851 2368 2003 2388 seruorum
2029 2359 2095 2395 Dei,
2122 2359 2285 2388 venerabili

1271 2412 1367 2451 fratri
1383 2413 1524 2451 episcopo
1549 2411 1715 2450 Anaynino
1737 2411 1862 2442 salutem
1884 2416 1910 2441 el
1931 2411 2124 2451 aposcolicam
2147 2412 2281 2441 benedic-

1274 2465 1395 2495 tionem.
1415 2464 1656 2496 lntelleximus
1675 2465 1763 2503 quod
1781 2466 1817 2495 tu
1834 2474 1941 2504 nuper
1962 2465 2129 2504 quandam
2146 2474 2283 2504 genera-

1274 2519 1340 2549 lem
1357 2517 1719 2549 excommunicationis
1733 2519 1947 2554 sententiam,
1967 2518 2141 2548 occasione
2159 2518 2283 2549 ballive

1274 2571 1428 2602 castride
1445 2571 1625 2606 Fesettino,
1644 2573 1699 2601 tue
1717 2571 1875 2606 diocesis,
1890 2571 1923 2600 in
1936 2571 2065 2609 jurium
2084 2573 2114 2601 et
2128 2571 2284 2608 jurisdic-

1273 2625 1378 2656 tionis
1395 2625 1547 2655 Romane
1564 2624 1704 2654 ecclesie
1723 2624 1959 2662 prejudicium,
1981 2624 2158 2654 intendens
2175 2624 2210 2654 in
2225 2624 2286 2655 illa

1275 2677 1498 2707 castellanum
1518 2679 1551 2707 et
1576 2676 1662 2707 alios
1683 2676 1846 2707 officiales
1872 2679 2006 2707 nostros
2029 2677 2068 2707 de
2093 2676 2213 2708 Trebis
2235 2678 2284 2708 in-

1276 2730 1421 2764 volvere,
1435 2729 1621 2768 protulisti.
1638 2729 1745 2767 Super
1763 2738 1827 2768 quo
1844 2729 1884 2759 de
1903 2731 1960 2759 tua
1975 2730 2199 2768 providentia,
2221 2739 2285 2770 que

1276 2783 1397 2813 saltem
1421 2781 1520 2812 nobis
1543 2781 1659 2812 debuit
1686 2782 1719 2811 in
1744 2781 1803 2812 hac
1825 2784 1919 2821 parte
1935 2782 2078 2819 deferre,
2099 2783 2286 2822 plurimum

1277 2835 1508 2871 ammirantes
1538 2835 1785 2865 fraternitatem
1812 2837 1904 2865 tuam
1933 2835 2135 2866 monendam
2163 2837 2286 2868 attente

1277 2887 1439 2918 duximus
1468 2889 1500 2917 et
1530 2887 1742 2922 hortandam,
1772 2896 1830 2926 per
1859 2888 2045 2926 apostolica
2071 2888 2134 2919 tibi
2162 2889 2289 2928 scripta

1279 2940 1430 2971 districte
1448 2940 1676 2979 precipiendo,
1698 2941 1897 2971 mandantes
1916 2942 2075 2980 quatinus
2092 2941 2287 2981 hujusmodi

2149 2994 2166 3023 8
