2659 3242
87 213 144 243 144

112 356 190 386 1263

90 405 158 434 dle.
189 403 242 432 23.

119 611 131 627 ο
200 611 211 625 ι

118 1145 130 1161 ι
198 1145 208 1160 ι

117 2167 129 2182 ι
198 2168 208 2182 ι

119 2463 132 2478 ι

120 2755 132 2771 ι
201 2758 212 2772 ι

278 354 406 383 Orvieto.

878 197 1048 227 'l'ABLES
1075 197 1135 227 DU
1162 194 1382 226 REGISTRE
1408 193 1619 224 D'URBAIN
1647 194 1688 223 lx*

1012 293 1097 319 Paga.
1114 290 1240 313 Numeros.

502 354 547 380 De
572 352 770 380 absolutione
803 351 1054 378 excommunica·
1073 345 1079 386 Ι
1095 347 1153 376 224
1173 344 1179 385 Ι
1195 348 1254 375 465

457 403 552 429 tionis
589 401 810 428 nonnullorum
848 399 1047 427 Florentino—

450 459 519 479 rum
547 451 765 481 mercatorum,
796 450 828 476 in
856 448 1040 476 Provinciae

448 501 595 535 partibus
621 499 895 528 commorantium,
926 498 965 524 ad
991 504 1038 524 ec-

445 549 561 576 clesiae
586 549 738 575 mandata
762 547 972 574 redeuntium.
1037 544 1101 564 ‘0¹¹²‘
1118 542 1147 562 ¹¹¹

485 598 710 624 Archidiacono
728 596 930 623 Atrebatensi
947 602 1031 623 man·
1051 591 1056 632 Ι
1073 595 1132 622 396
1151 591 1157 632 Ι
1174 593 1249 622 2371

449 648 504 675 dat
535 648 571 674 ut
600 646 734 677 Robivo,
767 645 901 679 pauperi
929 644 1045 672 clerico

446 695 670 723 Atrebatensis
691 694 834 723 diocesis,
858 694 917 726 cui,
942 701 959 720 a
980 700 1043 721 ma-

447 745 548 780 gistro
571 744 719 778 Gregorio
743 745 780 770 de
804 742 946 777 Neapoli,
971 743 1042 769 sub-

449 794 580 821 diacono
608 794 640 820 et
665 792 830 826 capel-ano
856 790 1039 825 apostolico,

447 843 479 869 in
495 842 679 869 litteratura
694 842 915 875 competenter
932 840 1043 867 idoneo

448 891 588 922 invento,
608 889 783 925 apostolico
800 889 951 916 mandato
967 888 1040 915 vili-

446 947 551 974 penso,
574 939 742 973 episcopus
761 937 983 964 Atrebatensis
1002 937 1041 964 do

444 987 602 1015 beneficio
622 987 729 1022 aliquo
749 985 955 1021 praebendali
973 992 1043 1020 pro-

449 1037 559 1064 videre
584 1043 647 1063 non
673 1036 809 1063 curavit.
839 1036 877 1062 de
901 1035 1041 1070 quodam

443 1084 600 1112 beneficio
621 1084 797 1112 cathedrali
818 1084 995 1118 provideat.
1035 1081 1100 1101 ¹⁰³⁶
1115 1079 1146 1101 ¹¹¹

482 1134 620 1161 Plebano
640 1133 742 1168 plebis
763 1134 800 1160 de
819 1134 935 1160 Lasaro
953 1134 1029 1160 Tur·
1048 1127 1056 1169 Ι
1071 1131 1131 1160 400
1149 1127 1156 1169 Ι
1171 1129 1251 1160 2385

447 1183 492 1210 ris
508 1184 640 1210 mandat
658 1183 694 1209 ut
710 1181 910 1209 Manfredum
929 1182 967 1208 de
983 1181 1040 1208 Mi-

443 1231 532 1263 rolio,
551 1231 709 1263 clericum,
728 1230 851 1258 nullum
869 1230 971 1257 adhuc
988 1231 1041 1258 be-

442 1279 593 1308 neficium
643 1279 893 1307 ecclesiasticum
919 1285 1041 1306 assecu-

446 1331 524 1361 tum,
541 1330 677 1356 obtentu
693 1329 818 1361 Uberti,
835 1327 960 1356 diaconi
973 1335 1040 1355 car-

443 1378 561 1406 dinalis
586 1386 611 1405 S.
637 1377 814 1410 Eustachii,
842 1377 874 1404 in
899 1377 992 1412 plebe
1017 1383 1042 1404 s.

440 1428 605 1455 Laurentii
617 1428 654 1454 de
666 1426 820 1459 Montilio,
834 1425 1045 1453 vercellensis

441 1477 584 1506 diocesis,
609 1477 640 1503 in
664 1476 849 1503 canonicum
873 1477 906 1502 et
928 1475 960 1502 in
982 1474 1043 1502 fra-

443 1526 523 1552 trem
553 1525 652 1559 recipi
682 1524 789 1552 faciat.
1034 1522 1098 1542 *ΟΜ
1114 1520 1145 1541 ¹¹¹

481 1574 636 1608 Episcopo
653 1574 830 1601 Lodovensi
846 1574 977 1601 mandat
994 1574 1029 1602 ut
1047 1569 1053 1610 Ι
1070 1573 1128 1602 403
1149 1569 1155 1610 Ι
1172 1571 1251 1601 2397

441 1623 580 1651 Johanni
593 1624 631 1650 de
641 1622 822 1655 Cabameio,
837 1623 961 1655 clerico,
977 1623 1045 1650 nul-

448 1671 512 1699 lum
529 1672 630 1699 adhuc
645 1671 837 1699 beneficium
853 1671 1044 1699 ecclesiasti-

441 1727 513 1748 cum
530 1721 648 1755 adepto
664 1722 697 1748 et
713 1728 768 1755 per
783 1720 971 1755 magistrum
987 1721 1044 1748 Pe-

449 1771 542 1803 trum,
566 1770 822 1797 archidiaconum
842 1769 1042 1797 Bruliensem

443 1819 475 1845 in
493 1818 627 1846 ecclesia
644 1819 834 1853 Agennensi,
853 1817 1044 1846 familiarem

448 1867 593 1901 magistri
632 1867 799 1894 Michaelis
840 1868 877 1894 de
916 1866 1040 1899 Tolosa,

450 1916 585 1943 Sanctae
601 1916 764 1943 Romanae
780 1915 942 1942 Ecclesiae
957 1915 1041 1942 vice-

441 1963 631 1996 cancellarii,
655 1963 852 1996 familiarem,
877 1963 1037 1991 examina-

439 2014 472 2039 to
494 2014 526 2040 et
548 2013 660 2040 idoneo
682 2015 820 2047 reperto,
845 2013 884 2040 de
906 2012 1038 2040 ecclesia

440 2069 466 2089 s.
478 2062 566 2089 Petri
577 2062 615 2089 de
627 2062 832 2096 Granopiaco,
847 2061 1044 2088 Lodovensis

441 2111 584 2143 diocesis,
614 2112 780 2145 providere
807 2111 965 2145 procuret.

483 2160 608 2187 Decano
623 2162 656 2187 et
669 2160 792 2188 cantori
805 2159 954 2187 ecclesiae
967 2159 1029 2187 Me·
1049 2156 1054 2196 Ι
1071 2160 1130 2188 407
1149 2156 1154 2197 Ι
1171 2158 1250 2187 24ἳο

446 2209 546 2236 tensis
575 2210 707 2236 mandat
737 2211 773 2236 ut
803 2210 842 2236 de
869 2209 961 2236 bonis
989 2216 1036 2237 se-

441 2258 618 2292 questratis
639 2258 802 2285 custodiae
823 2259 857 2285 et
879 2257 1044 2285 eleemosi-

442 2306 549 2334 nariae
590 2306 782 2334 Metensium
825 2307 1035 2335 creditoribus

444 2355 604 2390 quondam
623 2356 773 2382 Herberti
788 2356 826 2383 de
840 2356 946 2383 Vireio
963 2355 1045 2390 ejus-

440 2411 502 2438 que
530 2404 657 2438 nepotis
685 2404 897 2432 satisfaciant.
1034 2403 1099 2423 ΝΜ
1115 2401 1145 2423 ¹¹¹

486 2457 731 2491 Archiepiscopo
795 2457 1031 2486 Tarentasiensi
1048 2453 1054 2495 Ι
1071 2459 1132 2487 409
1149 2454 1155 2495 Ι
1173 2456 1254 2485 2425

442 2506 573 2533 mandat
607 2507 644 2533 ut
676 2506 828 2540 magistro
862 2506 1001 2534 Martino
1035 2507 1075 2536 de

443 2555 529 2586 Gaio,
576 2555 725 2582 canonico
766 2555 975 2589 Gebennensi,
1011 2555 1059 2591 J‘u-

443 2603 486 2630 ris
515 2604 657 2631 canonici
686 2603 863 2638 professori,
896 2605 1060 2633 canonica-

444 2653 511 2680 tum
542 2653 574 2680 in
604 2652 734 2680 ecclesia
764 2653 959 2681 Lausanensi
987 2661 1059 2681 con-

444 2699 534 2729 ferat„
1039 2701 1103 2722 tome
1120 2700 1150 2721 lll

486 2750 611 2778 Decano
630 2752 663 2778 et
679 2749 802 2778 cantori
815 2750 964 2780 ecclesiae
973 2752 1036 2780 Μο-
1054 2748 1061 2789 Ι
1077 2750 1136 2781 412
1155 2748 1161 2789 Ι
1176 2751 1255 2779 2446

444 2799 544 2826 tensis
555 2800 588 2826 et
606 2792 974 2835 Boetriundo‚leanonico
995 2804 1068 2830 Tre—

444 2848 578 2880 verensi,
619 2850 751 2877 mandat
789 2851 825 2877 ut
863 2849 1072 2885 Radulphum

1033 2110 1097 2128 tome
1113 2106 1144 2128 ΠΙ

1332 592 1406 621 1263

1310 642 1377 671 dec.
1409 641 1461 670 23.

1343 818 1354 832 1
1422 818 1435 833 0

1343 1184 1354 1198 ι

1343 1692 1354 1706 ι
1406 1680 1457 1710 24.

1341 1906 1353 1920 ι
1405 1894 1455 1923 25.

1342 2257 1353 2271 ι
1422 2257 1433 2271 ι

1493 594 1622 622 Orvielo.

2242 287 2328 314 Ριιει.
2345 286 2473 309 Nanctu-

1675 346 1713 373 de
1748 345 1927 377 Cameraco,
1967 344 2126 377 clericum,
2166 343 2302 372 familia·

1674 402 1738 422 rem
1767 394 1928 429 quondam
1957 393 2116 426 Herberti,
2157 393 2300 420 canonici

1673 443 1837 474 Metensis,
1872 443 1903 469 in
1917 442 2050 469 ecclesia
2065 449 2089 468 s.
2123 441 2298 469 salvatoris

1674 492 1832 519 Metensis
1861 492 1893 518 in
1921 491 2108 518 canonicum
2128 490 2230 525 recipi
2257 490 2303 518 fa-

1674 542 1770 568 ciant.

1719 594 1763 621 Ut
1787 594 2007 621 Recanatense
2039 598 2214 624 commune,
2241 592 2281 620 ad
2298 587 2305 628 Ι
2321 591 2381 620 354
2401 589 2408 630 Ι
2425 590 2484 619 'tu

1677 644 1830 670 mandata
1851 642 2002 669 ecclesiae
2014 642 2148 673 rediens,
2163 641 2196 668 in
2207 647 2278 675 gra—

1675 693 1753 720 tiam
1791 691 1987 726 apostolicae
2022 691 2108 718 sedis
2142 690 2278 726 recipiat

1675 742 1807 768 mandat
1837 740 2013 767 Veronensi
2042 739 2156 766 electo.

1711 808 1865 842 Magistro
1880 806 2026 837 Gualoni‚
2042 806 2167 833 notario
2189 812 2278 841 apos—
2296 801 2304 842 Ι
2321 805 2381 834 359
2399 803 2406 844 Ι
2424 805 2479 834 751

1672 857 1778 887 tolico,
1816 855 2011 890 apostolicae
2044 855 2130 882 sedis
2161 854 2274 890 legato,

1671 906 1803 934 mandat
1824 905 1957 939 recipiat
1979 912 1996 932 a
2018 904 2169 938 magistro
2189 903 2278 932 Milo-

1671 963 1721 987 ne,
1737 956 1775 982 de
1787 955 1879 981 bonis
1892 954 2078 981 Senensium
2092 952 2274 987 publicatis,

1672 1011 1727 1031 sex
1763 1003 1864 1032 millia
1898 1009 2074 1030 marcarum
2109 1001 2275 1037 sterlingo-

1672 1061 1749 1086 rum,
1773 1055 1804 1081 in
1826 1054 2040 1082 defensionem
2055 1052 2199 1080 civitatis
2217 1051 2276 1078 Lu-

1673 1111 1771 1131 canae
1792 1104 2019 1131 convertenda.

1712 1174 1797 1202 Rata
1822 1174 1932 1202 habita
1956 1173 2116 1201 sententia
2141 1174 2178 1200 ab
2212 1173 2274 1200 An-
2292 1168 2299 1210 Ι
2316 1165 2478 1208 4491058

1671 1224 1772 1255 chero,
1796 1223 1887 1250 tituli
1907 1230 1931 1250 s.
1953 1222 2113 1254 praxedis,
2136 1222 2169 1248 et
2188 1220 2276 1248 Guil-

1671 1271 1760 1304 lemo,
1790 1271 1881 1298 tituli
1906 1279 1930 1298 s.
1957 1271 2054 1298 Marci
2079 1270 2278 1305 presbyteris

1670 1320 1885 1348 cardinalibus
1923 1327 2100 1354 causaeque
2139 1318 2275 1351 arbitris,

1670 1369 1804 1404 prolata,
1836 1370 2003 1403 Hugonem
2029 1368 2224 1396 monasterio
2249 1374 2275 1395 s.

1672 1418 1792 1446 Nicolai
1809 1418 1840 1445 in
1857 1418 1957 1445 Bosco
1973 1418 2006 1444 in
2024 1418 2172 1445 abbatem
2189 1423 2276 1451 prae-

1670 1466 1741 1494 ficit
1763 1469 1796 1494 et
1819 1468 1966 1495 Johanni.
1991 1467 2086 1501 priori
2109 1467 2147 1493 de
2167 1466 2288 1493 Monte-

1671 1517 1785 1548 Acuto,
1815 1516 1951 1544 diocesis
1975 1515 2206 1547 Laudunensis,
2234 1515 2287 1542 do-

1673 1572 1758 1593 mum
1794 1566 1862 1593 sive
1893 1566 2017 1592 curtem
2051 1566 2089 1592 de
2119 1563 2272 1599 Choogni‚

1673 1615 1897 1643 Laudunensis
1927 1614 2072 1643 diocesis.
2107 1614 2257 1648 assignat.

1715 1683 1761 1710 De
1776 1683 1975 1710 ordinatione
1990 1689 2085 1716 supra
2099 1681 2132 1708 in
2159 1681 2281 1716 capitu·
2299 1675 2305 1717 Ι
2321 1677 2382 1709 452
2400 1677 2407 1719 Ι
2425 1679 2483 1707 955

1671 1731 1701 1758 lo
1716 1731 1774 1758 953
1793 1733 1953 1763 contenta,
1971 1731 2160 1762 Jonannem‚
2177 1736 2276 1765 quon-

1674 1781 1747 1808 dam
1782 1781 1918 1815 priorem
1956 1780 1998 1807 de
2034 1779 2273 1811 Monte-Acuta,

1671 1829 1841 1856 certiorem
1872 1828 1963 1856 facit.

1711 1895 1865 1930 Magistro
1886 1895 2007 1926 Miloni,
2028 1894 2175 1929 scriptori
2196 1896 2230 1922 et
2250 1893 2283 1921 in
2301 1889 2307 1930 Ι
2323 1893 2383 1922 358
2402 1891 2408 1932 Ι
2427 1892 2486 1921 750

1669 1944 1772 1979 regnis
1794 1944 1945 1972 Franciae
1956 1945 1988 1971 et
2010 1943 2142 1978 Angliae
2164 1944 2290 1978 aposto—

1669 1993 1730 2020 lico
1757 1993 1879 2025 nuntio,
1910 1993 2042 2020 mandat
2071 1993 2107 2020 ut
2136 1992 2174 2020 de
2200 1991 2293 2020 bonis

1671 2042 1860 2069 senensium
1894 2041 2070 2077 publicatis
2101 2048 2157 2068 sex
2189 2040 2292 2069 millia

1671 2098 1849 2119 marcarum
1877 2089 2030 2125 assignari
2055 2090 2152 2118 faciat
2177 2090 2292 2125 magis-

1671 2142 1720 2168 tro
1742 2139 1888 2173 Gualoni‚
1912 2139 2038 2168 notario
2059 2138 2235 2174 apostolico
2256 2140 2289 2167 et

1672 2188 1865 2223 apostolicae
1900 2189 1982 2216 sedis
2015 2188 2130 2223 legato.

1711 2247 1892 2274 Abbatibus
1908 2254 1932 2274 s.
1948 2246 2110 2274 Vincentii
2124 2247 2157 2274 et
2172 2253 2198 2274 s.
2213 2246 2266 2274 ,Ιο-
2286 2244 2291 2284 Ι
2308 2243 2367 2273 452
2385 2240 2392 2282 Ι
2429 2245 2489 2273 95⁸

1673 2296 1785 2324 hannis
1837 2296 2097 2323 Laudunensium
2134 2296 2293 2323 monaste—

1672 2345 1790 2372 riorum
1814 2345 1946 2372 mandat
1980 2346 2141 2379 quatenus
2173 2344 2292 2372 Johan-

1673 2400 1746 2420 nem
1778 2393 1924 2427 priorem.
1959 2393 2122 2428 quondam
2153 2393 2291 2427 priorem

1676 2443 1713 2469 de
1733 2442 1971 2473 Monte-Acuto,
1993 2443 2029 2469 O.
2052 2442 2081 2469 S.
2101 2442 2147 2473 B.‚
2169 2442 2295 2469 Laudu-

1674 2491 1781 2518 nensis
1811 2491 1953 2524 diocesis,
1986 2491 2018 2518 in
2048 2491 2279 2525 possessionem

1675 2540 1859 2574 praedictae
1882 2541 1995 2567 domus
2018 2540 2055 2567 de
2075 2539 2218 2574 Cboogni
2239 2539 2284 2567 in-

1676 2589 1805 2616 ducant.

1720 2657 1841 2683 Abbati
1864 2663 1888 2683 s.
1914 2655 2052 2689 Prejecti
2074 2655 2168 2689 juxta
2191 2655 2284 2683 sanc·
2303 2649 2488 2691 14521054

1681 2707 1750 2732 lum
1793 2704 1992 2739 Quintinum.
2052 2703 2275 2732 Noviomensis

1679 2753 1821 2785 diocesis,
1851 2755 1883 2781 et
1898 2753 2012 2785 Giloni,
2030 2753 2116 2780 dieto
2150 2751 2280 2785 Lesiart,

1678 2802 1830 2830 canonico
1860 2802 2074 2835 Laudunensi‚
2106 2801 2282 2828 committit

1680 2850 1818 2886 praefati
1855 2851 1974 2885 negotii
2009 2852 2239 2879 executionem.
2273 2849 2337 2868 ¹⁰¹¹·
2353 2846 2383 2867 ¹¹¹
