2519 3262
992 197 1231 236 TROISIEME
1261 194 1426 233 ANNEE.

257 294 353 324 2215
696 291 820 321 Orvieto,
839 292 873 319 23
890 291 1006 318 octobre
1027 290 1104 318 1203,

203 377 314 403 Decano
333 376 471 403 ecclesiae
497 375 686 403 Tornacensis
709 376 827 402 mandat
850 374 976 409 inquirat
992 375 1026 400 de
1050 373 1177 400 moribus
1208 378 1210 393 ³

166 424 291 452 Thomae
316 425 487 460 presbyteri,
515 425 633 452 rectoris
658 424 797 451 ecclesiae
821 424 846 450 b.
871 423 976 450 Mariae
1002 423 1035 448 de
1057 422 1177 456 Esquer-

165 473 275 501 chiaco.
297 475 375 506 (Rae.
393 475 437 507 29,
454 474 502 501 fol.
521 475 584 505 235,
601 477 632 500 n⁰
648 473 741 505 1264.)

206 590 221 609 1(
241 580 360 609 Dccczno
385 579 506 609 ecclesie
535 578 744 608 Tor-nacensis.
772 578 822 607 Ex
852 576 1001 615 suscepti
1027 584 1107 605 cura
1126 592 1175 605 —.

165 634 252 665 Sane
277 633 393 663 dilecti
422 632 530 662 filii..
559 631 674 667 abbas,
706 633 738 661 et
775 631 960 660 conventus
978 628 1177 658 monasterii

165 687 423 726 Aquicintensis
436 685 535 716 nobis
552 685 726 715 insinuare
746 685 907 714 curarunt
923 682 1012 721 quod
1029 681 1176 711 Thomas
1208 710 1209 714 ,

165 740 356 779 presbyter,
368 740 476 769 rector
485 738 626 769 ecclesie
637 737 732 767 beate
744 736 849 767 Marie
860 736 899 765 de
912 734 1175 774 Esquercbiaco‚

165 791 401 822 Atrebatensis
419 791 577 826 diocesis,
596 790 629 820 in
648 799 713 829 qua
738 789 842 819 iidem
859 788 963 818 abbas
982 790 1013 818 et
1034 796 1177 817 conven-

163 847 220 876 tus
251 846 307 884 jus
339 844 491 875 obtinent
514 844 726 882 patronatus,
753 841 888 871 libidini
916 841 1062 877 deditus,
1088 840 1177 870 filias

165 907 245 928 suas
264 897 462 936 spirituales
490 899 522 927 et
539 896 624 926 alias
648 895 782 934 publice
798 896 890 925 tenet
911 896 943 924 et
966 893 1177 932 dampnabili

164 951 406 982 commixtione
432 950 614 988 cognoscit,
646 957 789 988 quarum
814 956 881 978 una
898 948 932 977 in
958 949 1058 986 partu
1087 947 1178 977 labo—

164 1005 268 1035 rando
293 1004 346 1034 vel
369 1005 446 1042 post
470 1004 604 1041 partum
621 1002 778 1038 decessit,
803 1003 834 1031 et
862 1010 903 1031 ex
922 1001 996 1039 ipso
1014 1000 1176 1031 nonnulle

164 1057 229 1088 alie
256 1057 472 1096 pepererunt.
489 1057 541 1086 Ex
567 1055 762 1094 hujusmodi
786 1063 932 1094 namque
963 1063 1000 1084 ac
1027 1055 1105 1084 aliis
1123 1063 1178 1084 ne-

162 1110 306 1149 phandis
336 1109 468 1140 actibus
492 1110 574 1140 adeo
603 1109 829 1147 pernitiosum
852 1107 1068 1147 parochianis
1093 1108 1177 1147 ipsis

163 1165 196 1194 et
227 1163 480 1202 circumpositis
506 1162 665 1192 fidelibus
692 1161 828 1201 prebuit
858 1163 889 1192 et
915 1161 1042 1200 jugiter
1059 1161 1178 1200 prebet

162 1217 358 1255 exemplum
376 1216 477 1255 quod,
497 1216 736 1255 refrigescente
750 1215 927 1246 devotione
945 1224 1004 1253 per
1020 1215 1081 1245 hoc
1099 1223 1178 1254 erga

163 1270 273 1309 ipsam
293 1269 482 1304 ecclesiam,
504 1269 539 1299 in
559 1269 688 1299 eisdem
704 1268 844 1305 decime,
864 1268 1052 1299 oblationes
1070 1269 1103 1298 et
1119 1267 1173 1298 ob-

163 1323 341 1354 ventiones
371 1323 437 1354 alie
465 1323 565 1353 solite
592 1323 659 1361 ipsi
686 1322 828 1353 ecclesie
860 1321 1117 1356 subtrahuntur,
1142 1322 1177 1351 in

166 1376 317 1415 ejusdem
343 1376 484 1406 ecclesie
513 1376 730 1414 dispendium
747 1377 779 1406 et
805 1377 920 1405 contra
938 1375 1081 1405 salutem
1101 1374 1176 1404 sub-

162 1429 372 1459 trahentium
389 1429 592 1459 animarum.
610 1429 651 1459 Et
669 1428 748 1458 licet
765 1428 825 1458 hoc
842 1427 1047 1458 venerabilis
1073 1428 1177 1457 frater

163 1484 278 1512 noster
309 1506 314 1511 .
343 1505 348 1511 .
377 1481 614 1513 Atrebatensis
642 1481 834 1520 episcopus,
864 1481 1066 1511 diocesanus
1098 1480 1175 1515 loci,

164 1537 200 1566 ut
216 1535 351 1572 dIcitur‚
370 1544 437 1565 non
467 1535 609 1574 ignoret,
631 1535 710 1574 quia
726 1536 839 1564 tamen
857 1543 980 1564 exosos
1001 1533 1101 1564 habet
1119 1542 1177 1572 pa-

162 1590 279 1619 tronos
295 1588 493 1624 eosdem,ut
509 1596 691 1627 expressas
707 1587 804 1618 nobis
821 1596 941 1618 causas
965 1587 1050 1617 alias
1068 1589 1176 1617 tacea-

162 1651 250 1678 mus,
268 1642 509 1672 correctionem
526 1642 614 1672 circa
624 1650 663 1672 ea
679 1641 820 1680 negligit
832 1640 1001 1671 adbibere.
1013 1640 1177 1676 Quocirca

162 1696 365 1725 mandamus
389 1697 556 1734 quatenus
583 1703 685 1733 super
702 1694 768 1724 hiis
787 1694 940 1733 inquiras
957 1694 1102 1724 sollicite
1120 1702 1175 1723 ve·
1206 1691 1208 1722 ἒ

162 1749 296 1779 ritatem
315 1750 357 1784 et,
377 1749 407 1778 si
424 1748 596 1779 inveneris
614 1748 660 1778 ita
676 1756 763 1784 esse,
781 1748 869 1786 quod
886 1747 1085 1777 canonicum
1106 1747 1175 1777 fne-
1206 1774 1207 1781 ,

161 1803 217 1838 rit,
236 1802 346 1832 facere
358 1811 421 1832 non
438 1802 587 1833 omittas.
602 1802 875 1832 Contradictores
886 1804 948 1831 etc.
962 1810 1070 1840 usque
1087 1810 1174 1831 00111·

162 1855 342 1895 pescendo.
373 1856 498 1886 Datum
530 1855 619 1894 apud
649 1855 938 1890 Urbemveterem,
960 1864 981 1884 x
1012 1854 1174 1884 kalendas

161 1908 368 1943 novembris,
389 1916 475 1939 anno
493 1908 605 1939 tertio.
626 1918 641 1937 ))

699 2071 823 2101 Orvieto,
842 2072 876 2098 29
892 2070 1006 2097 octobre
1026 2070 1103 2098 1263.

250 2074 348 2105 2216

196 2155 404 2182 Archidiacono
427 2155 461 2181 de
484 2154 624 2182 Ledesina
648 2153 676 2181 in
698 2154 819 2181 ecclesia
841 2154 1039 2180 Salamantina
1056 2153 1175 2180 mandat

161 2206 190 2230 ut
206 2204 387 2231 Dominicum
416 2203 635 2234 Gundisalvum,
653 2203 805 2230 diaconum
824 2202 902 2229 chori
919 2202 1058 2229 ecclesiae
1077 2202 1174 2237 Legio-

161 2252 269 2285 nensis,
289 2253 333 2279 cui
355 2261 370 2279 a
391 2252 493 2287 viginti
517 2252 600 2279 annis
620 2251 785 2287 praeteritis
810 2251 939 2282 servivit,
964 2251 1111 2278 incudem
1129 2259 1174 2277 ec-

160 2297 249 2323 clesia
276 2296 305 2323 in
327 2296 536 2331 portionarium
562 2296 651 2331 recipi
676 2296 773 2323 faciat.
798 2296 877 2330 (Rae.
904 2297 948 2327 29,
984 2295 1032 2322 fol.
1065 2297 1117 2322 235
1133 2300 1174 2328 v⁰‚
1231 2309 1418 2339 Alexandri
1441 2317 1538 2347 pape,
1567 2307 1819 2347 predecessoris
1843 2306 1962 2342 nostri,
1991 2315 2050 2344 pel·
2075 2315 2175 2344 quam
2194 2315 2243 2336 re-

161 2350 191 2372 11ο
206 2346 300 2379 1265.)

201 2463 218 2484 ((
235 2451 463 2482 Ανεήίάίαεοηο
491 2451 527 2481 de
554 2450 701 2480 Ledesina
730 2451 761 2480 in
789 2451 914 2480 ecclesia
942 2450 1173 2481 Salamancina.

160 2506 315 2537 Dilectus
334 2503 648 2535 filiusDominicus
665 2521 714 2534 —.
731 2505 856 2535 Datum
877 2504 967 2543 apud
991 2503 1174 2535 Urbemve-

160 2561 278 2596 terem,
298 2569 346 2589 1111
364 2558 528 2589 kalendas
546 2557 753 2594 novembris,
772 2566 858 2588 anno
875 2558 986 2588 tertio.
1007 2567 1022 2587 ))

656 2714 780 2746 Orvieto,
795 2716 830 2742 25
845 2715 1000 2742 novembre
1020 2715 1101 2744 1263.

251 2719 349 2750 2217

198 2803 336 2838 Episcopo
350 2801 551 2830 Cameracensi
569 2802 689 2828 mandat
703 2805 732 2828 ut
748 2802 876 2828 Odonem
892 2803 925 2829 de
947 2802 1116 2835 Charniaco,
1131 2803 1173 2831 fa-

162 2852 306 2879 miliarem
323 2851 411 2883 Petri,
428 2850 623 2878 archidiaconi
644 2851 829 2883 Senonensis‚
843 2851 996 2878 camerarii
1012 2852 1173 2886 apostolici,

162 2901 190 2928 in
216 2901 337 2928 ecclesia
362 2909 384 2928 s.
415 2900 564 2936 Gaugerici
584 2900 801 2927 Cameracensis
829 2900 858 2927 in
886 2900 1057 2927 canonicum
1086 2901 1175 2936 recipi

2187 202 2243 230 367

1237 288 1324 315 faciat
1351 287 1403 313 sub
1429 285 1640 319 exspectatione
1665 284 1853 319 praebendae.
1884 284 1960 318 (Hac.
1987 285 2030 312 29,
2059 283 2105 309 sol.
2130 284 2182 310 235
2202 288 2240 311 v0.

1235 343 1265 362 n⁶
1286 336 1377 370 1266.)

1275 455 1289 473 t(
1309 444 1465 483 Episcopo
1485 441 1705 472 Carmei-acensi.
1722 441 1785 471 Per
1803 441 1962 470 dilectum
1981 440 2088 469 tilium
2108 457 2157 468 —.
2180 440 2241 469 Da-

1208 497 1209 500 ’
1235 498 1307 527 tum
1339 495 1427 534 apud
1453 495 1740 529 Urbemveterem,
1773 503 1815 522 vu
1848 492 2009 523 kalendas
2043 491 2243 525 decembris,

1235 558 1322 579 anuo
1339 548 1451 578 tertio.
1474 559 1488 576 η

1325 725 1423 755 2218
1771 721 1896 752 Orvieto,
1915 722 1946 748 31
1965 721 2079 747 octobre
2096 720 2172 747 1263.

1270 807 1371 834 Abbati
1389 816 1412 833 s.
1427 806 1609 841 Eugendiide
1625 805 1701 832 Jure.
1718 804 1915 839 Lugdunensis
1931 805 2064 837 diocesis,
2083 806 2197 831 mandat
2214 807 2243 831 ut

1235 857 1376 892 magistro
1393 855 1525 887 Martino,
1548 855 1686 881 canonico
1712 854 1849 880 ecclesiae
1869 854 2073 887 ‹jehennensis‚
2092 854 2124 880 de
2145 862 2244 888 perso-

1235 908 1305 932 natu
1319 905 1362 932 vel
1390 904 1543 939 dignitate,
1565 912 1629 930 cum
1647 912 1714 930 cura
1736 904 1779 929 vel
1807 903 1867 929 sine
1889 911 1967 933 cura,
1985 904 2020 929 ad
2036 903 2242 938 cujuscumque

1234 954 1421 982 collationem
1438 955 1596 988 spectante,
1617 953 1645 979 in
1666 952 1771 979 diocesi
1788 952 1965 979 Gebennensi
1982 952 2141 986 provideat.
2163 953 2244 986 (Bm.

1233 1004 1277 1035 29,
1298 1003 1346 1031 fol.
1360 1004 1412 1031 235
1426 1007 1465 1033 v0,
1481 1007 1511 1028 n⁰
1528 1002 1619 1036 1267.)

1275 1121 1289 1140 t(
1310 1111 1425 1140 Abbati
1437 1121 1461 1140 s.
1477 1109 1635 1149 Eufyendii
1651 1109 1686 1139 de
1702 1109 1787 1145 ιΙιιγε),
1801 1108 2012 1148 Luqdunensis
2025 1107 2163 1137 diocesis.
2181 1108 2246 1138 VO-

1234 1165 1342 1196 lentes
1368 1165 1529 1194 dilectum
1554 1163 1663 1193 tilium
1686 1180 1734 1192 —.
1763 1163 1889 1192 Datum
1917 1161 2007 1200 apud
2030 1161 2246 1192 Urbemvete-

1234 1227 1317 1255 rem,
1338 1228 1359 1247 11
1378 1217 1542 1247 kalendas
1561 1215 1768 1251 novembris,
1786 1223 1872 1245 anno
1887 1215 2000 1245 tertio.
2019 1223 2035 1243 >›

1325 1393 1423 1423 2219
1750 1388 1874 1418 Orviem,
1892 1390 1908 1415 5
1928 1388 2082 1414 novembre
2096 1387 2172 1414 1263.

1271 1476 1373 1502 Abbati
1408 1475 1575 1502 monasterii
1604 1475 1637 1500 de
1666 1474 1841 1504 Ettenheim,
1873 1472 2093 1508 Argentinensis
2105 1472 2244 1505 diocesis,

1207 1543 1208 1547 ,
1235 1525 1354 1551 mandat
1370 1526 1400 1550 ut
1427 1524 1546 1550 Heurieo
1565 1524 1598 1549 de
1618 1522 1805 1556 Achenheiui,
1823 1522 1960 1549 canonico
1974 1522 2113 1549 ecclesiae
2134 1530 2157 1548 s,
2174 1522 2243 1548 'rho-

1235 1577 1300 1596 mae
1326 1568 1558 1603 Argentinensis,
1574 1567 1723 1602 capellano
1749 1567 1784 1598 J.,
1801 1576 1839 1595 ss.
1856 1568 1976 1594 Cosinae
1993 1570 2019 1593 et
2035 1566 2166 1593 Damiani
2181 1566 2244 1592 dia—

1235 1618 1298 1645 coni
1324 1617 1489 1649 cardinalis,
1520 1619 1554 1644 de
1574 1617 1735 1651 praebenda
1759 1617 1787 1643 in
1803 1617 1903 1642 eadem
1934 1615 2054 1643 ecclesia
2082 1615 2242 1650 provideat.

1206 1672 1208 1686 i
1234 1668 1313 1699 (nm.
1333 1668 1378 1699 aa,
1399 1667 1448 1693 fol.
1466 1667 1528 1697 230,
1546 1672 1574 1692 n⁰
1593 1666 1681 1700 1208.)

1274 1786 1289 1803 (t
1315 1774 1428 1804 Abbati
1454 1774 1629 1803 monasterii
1649 1773 1684 1803 dc
1706 1773 1891 1809 Etlenlzei'm,
1917 1772 2152 1811 Arqcntinensis
2178 1772 2242 1800 dio-

1206 1832 1207 1845 *
1234 1829 1319 1858 cesis.
1344 1829 1497 1859 Dilectus
1524 1828 1614 1857 filius
1641 1827 1808 1857 Henricus
1826 1827 1866 1856 de
1884 1826 2091 1861 Acbeubein,
2111 1826 2246 1855 canoni-

1235 1891 1294 1912 cus
1311 1882 1454 1912 ecclesie
1480 1881 1587 1911 sancti
1613 1880 1740 1924 Tbome
1757 1879 2027 1919 Argentinensis,
2046 1879 2243 1917 capellanus

1206 1962 1207 1980 ἶ
1234 1936 1348 1966 dilecti
1373 1935 1436 1965 filii
1464 1935 1571 1965 nostri
1598 1935 1642 1969 J.,
1668 1936 1862 1964 sanctorum
1884 1933 2005 1963 Cosme
2028 1935 2059 1963 et
2086 1932 2244 1963 Damiani

1206 1982 1207 1988 ¹
1233 1988 1367 2018 diaconi
1390 1988 1584 2024 cardinalis,
1612 1987 1709 2017 nobis
1730 1987 1889 2026 exposuit
1908 1986 1997 2025 quod
2022 1986 2094 2025 ipse
2111 1986 2192 2016 olim
2211 1986 2244 2016 in

1206 2042 1207 2090 ζ
1233 2043 1349 2072 eadem
1374 2041 1530 2078 ecclesia,
1559 2041 1599 2071 ad
1624 2041 1795 2079 primitias
1822 2049 1958 2078 precum
1978 2039 2063 2069 bone
2080 2039 2244 2070 memorie

1206 2094 1391 2131 ³XValteri,
1419 2095 1681 2133 Argentiuensis
1713 2093 1876 2132 episcopi,
1911 2102 1928 2123 a
1958 2093 2104 2131 capitulo
2135 2093 2243 2131 ipsius

1232 2149 1385 2185 ecclesie,
1405 2158 1521 2179 eorum
1540 2150 1633 2178 motu
1650 2147 1798 2187 proprio,
1816 2148 1913 2186 prout
1930 2147 1969 2177 de
1990 2147 2128 2185 antiqua
2141 2148 2172 2176 et
2186 2155 2243 2185 ap-

1205 2239 1206 2244 1
1231 2203 1372 2241 probata
1395 2204 1426 2232 et
1448 2202 1609 2232 hactenus
1639 2201 1775 2240 pacifice
1803 2200 1980 2230 observata
2000 2200 2242 2230 consuetudine

1205 2245 1206 2251 ἵ
1232 2257 1282 2286 est
1299 2255 1484 2291 obtentum,
1499 2256 1575 2294 post
1585 2254 1861 2284 constitutionem
1878 2253 1988 2283 felicis
1999 2253 2243 2283 recordationis

1231 2363 1403 2401 ceptiones
1432 2362 1671 2392 canonicorum
1696 2360 1884 2399 prebendas
1914 2359 2165 2397 expectantium
2184 2369 2242 2389 va-

1231 2418 1376 2451 caturas,
1393 2415 1499 2446 factas
1514 2414 1724 2448 inecclesfis,
1742 2415 1886 2452 quatuor
1897 2413 2061 2443 duntaxat
2076 2413 2241 2451 exceptis,

1232 2469 1381 2500 decrevit
1407 2469 1524 2499 irritas
1553 2470 1584 2498 et
1612 2467 1740 2501 inanes,
1768 2466 1926 2496 canonice
1953 2467 2108 2505 receptus
2127 2465 2239 2496 extitit

1230 2523 1266 2553 in
1290 2522 1489 2553 canonicum
1516 2523 1548 2552 et
1571 2523 1603 2551 in
1633 2521 1783 2556 fratrem,
1816 2519 1875 2549 sed
1898 2519 2048 2549 nondum
2072 2521 2123 2549 est
2152 2519 2240 2549 inibi

1231 2575 1436 2615 prebendam
1461 2575 1611 2614 aliquam
1638 2575 1826 2604 assecutus.
1851 2573 1921 2603 Nos
1951 2573 2066 2611 igitur,
2086 2572 2239 2611 ejusdem

1231 2629 1414 2660 cardinalis
1440 2627 1598 2668 precibus
1626 2625 1791 2664 inclinati,
1809 2634 1848 2656 ne
1867 2625 1976 2656 dictus
1992 2625 2034 2655 H.
2053 2625 2112 2656 diu
2136 2625 2235 2656 inane

1232 2683 1384 2715 canonici
1425 2691 1547 2712 nomen
1583 2683 1687 2720 gerat,
1719 2679 1915 2710 discretioni
1947 2681 2004 2709 tue
2037 2679 2238 2709 mandamus

1232 2738 1411 2776 quatenus,
1425 2735 1454 2765 si
1467 2737 1517 2765 est
1534 2735 1592 2771 ita,
1606 2734 1685 2764 eide
1702 2732 1872 2772 prebenda
1890 2731 1957 2762 sibi
1972 2732 2012 2763 de
2023 2732 2100 2771 jure
2112 2732 2238 2769 debita,

1206 2812 1207 2816 ,
1232 2790 1262 2820 si
1279 2790 1312 2820 in
1330 2789 1503 2819 nominata
1518 2787 1660 2818 ecclesia
1676 2788 1769 2816 vacat
1785 2786 1827 2816 ad
1843 2794 1983 2824 presens
1999 2785 2052 2816 vel
2067 2786 2240 2824 quampri-

1232 2852 1324 2873 mum
1343 2843 1382 2872 ad
1400 2842 1433 2872 id
1450 2850 1485 2871 se
1511 2841 1651 2870 facultas
1670 2839 1842 2874 obtulerit,
1861 2847 1920 2878 per
1934 2841 1966 2869 te
1983 2839 2036 2868 vel
2054 2847 2114 2878 per
2130 2838 2234 2869 alium

1232 2896 1431 2927 auctoritate
1462 2896 1577 2925 nostra
1602 2893 1780 2932 providere
1805 2901 1977 2932 procures.
2009 2892 2239 2923 Contradicto-
