2519 3262
293 263 352 293 386

292 345 566 377 archidiaconum
588 351 688 381 super
704 341 821 371 eadem
842 339 1058 379 prepositura
1074 338 1244 369 contentio
1261 337 1306 367 sit

293 399 416 438 sopita,
432 397 608 436 providere
635 403 736 433 super
752 393 813 423 hoc
838 394 978 432 paterna
998 391 1227 422 sollicitudine
1251 399 1305 420 cu-

292 459 459 482 raremus.
477 451 548 480 Nos
573 449 697 486 itaque,
720 445 895 477 Guillelmi
923 443 1230 484 supplicationibus
1257 443 1305 472 in-

294 504 423 540 clinati,
460 501 653 542 hujusmodi
685 502 717 530 et
748 507 966 539 quascunque
1001 498 1086 528 alias
1119 497 1306 527 sententias

293 558 380 588 latas
409 557 442 586 in
467 562 687 594 quoscunque
714 552 917 592 generaliter
944 552 996 582 vel
1028 550 1222 590 specialiter
1247 559 1306 588 per

294 611 407 649 ipsum
436 607 665 639 Percivallum
699 608 731 637 et
763 613 982 645 quoscunque
1015 604 1112 639 alios,
1130 603 1305 633 occasione

291 662 443 702 predicte
470 661 697 700 prepositure,
717 659 879 689 duximus
907 657 1121 688 relaxandas,
1141 655 1306 691 Quocirca

292 714 491 746 discretioni
517 715 573 744 tue
594 713 796 743 mandamus
820 711 981 750 quatinus
999 709 1186 740 sententias
1213 709 1306 748 ipsas

293 768 473 800 denunties
492 776 551 806 per
566 766 679 797 omnia
695 765 769 796 loca
788 765 821 795 in
840 763 964 803 quibus
982 763 1142 802 expedire
1166 762 1304 798 videris,

293 824 325 853 et
342 831 400 862 per
427 821 512 851 alios
530 819 722 850 denuntiari
752 818 856 849 facias
876 817 1047 847 relaxatas
1066 818 1097 846 et
1119 815 1307 846 nichilomi-

293 884 357 906 nus
375 875 554 913 dispenses
575 881 650 903 cum
674 872 745 902 illis
762 871 820 910 qui
837 870 898 901 hoc
916 869 1087 909 petierunt
1108 877 1210 908 super
1227 869 1307 899 irre-

293 928 485 969 gularitate,
504 927 533 957 si
551 934 651 965 quam
671 925 915 956 contraxerunt
931 923 1095 962 predictis
1114 922 1210 962 ligati
1231 931 1306 953 sen-

292 982 411 1013 tentiis
435 989 470 1011 se
495 979 621 1010 divinis
646 978 769 1009 officiis
800 976 1035 1008 immiscendo.
1065 977 1190 1006 Datum
1218 975 1307 1014 apud

292 1034 582 1069 Urbenweterem,
598 1041 642 1062 xv
659 1031 823 1062 kalendas
836 1030 996 1070 januarii,
1014 1038 1101 1060 anno
1118 1029 1229 1060 tertio.
1251 1038 1267 1057 »

808 1199 931 1229 Orvieto,
952 1199 968 1225 5
984 1198 1139 1225 novembre
1158 1198 1232 1225 1203.

382 1204 480 1234 2333

327 1286 467 1321 Episcopo
494 1284 678 1312 Cathaniensi
700 1285 819 1311 mandat
833 1286 861 1310 ut
883 1283 1001 1310 Geraldo
1017 1284 1051 1309 de
1071 1284 1170 1315 Podio,
1185 1283 1304 1309 Xancto-

291 1336 389 1363 nensis
416 1335 550 1366 diocesis,
581 1333 770 1361 commensali
796 1333 929 1367 magistri
945 1333 1049 1360 Odonis
1066 1332 1191 1367 Capocii,
1212 1332 1304 1366 capel-

291 1385 349 1412 lani
373 1384 535 1419 apostolici,
562 1383 672 1409 nullum
698 1382 790 1409 adhuc
807 1381 977 1409 beneficium
992 1385 1136 1413 assecuto,
1154 1382 1188 1407 de
1208 1381 1304 1415 aliquo

289 1433 586 1468 archipresbyteratu,
599 1440 664 1459 cum
688 1440 755 1458 cura
781 1430 824 1457 vel
851 1431 912 1457 sine
937 1439 1015 1463 cura,
1045 1431 1123 1466 eujus
1149 1432 1303 1465 proventus

289 1491 417 1510 annuum
436 1482 564 1508 valorem
583 1481 702 1515 triginta
717 1480 856 1507 librarum
871 1483 925 1507 tur.
950 1487 1005 1506 non
1027 1481 1174 1509 excedant,
1191 1480 1225 1505 ad
1248 1478 1304 1506 col-

289 1531 428 1560 lationem
439 1530 636 1558 archidiaconi
646 1529 851 1557 Xanctonensis
868 1531 1027 1564 spectante,
1043 1529 1070 1555 in
1086 1529 1186 1555 eadem
1196 1528 1302 1555 diocesi

288 1580 446 1616 provideat.
467 1580 544 1615 (itm.
558 1580 603 1611 29,
621 1579 668 1606 fol.
689 1580 751 1611 260,
764 1584 794 1605 n⁰
811 1578 900 1611 1382.)

330 1696 345 1716 «
363 1686 521 1726 Episcopo
543 1685 754 1715 Caelumiensi.
781 1684 995 1714 Constitutus
1014 1683 1047 1713 in
1064 1682 1235 1722 presentia
1252 1700 1302 1711 —.

287 1740 413 1771 Datum
437 1739 525 1778 apud
554 1738 841 1773 Urbemveterem,
870 1737 969 1767 nonis
990 1735 1199 1772 novembris,
1215 1743 1302 1765 anno

287 1793 399 1824 tertio.
421 1802 436 1822 n

774 1960 902 1991 Orvieto,
923 1961 960 1987 1²¹·
976 1959 1129 1986 decembre
1150 1959 1227 1986 1263.

378 1964 475 1995 2334

322 2045 513 2073 Thesaurario
534 2045 673 2072 ecclesiae
691 2053 713 2071 s.
731 2044 837 2070 Florini
861 2043 889 2069 in
909 2043 1098 2073 Conssuentiu,
1115 2041 1300 2068 Treverensis

286 2095 419 2128 diocesis,
445 2095 562 2122 mandat
585 2097 615 2121 ut
643 2092 964 2123 Conradum,cleri‹·um
985 2091 1197 2126 Maguntinmn,
1215 2098 1301 2125 quem

286 2145 323 2172 ab
337 2144 470 2178 episcopo
490 2143 654 2178 Agennensi
671 2145 737 2169 tnnc
754 2141 869 2168 Lidensi
888 2141 1101 2174 examinatum,
1116 2139 1177 2175 jam
1194 2140 1301 2165 decano

286 2195 315 2220 et
343 2193 470 2228 capitulo
494 2192 634 2219 ecclesiae
658 2191 842 2226 Maguntinae
868 2190 1056 2217 mandaverat
1087 2188 1247 2223 reciperent
1272 2188 1300 2214 in

286 2241 466 2271 canonicum,
484 2242 511 2268 in
526 2242 627 2268 eadem
644 2240 765 2267 ecclesia
781 2240 809 2266 in
829 2239 1001 2266 canonicum
1021 2237 1108 2272 recipi
1121 2237 1207 2264 faciat
1220 2237 1300 2271 cique

287 2291 322 2318 de
337 2291 499 2326 praebenda
519 2290 677 2325 provideat.
698 2290 776 2323 (nm.
791 2289 835 2320 29,
857 2288 906 2315 fol.
923 2288 986 2318 260,
1005 2292 1035 2313 u⁰
1056 2286 1150 2320 1383.)

326 2407 343 2428 ((
365 2396 566 2426 Thesaurorio
593 2394 715 2424 ecclesie
736 2405 760 2425 s.
780 2393 900 2423 Florini
920 2393 950 2423 in
969 2392 1175 2433 Confluentia,
1197 2391 1300 2421 Treve—

286 2450 382 2482 rensis
399 2449 534 2479 diocesis.
553 2449 767 2479 Constitutus
783 2448 817 2477 in
833 2446 1049 2486 presentia—
1068 2446 1192 2476 Datum
1212 2445 1300 2484 apud

285 2503 577 2539 Urbemveterem,
597 2502 753 2532 kalendis
771 2500 971 2534 decembris,
990 2508 1076 2530 anno
1094 2499 1205 2530 tertio.
1223 2508 1239 2528 »

777 2667 902 2698 Officio,
925 2668 956 2694 15
976 2667 1128 2694 decembre
1149 2668 1226 2695 1263.

376 2671 473 2702 2335

319 2753 529 2781 Areliidiacono
552 2752 738 2779 Noviomensi
764 2753 881 2779 mandat
909 2754 936 2778 nt
957 2751 1137 2786 Radulplium
1156 2752 1190 2778 de
1209 2752 1296 2786 Rosa,

283 2803 479 2838 praepositum
505 2801 640 2829 ecclesiae
668 2810 690 2828 s.
704 2801 832 2832 Quintini
850 2800 1061 2834 Mclbodicnsis,
1081 2800 1298 2827 Cameracensis

282 2849 417 2881 diocesis,
444 2851 562 2877 obtentu
584 2849 746 2876 abbatissae
763 2849 901 2876 secularis
925 2848 1062 2876 ecclesiae
1082 2849 1211 2884 ejusdcm
1230 2848 1296 2882 loci,

282 2898 314 2926 in
337 2899 482 2934 praedicta
510 2898 630 2926 ecclesia
653 2907 676 2925 S.
701 2897 828 2929 Quintini
853 2898 880 2924 iu
895 2897 1065 2924 canonicum
1093 2896 1180 2932 recipi
1199 2897 1295 2924 saciat.

285 2948 368 2982 (Rae.
388 2949 432 2979 29,
451 2947 499 2975 rol.
513 2948 564 2975 200
579 2953 617 2978 v⁰,
637 2952 668 2973 n⁰
686 2946 778 2982 1384.)

1044 252 1290 285 REGISTRES
1318 250 1531 282 D’URBAIN
1559 249 1617 279 lv.

1405 345 1421 365 «
1439 333 1664 364 Archidiacono
1689 332 1895 363 Not-inmensi.
1912 332 2098 362 Personam
2115 331 2229 362 dilecti
2247 332 2309 363 filii
2325 350 2374 361 —.

1366 388 1490 418 Datum
1519 387 1608 426 apud
1634 386 1921 421 L'rbemveterem,
1938 394 2023 414 xviii
2037 385 2201 415 kalendas
2214 385 2374 424 januarii,

1365 450 1452 472 anno
1468 441 1580 471 tertio.
1604 448 1621 469 »

1455 612 1553 643 233ss
1861 609 1986 640 Orvieto‚
2008 609 2041 636 13
2054 607 2207 634 decembre
2226 608 2304 635 1263.

1401 695 1608 721 Archidiacono
1634 693 1807 722 Pissiacensi
1832 693 1860 720 in
1884 693 2005 720 ecclesia
2026 691 2196 719 Carnotensi
2215 692 2332 719 mandat
2349 694 2378 719 ut

1365 744 1543 779 Stephanum
1564 744 1597 770 de
1615 743 1708 775 Braio,
1727 743 1846 769 obtentu
1861 743 1900 773 S.‚
1925 741 2003 769 tituli
2026 750 2048 769 s.
2077 740 2200 768 Ceciliae
2217 740 2377 776 presbyteri

1364 793 1531 827 cardinalis,
1556 793 1636 828 cujus
1667 791 1820 818 familiaris
1845 791 1955 823 existit,
1983 791 2011 817 in
2045 790 2167 817 ecclesia
2193 789 2377 823 Rosnacensi,

1365 842 1584 871 Cameracensis
1601 842 1734 872 diocesis,
1761 841 1789 867 in
1805 840 1976 868 canonicum
1998 839 2049 866 sub
2067 839 2280 874 exspectatione
2298 847 2379 874 prae-

1366 892 1484 925 bendae,
1501 890 1588 925 recipi
1611 890 1706 917 saciat.
1726 890 1802 924 (Bm.
1823 890 1867 919 29,
1888 889 1936 916 fol.
1951 890 2004 916 260
2021 893 2062 920 v⁰‚
2080 893 2110 915 n⁰
2125 889 2218 921 1385.)

1405 1009 1421 1029 «
1436 998 1663 1029 Archidiacono
1688 997 1871 1027 Pissiaeensi
1895 997 1924 1026 in
1951 995 2075 1026 ecclesia
2105 995 2296 1026 Coa-nolensi.
2316 996 2380 1026 Vo-

1367 1052 1475 1083 lentes
1500 1052 1621 1082 dilecto
1650 1051 1719 1081 silio
1745 1067 1793 1080 —-.
1820 1051 1943 1081 Datum
1970 1049 2059 1089 apud
2085 1049 2378 1084 Urbemveterem‚

1365 1106 1441 1136 idus
1461 1105 1662 1141 decembris,
1679 1112 1765 1135 anno
1785 1104 1896 1134 tertio.
1917 1113 1933 1132 »

1869 1271 1993 1301 Orvieto‚
2011 1271 2027 1298 8
2044 1270 2197 1297 novembre
2219 1270 2294 1298 1263.

1455 1275 1551 1305 2337

1400 1357 1503 1384 Abbati
1538 1356 1707 1383 monasterii
1747 1364 1772 1384 s.
1805 1355 1957 1390 Augustini
1986 1353 2202 1382 Cantuariensis
2232 1357 2259 1381 et
2291 1352 2378 1388 priori

1364 1414 1387 1432 s.
1404 1406 1533 1432 Andreae
1552 1404 1690 1432 Roffensis
1717 1405 1836 1431 mandat
1858 1406 1889 1431 ut
1905 1405 1982 1430 Adae
2001 1404 2034 1430 de
2056 1402 2211 1430 Cantuaria
2231 1403 2264 1429 de
2282 1402 2379 1437 aliqua

1364 1455 1593 1489 praebendarum
1609 1453 1755 1480 minorum
1773 1453 1803 1480 in
1826 1453 1948 1480 ecclesia
1964 1461 1986 1480 s.
2010 1452 2088 1479 Pauli
2106 1451 2324 1483 Londoniensis,
2343 1451 2379 1478 ad

1364 1503 1551 1531 collationem
1572 1503 1671 1530 decani
1687 1505 1716 1530 et
1733 1502 1851 1537 capituli
1866 1501 1996 1537 ejusdem
2015 1500 2153 1528 ecclesiae
2170 1499 2376 1535 spectantium,

1364 1553 1543 1588 provideant.
1563 1552 1640 1585 (Rae.
1657 1552 1701 1583 29,
1717 1551 1766 1578 sol.
1785 1552 1837 1579 260
1852 1557 1893 1584 v⁰‚
1909 1556 1941 1577 n⁰
1963 1550 2054 1585 1386.)

1404 1674 1418 1689 «
1440 1685 1470 1692 ..
1494 1660 1596 1690 abbati
1613 1660 1788 1690 monasterii
1814 1660 1912 1689 sancti
1936 1659 2104 1699 Augustini
2136 1659 2377 1695 Commoriensis,

1362 1719 1390 1744 ct
1404 1740 1410 1746 .
1425 1740 1430 1744 .
1447 1713 1657 1754 priorisancti
1672 1713 1794 1743 Andree
1812 1713 1972 1751 Boffcnsis.
1989 1712 2143 1743 Dilectus
2161 1712 2254 1743 filius
2270 1712 2378 1743 Adam

1362 1769 1402 1799 de
1433 1767 1614 1798 Cantuaria
1638 1766 1817 1806 presbyter
1841 1766 1940 1796 nobis
1967 1765 2144 1796 humiliter
2173 1765 2379 1805 supplicavit

1361 1823 1409 1858 ut,
1429 1830 1504 1851 cum
1522 1821 1607 1860 ipse,
1623 1821 1680 1860 qui
1697 1819 1829 1850 nullum
1847 1821 1899 1850 est
1921 1819 2027 1850 adhuc
2046 1818 2248 1849 beneficium
2275 1819 2378 1850 eccle-

1361 1875 1536 1906 siasticum
1554 1876 1743 1909 assecutus,
1771 1873 1804 1903 in
1823 1873 1967 1904 ecclesia
1992 1872 2098 1903 sancti
2122 1872 2220 1903 Pauli
2248 1872 2378 1903 Londo-

1361 1928 1492 1959 niensis
1518 1927 1575 1957 diu
1594 1927 1735 1957 servivit
1764 1926 1910 1956 fideliter
1928 1927 1959 1956 et
1988 1925 2106 1956 devote
2124 1926 2259 1964 sintque
2289 1925 2322 1955 in
2339 1933 2378 1956 ea

1361 1982 1505 2021 quedam
1532 1980 1712 2019 prebende,
1729 1980 1859 2009 minores
1878 1979 2059 2018 appellate,
2082 1987 2146 2017 que
2168 1978 2210 2009 ad
2227 1978 2378 2010 collatio-

1360 2043 1435 2065 nem
1457 2057 1463 2063 .
1494 2057 1500 2063 .
1525 2033 1642 2064 decani
1662 2034 1693 2063 et
1710 2032 1850 2071 capituli
1869 2032 2022 2071 ejusdem
2045 2031 2186 2062 ecclesie
2210 2032 2378 2070 pertinen-

1360 2089 1422 2123 tes,
1448 2087 1482 2117 in
1505 2086 1606 2117 certis
1627 2085 1929 2116 distributionibus
1961 2085 2141 2115 cotidianis
2173 2085 2376 2120 consistunt,

1359 2149 1419 2170 nec
1429 2148 1545 2170 eorum
1556 2139 1682 2178 aliqua,
1695 2139 1880 2168 secundum
1892 2147 2105 2168 communem
2117 2138 2376 2168 extimationem

1360 2193 1479 2233 patrie,
1501 2193 1615 2223 decem
1637 2201 1828 2222 marcarum
1852 2191 2095 2230 sterlingorum
2119 2199 2269 2221 annuum
2287 2191 2378 2222 valo-

1360 2255 1431 2277 rem
1447 2246 1598 2281 excedat,
1626 2245 1803 2284 providere
1831 2245 1896 2284 ips-i
1914 2244 2114 2284 presbytero
2136 2245 2170 2274 in
2190 2244 2306 2275 eadem
2325 2253 2377 2275 ec·

1359 2299 1464 2330 clesia
1478 2299 1517 2329 de
1541 2299 1654 2337 aliqua
1671 2298 1864 2337 hujusmodi
1882 2298 2130 2336 prebendarum
2148 2297 2376 2328 misericordi-

1359 2354 1410 2383 ter
1432 2360 1640 2383 curaremus.
1658 2351 1742 2381 Cum
1770 2351 1872 2390 igitur
1890 2351 2033 2382 eundem
2058 2350 2297 2390 presbyterum
2315 2359 2374 2390 per

1359 2406 1520 2436 dilectum
1547 2405 1654 2435 tilium
1690 2405 1891 2444 magistrum
1918 2404 2120 2443 Gregorium
2151 2403 2191 2434 de
2215 2403 2374 2442 Neapoli,

1359 2458 1616 2494 subdiaconum,
1634 2458 1846 2497 capellanum
1861 2460 2029 2495 nostrum,
2045 2457 2235 2488 examinari
2254 2457 2374 2488 feceri-

1358 2521 1435 2543 mus
1454 2513 1646 2552 diligenter,
1667 2514 1697 2542 et
1714 2512 1802 2542 idem
1820 2512 1981 2551 magister
1997 2513 2127 2542 asserat
2140 2519 2217 2542 eum
2234 2511 2266 2541 in
2285 2511 2374 2542 litte-

1359 2567 1473 2596 ratura
1484 2566 1711 2604 competenter
1720 2565 1888 2604 ydoneum
1905 2565 1945 2595 ad
1959 2564 2156 2604 hujusmodi
2171 2563 2373 2595 beneficium

1358 2619 1592 2651 obtinendum.
1620 2618 1754 2658 sibique
1782 2618 1868 2648 alias
1890 2617 2078 2648 honestatis
2109 2619 2141 2648 et
2159 2617 2226 2648 vite
2252 2617 2373 2648 merita

1357 2672 1535 2711 suffragari
1559 2672 1714 2702 dicantur
1740 2681 1776 2702 ac
1803 2672 1913 2710 ipsum
1931 2679 1990 2710 per
2008 2671 2069 2701 hoc
2092 2670 2238 2700 velimus
2259 2678 2373 2709 prose-

1357 2725 1415 2765 qui
1432 2725 1590 2764 gratiose,
1613 2725 1810 2755 discretioni
1831 2725 1942 2754 vestre
1968 2723 2169 2754 mandamus
2189 2725 2370 2762 quatenus,

1356 2779 1385 2808 si
1401 2778 1481 2808 dicti
1499 2779 1646 2808 decanus
1663 2780 1694 2809 et
1711 2778 1898 2818 capitulum
1916 2777 1957 2808 de
1984 2777 2143 2807 mandato
2165 2779 2280 2807 nostro
2305 2785 2371 2808 non

1356 2832 1525 2862 duxerunt
1553 2831 1654 2862 alicui
1682 2831 1741 2862 alii
1768 2831 1930 2862 hactenus
1954 2830 1994 2861 de
2014 2829 2184 2861 consimili
2208 2829 2371 2861 beneficio

1357 2886 1614 2926 providendum,
1631 2895 1692 2917 vos
1710 2885 1763 2916 vel
1781 2885 1866 2916 alter
1882 2887 2033 2915 vestrum
2053 2884 2142 2914 dicto
2157 2882 2369 2922 presbytero,

1357 2940 1538 2971 dummodo
1555 2941 1597 2970 sit
1616 2940 1778 2979 ydoneus,
1797 2939 1837 2970 de
1864 2938 1978 2977 aliqua
1999 2937 2165 2968 dictarum
2189 2935 2372 2976 prebenda·
