2519 3262
251 293 287 322 16
953 282 1032 313 LES
1054 281 1297 313 REGISTRES
1319 279 1533 310 D'URBAIN
1556 279 1614 309 lv.

248 384 395 415 matione
407 384 438 413 et
448 381 697 413 consecratione
705 387 812 418 usque
823 379 862 409 ad
871 387 973 408 unum
982 386 1106 408 annum
1114 384 1252 415 suspen-

249 437 410 473 (ierimus,
426 437 537 466 tamen
545 434 667 464 dilecto
682 433 750 463 filio
762 432 906 462 Martino
917 431 1081 462 Johannis
1091 430 1212 460 clerico
1223 430 1254 459 et

248 491 464 531 procuratore
482 490 539 518 tuo
556 486 815 526 suspensionem
832 484 1050 524 hujusnnodii,
1076 483 1222 514 relaxari
1236 492 1254 512 a

248 544 345 575 nobis
361 541 577 582 postmodum
594 539 793 579 suppliciter
811 539 1014 578 postulante,
1034 546 1095 568 uos
1114 545 1254 575 suspen-

249 599 377 629 sionem
399 595 538 626 eandem
561 594 722 624 duximus
743 593 970 628 relaxandam,
988 591 1052 622 tibi
1075 599 1177 629 super
1192 590 1253 620 hoc

246 651 422 689 presentes
446 649 590 684 litteras,
618 655 658 677 ne
687 647 727 677 de
744 646 952 676 relaxatione
971 646 1045 683 ipsa
1065 643 1176 674 valeat
1192 643 1251 672 irn-

246 704 419 743 posterum
436 701 596 738 dubitari,
615 701 648 731 in
668 699 902 731 testimonium
920 697 1152 729 concedentes.
1174 706 1188 725 11

334 861 429 891 2827

280 952 464 983 Ludovicum,
481 959 577 986 regem
594 951 779 980 Francorum,
798 949 928 975 hortatur
940 950 970 974 ut
985 948 1020 974 ad
1036 947 1250 974 reformandam

244 1010 344 1037 pacem
354 1002 428 1029 inter
439 1002 612 1027 Carnotense
621 999 777 1034 capitulum
790 1000 817 1025 et
827 997 963 1024 comitem
977 996 1152 1026 Blescnsem,
1168 1004 1253 1030 super

244 1050 429 1080 advocatione
440 1049 626 1077 servientium
640 1047 729 1083 ipsius
745 1046 861 1081 capituli
875 1048 903 1073 et
917 1046 983 1073 aliis
994 1045 1124 1073 articulis
1136 1045 1252 1080 litigan-

243 1103 296 1131 tes,
316 1099 470 1134 diligenter
488 1099 629 1126 intendat.
651 1099 819 1130 (Bonnfflux
837 1096 899 1129 761,
917 1099 949 1122 0ο
962 1095 1027 1127 198;
1045 1096 1129 1121 Aaou.
1148 1094 1250 1121 Varie.

244 1150 310 1176 nm.
326 1150 360 1176 ‘29
375 1157 403 1181 A,
417 1153 448 1175 n⁰
466 1147 663 1180 123;VALL10.
679 1155 693 1173 c
707 1147 751 1178 49,
764 1151 794 1172 11ο
810 1147 843 1179 6;
862 1146 929 1172 131111.
957 1145 1058 1171 Varro.
1073 1145 1144 1172 (5735
1158 1149 1188 1170 n⁰
1203 1144 1250 1177 17,

243 1199 321 1225 Bm.
341 1198 413 1225 Nm.
432 1197 513 1229 -1-311,
531 1202 563 1223 n⁰
582 1197 632 1229 193
649 1196 796 1223 Pommsr
812 1195 922 1224 19026.)

283 1307 298 1327 ((
316 1297 390 1336 Reyi
403 1296 592 1326 Francorum
611 1295 736 1326 illustri.
756 1295 845 1326 Dum
873 1293 1049 1325 commoda
1060 1292 1154 1331 pacis
1169 1308 1218 1320 —.
1235 1300 1250 1321 »

332 1457 430 1488 2828

277 1549 307 1576 In
321 1556 345 1575 e.
362 1557 402 1575 m.
421 1546 634 1582 archiepiscopo
650 1545 873 1581 Rothomagensi
890 1548 943 1572 etc.
957 1553 1044 1580 usque
1059 1545 1196 1580 sopiatur.
1210 1546 1251 1572 Ad

242 1599 315 1633 quod
339 1597 488 1632 diligentie
508 1599 556 1624 tue
573 1595 741 1630 suffragium
760 1595 828 1622 utile
843 1603 875 1621 ac
893 1594 1087 1622 necessarium
1109 1594 1250 1622 arbitran-

242 1649 295 1680 tes,
320 1649 348 1673 te
363 1647 397 1672 ad
424 1645 451 1672 id
470 1653 502 1672 eo
521 1644 710 1672 confidentius
731 1643 888 1671 invitamus
908 1651 961 1677 quo
980 1643 1074 1678 magis
1095 1643 1250 1678 pontificali

242 1695 336 1722 officio
354 1694 485 1728 congruit
498 1693 699 1721 dissidentium
718 1693 817 1720 sedare
835 1692 994 1719 discordias
1008 1694 1036 1719 01.
1055 1693 1090 1719 ad
1108 1692 1249 1719 unitatem

241 1753 373 1772 revocare
388 1743 544 1770 discordes.
562 1742 700 1774 Quocirca
715 1744 770 1769 etc.

278 1836 307 1862 ln
326 1844 350 1862 0.
369 1844 407 1862 111.
428 1835 582 1862 l‘arisiensi
599 1834 741 1869 episcopo.

278 1934 445 1968 (Bounmux
476 1933 538 1961 701,
564 1937 595 1958 n⁰
620 1931 687 1965 ’199;
708 1932 793 1958 Aaou.
813 1931 913 1957 VAric.
938 1931 1005 1958 linc.
1024 1931 1058 1958 29
1085 1939 1113 1963 Α,
1129 1935 1160 1956 11Ο
1176 1931 1249 1964 124,

244 1983 360 2009 VAme.
378 1990 392 2008 c
405 1982 449 2013 49,
468 1987 497 2007 n⁰
516 1982 586 2012 2873
607 1981 685 2007 131111..
705 1981 776 2006 Nu.
795 1979 876 2014 4311,
891 1984 923 2006 n⁰
943 1980 1001 2014 19.)

332 2139 428 2170 2829

277 2231 439 2266 Capitulum
456 2232 630 2257 Carnotense
647 2229 778 2257 hortatur
797 2230 833 2256 ad
853 2229 1067 2256 reformandam
1085 2229 1159 2256 inter
1173 2229 1250 2264 ipsos

243 2283 271 2307 et
294 2281 432 2307 comitem
452 2279 616 2306 Blcscusem
636 2278 829 2305 concordium.
859 2279 1026 2312 (uonnatux
1054 2279 1115 2309 761,
1135 2283 1164 2304 n⁰
1179 2279 1248 2312 :luth

242 2329 445 2356 Aacu.VAT1t:.
465 2329 528 2355 nm.
548 2328 582 2355 20
607 2336 635 2359 A,
653 2333 682 2354 u⁰
702 2328 759 2359 120,
782 2327 898 2354 Vannio.
922 2336 937 2354 c
961 2327 1005 2359 42),
1026 2333 1055 2353 11ο
1077 2326 1143 2359 288;
1170 2327 1249 2354 Brut„

242 2379 313 2405 ΝΑΤ.
331 2378 411 2409 4311,
434 2383 465 2404 n‘*
482 2377 538 2412 20.)

284 2486 298 2504 (1
314 2474 456 2514 Capitale
474 2474 664 2504 Carnoceusi.
685 2473 719 2503 Si
735 2473 909 2503 commoda
926 2473 1019 2512 pacis
1036 2491 1085 2503 —.
1108 2483 1122 2501 11

331 2636 429 2667 2830

279 2727 420 2755 Comitem
439 2727 602 2754 Blescnscm
621 2727 750 2754 hortatur
772 2727 808 2753 ad
828 2726 1042 2753 reformandam
1063 2727 1137 2754 inter
1157 2726 1250 2761 ipsum

245 2779 273 2804 et
291 2776 448 2811 capitulum
466 2777 639 2804 Cnrnotcnse
653 2775 849 2802 concordiam.
866 2776 1033 2811 (Bonnssaux
1052 2776 1114 2807 761,
1135 2781 1165 2802 0ο
1179 2775 1250 2807 201;

247 2826 331 2852 Aaou.
349 2825 450 2852 VA'rm.
472 2825 538 2851 Rae.
563 2826 596 2852 :29
617 2833 645 2857 A,
663 2829 692 2851 11ο
711 2825 775 2857 1211;
799 2825 916 2851 VALLic.
937 2833 952 2851 c
969 2825 1013 2857 49,
1032 2830 1062 2851 11Ω
1081 2826 1153 2859 289;
1170 2825 1248 2852 Brut„

247 2875 317 2901 NAr.
331 2874 410 2906 4311,
429 2880 459 2900 n⁰
475 2874 534 2908 21.)

287 2982 301 3001 «
321 2971 433 3003 Comiti
450 2970 595 3001 Blesensi.
615 2971 649 3001 Si
668 2971 840 3002 commoda
859 2971 952 3010 pacis
968 2990 1015 3002 -.
1039 2981 1054 3001 11

1402 376 1497 407 2831

1348 467 1465 495 Pisanos
1491 467 1622 494 hortatur
1639 470 1667 494 ut
1693 476 1710 495 a
1733 467 1828 494 favore
1845 467 1996 498 §lanfredh
2020 468 2164 502 quondam
2182 467 2320 502 principis

1311 517 1470 548 Tarentini,
1487 520 1513 543 ct
1539 526 1555 544 a
1576 516 1777 544 molestatione
1805 517 1998 548 Lucanorum,
2018 516 2157 543 ecclesiae
2180 516 2319 548 fidelium,

1311 565 1493 596 desistentes,
1518 566 1553 592 ad
1574 566 1713 592 mandata
1730 566 1869 592 ecclesiae
1888 566 2016 598 redeant,
2042 565 2168 600 gravius,
2187 565 2241 592 nisi
2256 566 2322 592 obe-

1310 615 1400 647 diant,
1417 614 1445 641 in
1461 623 1508 641 005
1522 623 1715 648 processurus.
1735 615 1900 650 (Barim-:Arx
1909 615 1972 645 701,
1988 621 2020 641 no
2033 614 2100 648 20ss
2116 617 2201 641 Auen.
2221 615 2320 641 Varie.

1311 665 1378 691 lise..
1402 664 1479 694 2111,
1501 669 1531 690 110
1558 665 1630 697 1273
1657 664 1773 690 VALLm.
1795 672 1809 690 c
1828 664 1862 690 49
1878 668 1910 690 n⁰
1933 664 2001 697 3323
2021 663 2100 690 Bitu„
2120 664 2217 690 [mc.
2239 664 2320 697 0735,

1311 719 1340 739 n⁰
1354 714 1402 746 19,
1423 713 1500 739 uun..
1520 714 1591 739 Nu.
1606 712 1686 743 4311,
1701 717 1732 739 no
1747 702 2093 744 27;Βιιιι,.1·’.1τι«;.3ῡττ
2111 713 2223 740 macc:
2240 713 2320 739 BtBL.

1311 763 1381 788 Nu.
1404 762 1499 789 14173.
1517 768 1546 788 11⁰
1562 764 1638 793 209.)

1351 859 1365 877 «
1381 849 1543 883 Potcslali,
1558 847 1726 888 capitaneo,
1744 848 1894 884 ancianis,
1910 847 2036 877 consilio
2050 853 2078 877 εί
2103 848 2254 877 communi
2269 847 2322 877 Pi-

1309 902 1401 932 sanis.
1418 902 1548 932 Summi
1559 904 1591 932 et
1604 902 1650 940 pii
1661 901 1768 940 patris
1779 902 1880 936 vices,
1894 901 1972 931 licet
1982 901 2155 937 immeriti,
2167 903 2322 940 gerentes

1310 956 1342 984 in
1361 956 1473 989 terris,
1491 957 1667 994 paternum
1680 964 1760 993 erga
1776 954 1929 984 subditos
1943 956 2074 993 gestare
2087 954 2320 993 proponimus,

1310 1010 1472 1047 quantum
1491 1008 1590 1038 nobis
1608 1017 1650 1038 ex
1675 1008 1742 1039 alto
1770 1008 1976 1043 conceditur,
2007 1007 2144 1046 pietatis
2163 1008 2320 1038 affectum

1309 1070 1385 1091 cum
1409 1062 1452 1092 sit
1470 1061 1602 1100 paterni
1624 1062 1729 1091 moris
1747 1061 1944 1092 oberrantes
1959 1061 2060 1096 filios,
2085 1063 2116 1091 et
2139 1061 2168 1091 si
2185 1069 2321 1091 monen—

1309 1116 1376 1145 tem
1402 1114 1596 1151 obaudiant,
1621 1115 1842 1153 castigantem
1873 1114 2064 1150 aborreant,
2098 1123 2187 1144 nunc
2213 1114 2321 1145 lenire

1308 1168 1501 1202 blandiciis,
1517 1176 1604 1198 nunc
1620 1168 1734 1198 verbis
1750 1176 1901 1207 arguere,
1917 1177 2003 1198 nunc
2013 1167 2212 1198 verberibus
2222 1167 2322 1198 casti-

1308 1230 1397 1261 gare.
1417 1222 1500 1258 Nos,
1520 1221 1577 1260 qui
1598 1222 1638 1252 ad
1659 1222 1804 1252 salutem
1823 1223 1970 1251 vestram
1991 1230 2055 1251 non
2080 1222 2191 1252 solum
2210 1230 2251 1252 ex
2270 1221 2322 1251 in-

1305 1275 1412 1314 juncti
1422 1274 1604 1314 pastoralis
1619 1274 1721 1304 officii
1735 1273 1859 1310 debito,
1870 1283 1987 1304 verum
1997 1275 2098 1304 etiam
2110 1283 2150 1304 ex
2163 1277 2321 1313 concepte

1309 1329 1434 1359 dudum
1445 1337 1523 1367 erga
1536 1336 1596 1358 vos
1607 1327 1668 1358 ¹....
1680 1325 1956 1358 ι1010501111111000
1966 1328 2153 1358 fuissemus
2167 1328 2319 1363 ecclesie,

1308 1382 1535 1413 benivolentie
1559 1381 1697 1420 grandis
1723 1381 1886 1411 memoria
1904 1381 2117 1420 prerogativa
2145 1381 2321 1420 cujusdam

1309 1435 1532 1475 specialitatis
1546 1434 1726 1471 afficimur,
1751 1436 1897 1465 mentem
1910 1436 2062 1464 nostram
2078 1434 2249 1464 continere
2261 1441 2322 1464 nec

1308 1489 1466 1519 volumus
1482 1496 1542 1518 nec
1554 1487 1706 1518 valemus
1716 1487 1798 1526 quin
1812 1495 1883 1523 VOS,
1900 1488 1975 1526 post
1986 1487 2171 1517 voluntatis
2187 1486 2323 1518 libitum

1309 1550 1368 1580 per
1385 1541 1483 1572 devia
1492 1541 1656 1571 currendo
1668 1540 1862 1579 precipites
1877 1540 2034 1579 quamvis
2047 1540 2123 1570 odio
2132 1539 2322 1570 habueritis

1309 1595 1469 1625 hactenus
1488 1594 1717 1633 d1sciplinam,
1738 1593 1894 1632 quamvis
1917 1593 2129 1632 projeceritis
2149 1593 2322 1632 predeces—

1309 1657 1422 1678 sorum
1440 1649 1644 1683 nostrorum,
1664 1647 1896 1677 Romanorum
1914 1646 2123 1685 pontificum,
2146 1646 2274 1676 monita
2289 1648 2323 1677 et

1308 1704 1423 1732 nostra
1439 1703 1516 1740 post
1530 1703 1671 1740 tergum,
1691 1709 1710 1730 a
1723 1700 1900 1740 precipitio
1914 1699 2137 1736 retrahamus,
2156 1699 2322 1731 abducere

1309 1757 1502 1794 satagamus
1512 1754 1552 1784 ab
1562 1754 1664 1788 invio,
1676 1754 1834 1784 reducere
1845 1753 2043 1784 studeamus
2052 1753 2093 1783 ad
2103 1753 2324 1789 1100100011-

1309 1818 1409 1848 quam
1430 1810 1535 1838 mater
1552 1808 1696 1838 ecclesia
1712 1809 1744 1837 et
1762 1807 1865 1837 iidem
1881 1807 2026 1838 Romani
2042 1807 2232 1846 pontifices,
2248 1815 2322 1846 pre-

1308 1863 1504 1893 decessores
1514 1862 1621 1892 nostri
1635 1870 1694 1900 pro
1705 1863 1868 1900 tempore,
1881 1869 2009 1900 nosque
2018 1862 2094 1900 post
2108 1861 2210 1899 ipsos,
2223 1869 2320 1900 prop-

1308 1918 1359 1946 ter
1369 1915 1573 1946 obstinatam
1583 1915 1756 1953 hucusque
1765 1914 1876 1944 cordis
1888 1914 1991 1944 vestri
2002 1914 2175 1948 duritiam,
2184 1915 2321 1953 propter

1309 1971 1418 1999 vestre
1430 1968 1682 2007 ingratitudinis
1694 1976 1807 1998 amare
1821 1967 2040 2006 proterviam,
2054 1967 2159 1998 multe
2171 1967 2321 1998 lenitatis

1310 2023 1342 2052 in
1360 2022 1456 2052 vobis
1473 2022 1635 2051 beneficia
1656 2021 1856 2060 perdidisse,
1877 2030 1915 2050 ac
1932 2021 2012 2051 dum
2038 2029 2097 2060 per
2116 2021 2320 2051 monitiones

1309 2075 1420 2105 varias
1447 2074 1712 2104 correctionibus
1742 2074 1868 2104 nostris
1898 2073 2099 2109 institimus,
2133 2073 2166 2103 in
2196 2082 2320 2104 vanum

1308 2127 1410 2158 verba
1422 2128 1580 2165 jactasse,
1601 2126 1783 2156 inultorum
1798 2126 1926 2165 judicio
1947 2127 2178 2161 concurrente,
2199 2127 2319 2157 verita-

1309 2181 1352 2211 tis
1366 2180 1562 2211 testimonio
1573 2188 1782 2215 censeamur,
1796 2181 1972 2218 propterea
1982 2182 2093 2210 tamen
2106 2188 2320 2219 nequaquam

1310 2234 1515 2264 intendimus
1533 2243 1550 2263 a
1567 2233 1673 2272 ceptis
1695 2233 1861 2263 desistere
1881 2233 1938 2263 sed
1959 2233 2070 2263 solitis
2092 2233 2202 2272 primo
2224 2233 2321 2264 usuri

1309 2287 1480 2323 remediis,
1501 2287 1542 2321 si,
1571 2286 1659 2325 quod
1682 2286 1783 2322 absit,
1813 2295 1851 2316 ea
1869 2286 2010 2316 forsitan
2030 2295 2096 2316 non
2126 2287 2319 2326 procedant,

1309 2340 1436 2375 stilum,
1453 2340 1566 2369 divina
1581 2339 1655 2370 sulti
1673 2339 1833 2378 potentia,
1853 2339 1968 2378 procul
1987 2339 2091 2370 dubio
2104 2340 2147 2370 ad
2159 2340 2225 2370 alia
2244 2349 2320 2371 con-

1308 2395 1492 2424 vertemus.

1348 2446 1488 2481 Yerum,
1514 2445 1593 2483 quia
1617 2444 1871 2474 conversionem
1897 2445 2046 2474 vestram
2071 2444 2264 2483 appetimus
2287 2446 2320 2475 et

1308 2498 1489 2528 vindictam
1515 2498 1702 2533 horremus,
1724 2497 1890 2528 vellemus
1910 2506 1969 2527 vos
1987 2497 2142 2536 diligenti
2161 2497 2318 2529 examine

1308 2552 1474 2581 discutere
1500 2551 1572 2581 vias
1594 2552 1724 2581 vestras
1742 2552 1777 2581 ut
1802 2550 2056 2581 considerantes
2073 2550 2220 2585 easdem,
2245 2559 2321 2582 con-

1308 2605 1448 2635 vertatis
1458 2605 1559 2644 pedes
1572 2606 1702 2634 vestros
1718 2604 1751 2634 iu
1766 2604 1963 2634 testimonia
1975 2604 2113 2634 Domini
2123 2605 2155 2634 et
2167 2604 2207 2634 ad
2217 2604 2320 2635 eccle-

1309 2657 1358 2688 sie
1387 2657 1505 2688 matris
1525 2659 1634 2688 vestre
1661 2657 1828 2696 gremium
1859 2657 2052 2693 redeuntes,
2078 2656 2227 2696 amplius
2252 2665 2319 2687 non

1308 2711 1438 2741 erretis.
1457 2711 1643 2741 Considera
1659 2711 1772 2750 igitur,
1791 2710 1978 2745 considera,
1997 2709 2133 2749 popule,
2151 2718 2250 2749 quem
2270 2710 2319 2740 in·

1308 2764 1367 2794 viti
1385 2766 1417 2794 et
1437 2764 1590 2794 dolentes
1616 2764 1796 2794 referimus
1812 2772 1920 2802 usque
1937 2763 2043 2793 adhuc
2063 2763 2146 2793 dure
2163 2763 2316 2798 cervicis,

1308 2817 1432 2857 popule
1450 2817 1544 2853 dure,
1571 2817 1669 2847 corde
1687 2818 1841 2856 pei-cepte
1865 2816 1906 2846 ab
1925 2816 2069 2847 ecclesia
2097 2815 2318 2855 benignitatis

1310 2871 1488 2900 immemor
1503 2872 1533 2900 et
1548 2870 1687 2909 ingrate,
1699 2869 1875 2900 considera
1885 2869 1973 2908 quod
1984 2871 2015 2900 et
2030 2869 2164 2900 attende
2174 2869 2318 2908 qualiter

1342 2983 1363 3006 1.
1380 2981 1419 3005 Iri
1439 2988 1474 3005 uu
1495 2988 1528 3005 ou
1550 2981 1622 3005 deux
1639 2984 1711 3006 mois
1727 2983 1775 3006 out
1789 2981 1826 3005 du
1845 2982 1903 3005 etre
1918 2981 1989 3005 omis
2006 2988 2057 3012 par
2080 2980 2105 3005 lc
2121 2981 2238 3012 copiste.
