<?xml version="1.0" encoding="UTF-8"?>
<!DOCTYPE html PUBLIC "-//W3C//DTD XHTML 1.0 Transitional//EN"
    "http://www.w3.org/TR/xhtml1/DTD/xhtml1-transitional.dtd">
<html xmlns="http://www.w3.org/1999/xhtml" xml:lang="en" lang="en">
 <head>
  <title>
</title>
<meta http-equiv="Content-Type" content="text/html;charset=utf-8" />
  <meta name='ocr-system' content='tesseract 3.04.00' />
  <meta name='ocr-capabilities' content='ocr_page ocr_carea ocr_par ocr_line ocrx_word'/>
</head>
<body>
  <div class='ocr_page' id='page_1' title='image "./lesregistresdurb34cath/lesregistresdurb34cath_0194.png"; bbox 0 0 2519 3262; ppageno 0'>
   <div class='ocr_carea' id='block_1_1' title="bbox 221 218 278 249">
    <p class='ocr_par' dir='ltr' id='par_1_1' title="bbox 221 218 278 249">
     <span class='ocr_line' id='line_1_1' title="bbox 221 218 278 249; baseline 0.035 -2"><span class='ocrx_word' id='word_1_1' title='bbox 221 218 278 249; x_wconf 76' lang='lat'>156</span> 
     </span>
    </p>
   </div>
   <div class='ocr_carea' id='block_1_2' title="bbox 220 299 1233 2946">
    <p class='ocr_par' dir='ltr' id='par_1_2' title="bbox 220 299 1233 2946">
     <span class='ocr_line' id='line_1_2' title="bbox 221 299 1222 339; baseline -0.004 -6"><span class='ocrx_word' id='word_1_2' title='bbox 221 302 270 333; x_wconf 86' lang='lat' dir='ltr'>sie</span> <span class='ocrx_word' id='word_1_3' title='bbox 289 301 515 337; x_wconf 85' lang='lat' dir='ltr'>Coloniensis,</span> <span class='ocrx_word' id='word_1_4' title='bbox 535 301 567 330; x_wconf 95' lang='lat' dir='ltr'>in</span> <span class='ocrx_word' id='word_1_5' title='bbox 589 302 704 330; x_wconf 86' lang='lat' dir='ltr'>nostra</span> <span class='ocrx_word' id='word_1_6' title='bbox 720 299 897 338; x_wconf 84' lang='lat' dir='ltr'>proposuit</span> <span class='ocrx_word' id='word_1_7' title='bbox 916 299 1086 339; x_wconf 81' lang='lat' dir='ltr'>presentia</span> <span class='ocrx_word' id='word_1_8' title='bbox 1102 299 1222 330; x_wconf 88' lang='lat' dir='ltr'>consti-</span> 
     </span>
     <span class='ocr_line' id='line_1_3' title="bbox 220 352 1227 394; baseline -0.004 -8"><span class='ocrx_word' id='word_1_9' title='bbox 220 356 326 391; x_wconf 81' lang='lat' dir='ltr'>tutus,</span> <span class='ocrx_word' id='word_1_10' title='bbox 354 354 443 394; x_wconf 85' lang='lat' dir='ltr'>quod</span> <span class='ocrx_word' id='word_1_11' title='bbox 468 354 561 390; x_wconf 79' lang='lat' dir='ltr'>olim,</span> <span class='ocrx_word' id='word_1_12' title='bbox 588 353 784 383; x_wconf 81' lang='lat' dir='ltr'>confirmata</span> <span class='ocrx_word' id='word_1_13' title='bbox 814 353 976 383; x_wconf 79' lang='lat' dir='ltr'>electione</span> <span class='ocrx_word' id='word_1_14' title='bbox 1003 352 1174 383; x_wconf 87' lang='lat' dir='ltr'>celebrata</span> <span class='ocrx_word' id='word_1_15' title='bbox 1193 353 1227 382; x_wconf 92' lang='lat' dir='ltr'>in</span> 
     </span>
     <span class='ocr_line' id='line_1_4' title="bbox 221 405 1227 439; baseline -0.004 0"><span class='ocrx_word' id='word_1_16' title='bbox 221 408 336 439; x_wconf 85' lang='lat' dir='ltr'>eadem</span> <span class='ocrx_word' id='word_1_17' title='bbox 352 407 542 438; x_wconf 82' lang='lat' dir='ltr'>ecclesiade</span> <span class='ocrx_word' id='word_1_18' title='bbox 555 406 740 436; x_wconf 78' lang='lat' dir='ltr'>venerabili</span> <span class='ocrx_word' id='word_1_19' title='bbox 754 406 856 436; x_wconf 87' lang='lat' dir='ltr'>fratre</span> <span class='ocrx_word' id='word_1_20' title='bbox 873 408 1018 436; x_wconf 89' lang='lat' dir='ltr'>nostro..</span> <span class='ocrx_word' id='word_1_21' title='bbox 1031 405 1227 436; x_wconf 85' lang='lat' dir='ltr'>Coloniensi</span> 
     </span>
     <span class='ocr_line' id='line_1_5' title="bbox 222 458 1226 499; baseline -0.003 -8"><span class='ocrx_word' id='word_1_22' title='bbox 222 461 484 499; x_wconf 63' lang='lat' dir='ltr'>archiepiscopo,</span> <span class='ocrx_word' id='word_1_23' title='bbox 515 468 575 489; x_wconf 87' lang='lat' dir='ltr'>uos</span> <span class='ocrx_word' id='word_1_24' title='bbox 611 459 860 498; x_wconf 80' lang='lat' dir='ltr'>preposituram</span> <span class='ocrx_word' id='word_1_25' title='bbox 895 459 1044 497; x_wconf 81' lang='lat' dir='ltr'>ejusdem</span> <span class='ocrx_word' id='word_1_26' title='bbox 1073 458 1226 494; x_wconf 79' lang='lat' dir='ltr'>ecclesie,</span> 
     </span>
     <span class='ocr_line' id='line_1_6' title="bbox 222 512 1227 553; baseline -0.003 -9"><span class='ocrx_word' id='word_1_27' title='bbox 222 523 320 553; x_wconf 89' lang='lat' dir='ltr'>quam</span> <span class='ocrx_word' id='word_1_28' title='bbox 338 514 447 543; x_wconf 86' lang='lat' dir='ltr'>dictus</span> <span class='ocrx_word' id='word_1_29' title='bbox 465 513 738 551; x_wconf 78' lang='lat' dir='ltr'>archiepiscopus</span> <span class='ocrx_word' id='word_1_30' title='bbox 755 512 979 551; x_wconf 89' lang='lat' dir='ltr'>promotionis</span> <span class='ocrx_word' id='word_1_31' title='bbox 998 521 1057 542; x_wconf 84' lang='lat' dir='ltr'>sue</span> <span class='ocrx_word' id='word_1_32' title='bbox 1075 513 1227 550; x_wconf 89' lang='lat' dir='ltr'>tempore</span> 
     </span>
     <span class='ocr_line' id='line_1_7' title="bbox 222 564 1228 602; baseline -0.004 -5"><span class='ocrx_word' id='word_1_33' title='bbox 222 566 404 602; x_wconf 80' lang='lat' dir='ltr'>obtinebat,</span> <span class='ocrx_word' id='word_1_34' title='bbox 424 565 571 596; x_wconf 78' lang='lat' dir='ltr'>Arnoldo</span> <span class='ocrx_word' id='word_1_35' title='bbox 586 564 798 595; x_wconf 86' lang='lat' dir='ltr'>conferentes</span> <span class='ocrx_word' id='word_1_36' title='bbox 818 564 939 600; x_wconf 92' lang='lat' dir='ltr'>eidem,</span> <span class='ocrx_word' id='word_1_37' title='bbox 953 564 1165 595; x_wconf 84' lang='lat' dir='ltr'>decrevimus</span> <span class='ocrx_word' id='word_1_38' title='bbox 1184 564 1228 593; x_wconf 92' lang='lat' dir='ltr'>ir-</span> 
     </span>
     <span class='ocr_line' id='line_1_8' title="bbox 222 617 1228 656; baseline -0.003 -7"><span class='ocrx_word' id='word_1_39' title='bbox 222 620 324 650; x_wconf 90' lang='lat' dir='ltr'>ritum</span> <span class='ocrx_word' id='word_1_40' title='bbox 350 620 381 649; x_wconf 91' lang='lat' dir='ltr'>et</span> <span class='ocrx_word' id='word_1_41' title='bbox 406 619 502 649; x_wconf 90' lang='lat' dir='ltr'>inane</span> <span class='ocrx_word' id='word_1_42' title='bbox 532 618 559 647; x_wconf 94' lang='lat' dir='ltr'>si</span> <span class='ocrx_word' id='word_1_43' title='bbox 585 626 681 648; x_wconf 88' lang='lat' dir='ltr'>secus</span> <span class='ocrx_word' id='word_1_44' title='bbox 705 618 744 648; x_wconf 83' lang='lat' dir='ltr'>‹le</span> <span class='ocrx_word' id='word_1_45' title='bbox 768 618 843 656; x_wconf 89' lang='lat' dir='ltr'>ipsa</span> <span class='ocrx_word' id='word_1_46' title='bbox 861 617 1069 656; x_wconf 82' lang='lat' dir='ltr'>contingeret</span> <span class='ocrx_word' id='word_1_47' title='bbox 1087 618 1228 655; x_wconf 86' lang='lat' dir='ltr'>attemp-</span> 
     </span>
     <span class='ocr_line' id='line_1_9' title="bbox 220 671 1228 710; baseline -0.003 -8"><span class='ocrx_word' id='word_1_48' title='bbox 220 673 298 708; x_wconf 82' lang='lat' dir='ltr'>tarI,</span> <span class='ocrx_word' id='word_1_49' title='bbox 324 681 388 702; x_wconf 91' lang='lat' dir='ltr'>non</span> <span class='ocrx_word' id='word_1_50' title='bbox 410 671 564 702; x_wconf 85' lang='lat' dir='ltr'>obstante</span> <span class='ocrx_word' id='word_1_51' title='bbox 586 671 675 710; x_wconf 84' lang='lat' dir='ltr'>quod</span> <span class='ocrx_word' id='word_1_52' title='bbox 694 671 841 700; x_wconf 88' lang='lat' dir='ltr'>nondum</span> <span class='ocrx_word' id='word_1_53' title='bbox 861 671 1040 700; x_wconf 85' lang='lat' dir='ltr'>decursum</span> <span class='ocrx_word' id='word_1_54' title='bbox 1058 671 1129 700; x_wconf 90' lang='lat' dir='ltr'>erat</span> <span class='ocrx_word' id='word_1_55' title='bbox 1145 671 1228 699; x_wconf 90' lang='lat' dir='ltr'>tem-</span> 
     </span>
     <span class='ocr_line' id='line_1_10' title="bbox 221 723 1227 764; baseline -0.002 -10"><span class='ocrx_word' id='word_1_56' title='bbox 221 734 284 764; x_wconf 89' lang='lat' dir='ltr'>pus</span> <span class='ocrx_word' id='word_1_57' title='bbox 302 725 341 755; x_wconf 89' lang='lat' dir='ltr'>de</span> <span class='ocrx_word' id='word_1_58' title='bbox 354 724 589 754; x_wconf 84' lang='lat' dir='ltr'>consecrandis</span> <span class='ocrx_word' id='word_1_59' title='bbox 609 724 778 762; x_wconf 89' lang='lat' dir='ltr'>episcopis</span> <span class='ocrx_word' id='word_1_60' title='bbox 795 732 813 753; x_wconf 79' lang='lat' dir='ltr'>a</span> <span class='ocrx_word' id='word_1_61' title='bbox 829 723 1016 753; x_wconf 89' lang='lat' dir='ltr'>canonibus</span> <span class='ocrx_word' id='word_1_62' title='bbox 1030 723 1227 759; x_wconf 71' lang='lat' dir='ltr'>diffinitum,</span> 
     </span>
     <span class='ocr_line' id='line_1_11' title="bbox 222 776 1230 816; baseline -0.003 -8"><span class='ocrx_word' id='word_1_63' title='bbox 222 778 397 816; x_wconf 83' lang='lat' dir='ltr'>dictusque</span> <span class='ocrx_word' id='word_1_64' title='bbox 408 777 680 816; x_wconf 79' lang='lat' dir='ltr'>archiepiscopus</span> <span class='ocrx_word' id='word_1_65' title='bbox 696 777 839 807; x_wconf 89' lang='lat' dir='ltr'>eundem</span> <span class='ocrx_word' id='word_1_66' title='bbox 852 776 1051 813; x_wconf 82' lang='lat' dir='ltr'>Arnoldum,</span> <span class='ocrx_word' id='word_1_67' title='bbox 1062 776 1096 806; x_wconf 91' lang='lat' dir='ltr'>in</span> <span class='ocrx_word' id='word_1_68' title='bbox 1115 777 1230 806; x_wconf 84' lang='lat' dir='ltr'>nostra</span> 
     </span>
     <span class='ocr_line' id='line_1_12' title="bbox 222 828 1226 869; baseline -0.002 -8"><span class='ocrx_word' id='word_1_69' title='bbox 222 832 253 862; x_wconf 91' lang='lat' dir='ltr'>et</span> <span class='ocrx_word' id='word_1_70' title='bbox 268 830 416 869; x_wconf 90' lang='lat' dir='ltr'>plurium</span> <span class='ocrx_word' id='word_1_71' title='bbox 443 830 584 860; x_wconf 84' lang='lat' dir='ltr'>fratrum</span> <span class='ocrx_word' id='word_1_72' title='bbox 602 831 795 860; x_wconf 87' lang='lat' dir='ltr'>nostrorum</span> <span class='ocrx_word' id='word_1_73' title='bbox 822 829 1004 868; x_wconf 84' lang='lat' dir='ltr'>presentia,</span> <span class='ocrx_word' id='word_1_74' title='bbox 1025 829 1057 859; x_wconf 93' lang='lat' dir='ltr'>in</span> <span class='ocrx_word' id='word_1_75' title='bbox 1076 828 1226 868; x_wconf 89' lang='lat' dir='ltr'>preposi-</span> 
     </span>
     <span class='ocr_line' id='line_1_13' title="bbox 221 882 1229 922; baseline -0.001 -9"><span class='ocrx_word' id='word_1_76' title='bbox 221 885 291 914; x_wconf 90' lang='lat' dir='ltr'>tum</span> <span class='ocrx_word' id='word_1_77' title='bbox 309 885 341 914; x_wconf 91' lang='lat' dir='ltr'>et</span> <span class='ocrx_word' id='word_1_78' title='bbox 352 892 472 914; x_wconf 89' lang='lat' dir='ltr'>manus</span> <span class='ocrx_word' id='word_1_79' title='bbox 493 883 602 922; x_wconf 89' lang='lat' dir='ltr'>ipsius</span> <span class='ocrx_word' id='word_1_80' title='bbox 621 883 659 913; x_wconf 81' lang='lat' dir='ltr'>A.</span> <span class='ocrx_word' id='word_1_81' title='bbox 679 883 767 913; x_wconf 89' lang='lat' dir='ltr'>inter</span> <span class='ocrx_word' id='word_1_82' title='bbox 785 891 864 913; x_wconf 87' lang='lat' dir='ltr'>suas</span> <span class='ocrx_word' id='word_1_83' title='bbox 884 883 1090 921; x_wconf 85' lang='lat' dir='ltr'>recipiendo,</span> <span class='ocrx_word' id='word_1_84' title='bbox 1116 882 1229 913; x_wconf 91' lang='lat' dir='ltr'>homa-</span> 
     </span>
     <span class='ocr_line' id='line_1_14' title="bbox 220 935 1229 977; baseline -0.001 -11"><span class='ocrx_word' id='word_1_85' title='bbox 220 936 312 977; x_wconf 86' lang='lat' dir='ltr'>gium</span> <span class='ocrx_word' id='word_1_86' title='bbox 340 936 380 966; x_wconf 91' lang='lat' dir='ltr'>ab</span> <span class='ocrx_word' id='word_1_87' title='bbox 409 937 481 975; x_wconf 89' lang='lat' dir='ltr'>ipso</span> <span class='ocrx_word' id='word_1_88' title='bbox 504 938 677 975; x_wconf 84' lang='lat' dir='ltr'>tamquam</span> <span class='ocrx_word' id='word_1_89' title='bbox 695 944 713 965; x_wconf 91' lang='lat' dir='ltr'>a</span> <span class='ocrx_word' id='word_1_90' title='bbox 733 935 928 966; x_wconf 87' lang='lat' dir='ltr'>Coloniensi</span> <span class='ocrx_word' id='word_1_91' title='bbox 954 935 1127 975; x_wconf 86' lang='lat' dir='ltr'>preposito</span> <span class='ocrx_word' id='word_1_92' title='bbox 1153 943 1229 965; x_wconf 91' lang='lat' dir='ltr'>eum</span> 
     </span>
     <span class='ocr_line' id='line_1_15' title="bbox 221 988 1227 1028; baseline -0.002 -8"><span class='ocrx_word' id='word_1_93' title='bbox 221 990 259 1020; x_wconf 89' lang='lat' dir='ltr'>ad</span> <span class='ocrx_word' id='word_1_94' title='bbox 276 989 428 1020; x_wconf 89' lang='lat' dir='ltr'>osculum</span> <span class='ocrx_word' id='word_1_95' title='bbox 452 989 544 1028; x_wconf 87' lang='lat' dir='ltr'>pacis</span> <span class='ocrx_word' id='word_1_96' title='bbox 571 989 708 1028; x_wconf 88' lang='lat' dir='ltr'>recepit.</span> <span class='ocrx_word' id='word_1_97' title='bbox 738 989 795 1020; x_wconf 84' lang='lat' dir='ltr'>Set</span> <span class='ocrx_word' id='word_1_98' title='bbox 817 989 1033 1028; x_wconf 86' lang='lat' dir='ltr'>postmodum</span> <span class='ocrx_word' id='word_1_99' title='bbox 1068 988 1156 1019; x_wconf 89' lang='lat' dir='ltr'>idem</span> <span class='ocrx_word' id='word_1_100' title='bbox 1178 997 1227 1018; x_wconf 90' lang='lat' dir='ltr'>ar·</span> 
     </span>
     <span class='ocr_line' id='line_1_16' title="bbox 220 1042 1229 1082; baseline -0.002 -9"><span class='ocrx_word' id='word_1_101' title='bbox 220 1042 455 1082; x_wconf 88' lang='lat' dir='ltr'>chiepiscopus</span> <span class='ocrx_word' id='word_1_102' title='bbox 480 1043 625 1073; x_wconf 88' lang='lat' dir='ltr'>Henrico</span> <span class='ocrx_word' id='word_1_103' title='bbox 650 1042 689 1072; x_wconf 88' lang='lat' dir='ltr'>de</span> <span class='ocrx_word' id='word_1_104' title='bbox 716 1042 964 1081; x_wconf 82' lang='lat' dir='ltr'>Hinsebergue‚</span> <span class='ocrx_word' id='word_1_105' title='bbox 994 1042 1135 1072; x_wconf 86' lang='lat' dir='ltr'>ecclesie</span> <span class='ocrx_word' id='word_1_106' title='bbox 1159 1050 1229 1080; x_wconf 87' lang='lat' dir='ltr'>pre-</span> 
     </span>
     <span class='ocr_line' id='line_1_17' title="bbox 221 1095 1230 1135; baseline -0.002 -8"><span class='ocrx_word' id='word_1_107' title='bbox 221 1096 307 1127; x_wconf 84' lang='lat' dir='ltr'>dicte</span> <span class='ocrx_word' id='word_1_108' title='bbox 327 1096 498 1133; x_wconf 89' lang='lat' dir='ltr'>canonico,</span> <span class='ocrx_word' id='word_1_109' title='bbox 519 1104 618 1135; x_wconf 89' lang='lat' dir='ltr'>quem</span> <span class='ocrx_word' id='word_1_110' title='bbox 640 1096 749 1134; x_wconf 91' lang='lat' dir='ltr'>ipsius</span> <span class='ocrx_word' id='word_1_111' title='bbox 765 1095 908 1126; x_wconf 89' lang='lat' dir='ltr'>ecclesie</span> <span class='ocrx_word' id='word_1_112' title='bbox 930 1095 1127 1134; x_wconf 85' lang='lat' dir='ltr'>capitulum,</span> <span class='ocrx_word' id='word_1_113' title='bbox 1153 1096 1230 1133; x_wconf 88' lang='lat' dir='ltr'>post</span> 
     </span>
     <span class='ocr_line' id='line_1_18' title="bbox 221 1147 1229 1188; baseline -0.003 -8"><span class='ocrx_word' id='word_1_114' title='bbox 221 1150 435 1181; x_wconf 87' lang='lat' dir='ltr'>collationem</span> <span class='ocrx_word' id='word_1_115' title='bbox 462 1149 667 1188; x_wconf 86' lang='lat' dir='ltr'>hujusmodi,</span> <span class='ocrx_word' id='word_1_116' title='bbox 685 1149 725 1179; x_wconf 88' lang='lat' dir='ltr'>de</span> <span class='ocrx_word' id='word_1_117' title='bbox 746 1148 844 1185; x_wconf 88' lang='lat' dir='ltr'>facto,</span> <span class='ocrx_word' id='word_1_118' title='bbox 865 1157 940 1179; x_wconf 90' lang='lat' dir='ltr'>cum</span> <span class='ocrx_word' id='word_1_119' title='bbox 959 1149 999 1178; x_wconf 91' lang='lat' dir='ltr'>de</span> <span class='ocrx_word' id='word_1_120' title='bbox 1020 1148 1095 1187; x_wconf 87' lang='lat' dir='ltr'>jure</span> <span class='ocrx_word' id='word_1_121' title='bbox 1114 1147 1229 1187; x_wconf 84' lang='lat' dir='ltr'>nequi-</span> 
     </span>
     <span class='ocr_line' id='line_1_19' title="bbox 220 1202 1230 1243; baseline -0.004 -7"><span class='ocrx_word' id='word_1_122' title='bbox 220 1205 316 1242; x_wconf 85' lang='lat' dir='ltr'>verit,</span> <span class='ocrx_word' id='word_1_123' title='bbox 337 1205 370 1235; x_wconf 90' lang='lat' dir='ltr'>in</span> <span class='ocrx_word' id='word_1_124' title='bbox 386 1205 595 1243; x_wconf 86' lang='lat' dir='ltr'>prepositum</span> <span class='ocrx_word' id='word_1_125' title='bbox 621 1212 719 1234; x_wconf 87' lang='lat' dir='ltr'>suum</span> <span class='ocrx_word' id='word_1_126' title='bbox 737 1203 894 1243; x_wconf 81' lang='lat' dir='ltr'>elegisse,</span> <span class='ocrx_word' id='word_1_127' title='bbox 915 1203 1078 1242; x_wconf 85' lang='lat' dir='ltr'>cujusque</span> <span class='ocrx_word' id='word_1_128' title='bbox 1096 1202 1230 1232; x_wconf 85' lang='lat' dir='ltr'>electio-</span> 
     </span>
     <span class='ocr_line' id='line_1_20' title="bbox 221 1256 1230 1296; baseline -0.004 -7"><span class='ocrx_word' id='word_1_129' title='bbox 221 1267 297 1289; x_wconf 91' lang='lat' dir='ltr'>nem</span> <span class='ocrx_word' id='word_1_130' title='bbox 324 1258 471 1288; x_wconf 84' lang='lat' dir='ltr'>vicarius</span> <span class='ocrx_word' id='word_1_131' title='bbox 489 1257 597 1296; x_wconf 86' lang='lat' dir='ltr'>ipsius</span> <span class='ocrx_word' id='word_1_132' title='bbox 612 1257 854 1295; x_wconf 90' lang='lat' dir='ltr'>archiepiscopi</span> <span class='ocrx_word' id='word_1_133' title='bbox 875 1256 1093 1287; x_wconf 83' lang='lat' dir='ltr'>confirmasse</span> <span class='ocrx_word' id='word_1_134' title='bbox 1115 1256 1230 1285; x_wconf 85' lang='lat' dir='ltr'>dicun-</span> 
     </span>
     <span class='ocr_line' id='line_1_21' title="bbox 220 1309 1229 1350; baseline -0.003 -8"><span class='ocrx_word' id='word_1_135' title='bbox 220 1313 285 1348; x_wconf 81' lang='lat' dir='ltr'>tur,</span> <span class='ocrx_word' id='word_1_136' title='bbox 306 1312 421 1342; x_wconf 84' lang='lat' dir='ltr'>contra</span> <span class='ocrx_word' id='word_1_137' title='bbox 448 1310 615 1350; x_wconf 84' lang='lat' dir='ltr'>prefatum</span> <span class='ocrx_word' id='word_1_138' title='bbox 643 1311 682 1341; x_wconf 77' lang='lat' dir='ltr'>A.</span> <span class='ocrx_word' id='word_1_139' title='bbox 717 1319 818 1349; x_wconf 88' lang='lat' dir='ltr'>super</span> <span class='ocrx_word' id='word_1_140' title='bbox 846 1309 907 1340; x_wconf 91' lang='lat' dir='ltr'>hoc</span> <span class='ocrx_word' id='word_1_141' title='bbox 936 1318 1000 1339; x_wconf 94' lang='lat' dir='ltr'>non</span> <span class='ocrx_word' id='word_1_142' title='bbox 1028 1311 1078 1339; x_wconf 91' lang='lat' dir='ltr'>est</span> <span class='ocrx_word' id='word_1_143' title='bbox 1099 1309 1229 1339; x_wconf 80' lang='lat' dir='ltr'>veritus</span> 
     </span>
     <span class='ocr_line' id='line_1_22' title="bbox 222 1362 1229 1402; baseline -0.003 -7"><span class='ocrx_word' id='word_1_144' title='bbox 222 1373 281 1396; x_wconf 91' lang='lat' dir='ltr'>nec</span> <span class='ocrx_word' id='word_1_145' title='bbox 305 1367 439 1395; x_wconf 86' lang='lat' dir='ltr'>veretur</span> <span class='ocrx_word' id='word_1_146' title='bbox 459 1364 607 1394; x_wconf 89' lang='lat' dir='ltr'>favorem</span> <span class='ocrx_word' id='word_1_147' title='bbox 631 1363 837 1402; x_wconf 82' lang='lat' dir='ltr'>impendere,</span> <span class='ocrx_word' id='word_1_148' title='bbox 857 1371 1016 1393; x_wconf 78' lang='lat' dir='ltr'>asserens</span> <span class='ocrx_word' id='word_1_149' title='bbox 1034 1363 1122 1401; x_wconf 87' lang='lat' dir='ltr'>quod</span> <span class='ocrx_word' id='word_1_150' title='bbox 1140 1362 1229 1392; x_wconf 91' lang='lat' dir='ltr'>idem</span> 
     </span>
     <span class='ocr_line' id='line_1_23' title="bbox 221 1415 1230 1455; baseline -0.003 -7"><span class='ocrx_word' id='word_1_151' title='bbox 221 1419 261 1449; x_wconf 89' lang='lat' dir='ltr'>A.</span> <span class='ocrx_word' id='word_1_152' title='bbox 281 1427 340 1448; x_wconf 88' lang='lat' dir='ltr'>nec</span> <span class='ocrx_word' id='word_1_153' title='bbox 367 1417 560 1455; x_wconf 82' lang='lat' dir='ltr'>homagium</span> <span class='ocrx_word' id='word_1_154' title='bbox 588 1416 653 1446; x_wconf 83' lang='lat' dir='ltr'>sibi</span> <span class='ocrx_word' id='word_1_155' title='bbox 671 1416 824 1447; x_wconf 72' lang='lat' dir='ltr'>exhihuit</span> <span class='ocrx_word' id='word_1_156' title='bbox 842 1425 901 1446; x_wconf 87' lang='lat' dir='ltr'>nec</span> <span class='ocrx_word' id='word_1_157' title='bbox 918 1415 1112 1455; x_wconf 86' lang='lat' dir='ltr'>hujusmodi</span> <span class='ocrx_word' id='word_1_158' title='bbox 1139 1415 1230 1453; x_wconf 88' lang='lat' dir='ltr'>jura-</span> 
     </span>
     <span class='ocr_line' id='line_1_24' title="bbox 221 1468 1231 1508; baseline -0.005 -6"><span class='ocrx_word' id='word_1_159' title='bbox 221 1473 383 1502; x_wconf 88' lang='lat' dir='ltr'>mentum.</span> <span class='ocrx_word' id='word_1_160' title='bbox 403 1471 497 1501; x_wconf 90' lang='lat' dir='ltr'>Unde</span> <span class='ocrx_word' id='word_1_161' title='bbox 512 1478 573 1500; x_wconf 86' lang='lat' dir='ltr'>nos</span> <span class='ocrx_word' id='word_1_162' title='bbox 590 1470 699 1500; x_wconf 89' lang='lat' dir='ltr'>eidem</span> <span class='ocrx_word' id='word_1_163' title='bbox 718 1469 972 1508; x_wconf 70' lang='lat' dir='ltr'>archiepiscopo</span> <span class='ocrx_word' id='word_1_164' title='bbox 997 1468 1123 1499; x_wconf 83' lang='lat' dir='ltr'>nostris</span> <span class='ocrx_word' id='word_1_165' title='bbox 1139 1468 1231 1498; x_wconf 89' lang='lat' dir='ltr'>dedi-</span> 
     </span>
     <span class='ocr_line' id='line_1_25' title="bbox 221 1522 1230 1561; baseline -0.004 -6"><span class='ocrx_word' id='word_1_166' title='bbox 221 1534 297 1555; x_wconf 83' lang='lat' dir='ltr'>mus</span> <span class='ocrx_word' id='word_1_167' title='bbox 324 1524 446 1554; x_wconf 72' lang='lat' dir='ltr'>litteris</span> <span class='ocrx_word' id='word_1_168' title='bbox 466 1523 607 1553; x_wconf 86' lang='lat' dir='ltr'>tirmiter</span> <span class='ocrx_word' id='word_1_169' title='bbox 623 1523 656 1552; x_wconf 88' lang='lat' dir='ltr'>in</span> <span class='ocrx_word' id='word_1_170' title='bbox 674 1523 842 1561; x_wconf 81' lang='lat' dir='ltr'>preceptis</span> <span class='ocrx_word' id='word_1_171' title='bbox 859 1525 907 1557; x_wconf 88' lang='lat' dir='ltr'>ut,</span> <span class='ocrx_word' id='word_1_172' title='bbox 927 1524 1036 1553; x_wconf 84' lang='lat' dir='ltr'>amoto</span> <span class='ocrx_word' id='word_1_173' title='bbox 1054 1522 1094 1551; x_wconf 89' lang='lat' dir='ltr'>ab</span> <span class='ocrx_word' id='word_1_174' title='bbox 1114 1522 1230 1551; x_wconf 84' lang='lat' dir='ltr'>eadem</span> 
     </span>
     <span class='ocr_line' id='line_1_26' title="bbox 222 1575 1229 1617; baseline -0.003 -10"><span class='ocrx_word' id='word_1_175' title='bbox 222 1578 435 1617; x_wconf 72' lang='lat' dir='ltr'>prepositura</span> <span class='ocrx_word' id='word_1_176' title='bbox 451 1577 538 1607; x_wconf 82' lang='lat' dir='ltr'>dicto</span> <span class='ocrx_word' id='word_1_177' title='bbox 555 1576 700 1606; x_wconf 86' lang='lat' dir='ltr'>Henrico</span> <span class='ocrx_word' id='word_1_178' title='bbox 720 1585 778 1606; x_wconf 92' lang='lat' dir='ltr'>seu</span> <span class='ocrx_word' id='word_1_179' title='bbox 792 1576 939 1614; x_wconf 87' lang='lat' dir='ltr'>quolibet</span> <span class='ocrx_word' id='word_1_180' title='bbox 961 1575 1027 1605; x_wconf 89' lang='lat' dir='ltr'>alio</span> <span class='ocrx_word' id='word_1_181' title='bbox 1044 1575 1229 1608; x_wconf 86' lang='lat' dir='ltr'>detentore,</span> 
     </span>
     <span class='ocr_line' id='line_1_27' title="bbox 222 1628 1231 1668; baseline -0.004 -7"><span class='ocrx_word' id='word_1_182' title='bbox 222 1631 345 1661; x_wconf 86' lang='lat' dir='ltr'>faceret</span> <span class='ocrx_word' id='word_1_183' title='bbox 376 1630 543 1668; x_wconf 87' lang='lat' dir='ltr'>prefatum</span> <span class='ocrx_word' id='word_1_184' title='bbox 569 1631 608 1660; x_wconf 73' lang='grc' dir='ltr'>Α.</span> <span class='ocrx_word' id='word_1_185' title='bbox 628 1629 737 1668; x_wconf 90' lang='lat' dir='ltr'>ipsius</span> <span class='ocrx_word' id='word_1_186' title='bbox 767 1629 981 1668; x_wconf 86' lang='lat' dir='ltr'>prepositure</span> <span class='ocrx_word' id='word_1_187' title='bbox 1000 1628 1137 1667; x_wconf 85' lang='lat' dir='ltr'>pacifica</span> <span class='ocrx_word' id='word_1_188' title='bbox 1153 1636 1231 1666; x_wconf 90' lang='lat' dir='ltr'>pos-</span> 
     </span>
     <span class='ocr_line' id='line_1_28' title="bbox 222 1682 1232 1722; baseline -0.003 -8"><span class='ocrx_word' id='word_1_189' title='bbox 222 1685 373 1715; x_wconf 84' lang='lat' dir='ltr'>sessione</span> <span class='ocrx_word' id='word_1_190' title='bbox 390 1684 534 1722; x_wconf 69' lang='lat' dir='ltr'>gaudere</span> <span class='ocrx_word' id='word_1_191' title='bbox 554 1692 589 1713; x_wconf 77' lang='lat' dir='ltr'>ac</span> <span class='ocrx_word' id='word_1_192' title='bbox 607 1683 728 1719; x_wconf 65' lang='lat' dir='ltr'>eidemy</span> <span class='ocrx_word' id='word_1_193' title='bbox 748 1684 919 1721; x_wconf 81' lang='lat' dir='ltr'>tamquam</span> <span class='ocrx_word' id='word_1_194' title='bbox 941 1682 1135 1712; x_wconf 68' lang='lat' dir='ltr'>Coloniensi</span> <span class='ocrx_word' id='word_1_195' title='bbox 1159 1689 1232 1720; x_wconf 86' lang='lat' dir='ltr'>pre-</span> 
     </span>
     <span class='ocr_line' id='line_1_29' title="bbox 222 1735 1230 1777; baseline -0.003 -9"><span class='ocrx_word' id='word_1_196' title='bbox 222 1738 344 1777; x_wconf 80' lang='lat' dir='ltr'>posito,</span> <span class='ocrx_word' id='word_1_197' title='bbox 373 1737 499 1767; x_wconf 82' lang='lat' dir='ltr'>intendi</span> <span class='ocrx_word' id='word_1_198' title='bbox 529 1737 560 1767; x_wconf 84' lang='lat' dir='ltr'>et</span> <span class='ocrx_word' id='word_1_199' title='bbox 586 1737 624 1766; x_wconf 93' lang='lat' dir='ltr'>de</span> <span class='ocrx_word' id='word_1_200' title='bbox 639 1736 774 1775; x_wconf 86' lang='lat' dir='ltr'>juribus</span> <span class='ocrx_word' id='word_1_201' title='bbox 805 1745 841 1765; x_wconf 83' lang='lat' dir='ltr'>ae</span> <span class='ocrx_word' id='word_1_202' title='bbox 870 1735 1091 1775; x_wconf 79' lang='lat' dir='ltr'>proventibus</span> <span class='ocrx_word' id='word_1_203' title='bbox 1122 1735 1230 1773; x_wconf 82' lang='lat' dir='ltr'>ipsius</span> 
     </span>
     <span class='ocr_line' id='line_1_30' title="bbox 222 1789 1230 1831; baseline -0.002 -9"><span class='ocrx_word' id='word_1_204' title='bbox 222 1792 434 1831; x_wconf 73' lang='lat' dir='ltr'>prepositure</span> <span class='ocrx_word' id='word_1_205' title='bbox 456 1790 606 1829; x_wconf 74' lang='lat' dir='ltr'>plenarie</span> <span class='ocrx_word' id='word_1_206' title='bbox 636 1790 845 1828; x_wconf 85' lang='lat' dir='ltr'>responderi,</span> <span class='ocrx_word' id='word_1_207' title='bbox 866 1789 1015 1828; x_wconf 87' lang='lat' dir='ltr'>injuncto</span> <span class='ocrx_word' id='word_1_208' title='bbox 1041 1789 1230 1820; x_wconf 79' lang='lat' dir='ltr'>venerabili</span> 
     </span>
     <span class='ocr_line' id='line_1_31' title="bbox 224 1842 1231 1882; baseline -0.002 -7"><span class='ocrx_word' id='word_1_209' title='bbox 224 1845 318 1875; x_wconf 82' lang='lat' dir='ltr'>fratri</span> <span class='ocrx_word' id='word_1_210' title='bbox 340 1845 496 1874; x_wconf 73' lang='lat' dir='ltr'>nostro..</span> <span class='ocrx_word' id='word_1_211' title='bbox 518 1843 694 1873; x_wconf 78' lang='lat' dir='ltr'>Lcodiensi</span> <span class='ocrx_word' id='word_1_212' title='bbox 710 1844 878 1882; x_wconf 75' lang='lat' dir='ltr'>episcopo,</span> <span class='ocrx_word' id='word_1_213' title='bbox 897 1844 968 1873; x_wconf 88' lang='lat' dir='ltr'>et..</span> <span class='ocrx_word' id='word_1_214' title='bbox 990 1842 1100 1872; x_wconf 83' lang='lat' dir='ltr'>abbati</span> <span class='ocrx_word' id='word_1_215' title='bbox 1123 1843 1231 1874; x_wconf 84' lang='lat' dir='ltr'>sancti</span> 
     </span>
     <span class='ocr_line' id='line_1_32' title="bbox 223 1896 1230 1935; baseline -0.001 -7"><span class='ocrx_word' id='word_1_216' title='bbox 223 1898 391 1931; x_wconf 76' lang='lat' dir='ltr'>Tridonis,</span> <span class='ocrx_word' id='word_1_217' title='bbox 408 1897 605 1927; x_wconf 63' lang='lat' dir='ltr'>motilensis</span> <span class='ocrx_word' id='word_1_218' title='bbox 615 1896 773 1932; x_wconf 71' lang='lat' dir='ltr'>diocesis,</span> <span class='ocrx_word' id='word_1_219' title='bbox 788 1905 846 1935; x_wconf 89' lang='lat' dir='ltr'>per</span> <span class='ocrx_word' id='word_1_220' title='bbox 857 1896 941 1925; x_wconf 83' lang='lat' dir='ltr'>alias</span> <span class='ocrx_word' id='word_1_221' title='bbox 952 1896 1230 1927; x_wconf 84' lang='lat' dir='ltr'>nostraslitleras</span> 
     </span>
     <span class='ocr_line' id='line_1_33' title="bbox 224 1949 1231 1989; baseline -0.001 -9"><span class='ocrx_word' id='word_1_222' title='bbox 224 1953 259 1981; x_wconf 88' lang='lat' dir='ltr'>ut</span> <span class='ocrx_word' id='word_1_223' title='bbox 276 1951 339 1989; x_wconf 84' lang='lat' dir='ltr'>ipsi</span> <span class='ocrx_word' id='word_1_224' title='bbox 358 1950 409 1980; x_wconf 73' lang='lat' dir='ltr'>vel</span> <span class='ocrx_word' id='word_1_225' title='bbox 425 1959 538 1979; x_wconf 88' lang='lat' dir='ltr'>eorum</span> <span class='ocrx_word' id='word_1_226' title='bbox 558 1950 653 1985; x_wconf 83' lang='lat' dir='ltr'>alter,</span> <span class='ocrx_word' id='word_1_227' title='bbox 674 1950 701 1979; x_wconf 90' lang='lat' dir='ltr'>si</span> <span class='ocrx_word' id='word_1_228' title='bbox 720 1950 829 1979; x_wconf 89' lang='lat' dir='ltr'>dictus</span> <span class='ocrx_word' id='word_1_229' title='bbox 846 1949 1120 1987; x_wconf 78' lang='lat' dir='ltr'>archiepiscopus</span> <span class='ocrx_word' id='word_1_230' title='bbox 1137 1958 1231 1979; x_wconf 88' lang='lat' dir='ltr'>man-</span> 
     </span>
     <span class='ocr_line' id='line_1_34' title="bbox 224 2002 1229 2041; baseline -0.002 -7"><span class='ocrx_word' id='word_1_231' title='bbox 224 2004 337 2034; x_wconf 85' lang='lat' dir='ltr'>datum</span> <span class='ocrx_word' id='word_1_232' title='bbox 367 2004 518 2033; x_wconf 81' lang='lat' dir='ltr'>nostrum</span> <span class='ocrx_word' id='word_1_233' title='bbox 548 2003 580 2032; x_wconf 89' lang='lat' dir='ltr'>in</span> <span class='ocrx_word' id='word_1_234' title='bbox 608 2002 665 2031; x_wconf 86' lang='lat' dir='ltr'>hac</span> <span class='ocrx_word' id='word_1_235' title='bbox 693 2003 786 2040; x_wconf 87' lang='lat' dir='ltr'>parte</span> <span class='ocrx_word' id='word_1_236' title='bbox 815 2002 998 2041; x_wconf 65' lang='lat' dir='ltr'>negligeret</span> <span class='ocrx_word' id='word_1_237' title='bbox 1030 2002 1229 2040; x_wconf 73' lang='lat' dir='ltr'>adimplere,</span> 
     </span>
     <span class='ocr_line' id='line_1_35' title="bbox 224 2055 1231 2096; baseline -0.002 -9"><span class='ocrx_word' id='word_1_238' title='bbox 224 2058 335 2096; x_wconf 90' lang='lat' dir='ltr'>ipsum</span> <span class='ocrx_word' id='word_1_239' title='bbox 364 2057 403 2086; x_wconf 84' lang='lat' dir='ltr'>ad</span> <span class='ocrx_word' id='word_1_240' title='bbox 423 2056 467 2092; x_wconf 91' lang='lat' dir='ltr'>id,</span> <span class='ocrx_word' id='word_1_241' title='bbox 486 2055 669 2085; x_wconf 87' lang='lat' dir='ltr'>monitione</span> <span class='ocrx_word' id='word_1_242' title='bbox 690 2055 867 2093; x_wconf 80' lang='lat' dir='ltr'>premissa,</span> <span class='ocrx_word' id='word_1_243' title='bbox 889 2055 1021 2084; x_wconf 85' lang='lat' dir='ltr'>sublato</span> <span class='ocrx_word' id='word_1_244' title='bbox 1050 2055 1231 2093; x_wconf 78' lang='lat' dir='ltr'>cujuslibet</span> 
     </span>
     <span class='ocr_line' id='line_1_36' title="bbox 225 2108 1231 2149; baseline -0.003 -9"><span class='ocrx_word' id='word_1_245' title='bbox 225 2109 462 2149; x_wconf 73' lang='lat' dir='ltr'>appellationis</span> <span class='ocrx_word' id='word_1_246' title='bbox 478 2108 662 2144; x_wconf 76' lang='lat' dir='ltr'>obstaculo,</span> <span class='ocrx_word' id='word_1_247' title='bbox 682 2108 881 2138; x_wconf 84' lang='lat' dir='ltr'>auctoritate</span> <span class='ocrx_word' id='word_1_248' title='bbox 899 2109 1012 2137; x_wconf 85' lang='lat' dir='ltr'>nostra</span> <span class='ocrx_word' id='word_1_249' title='bbox 1028 2108 1231 2147; x_wconf 86' lang='lat' dir='ltr'>compellere</span> 
     </span>
     <span class='ocr_line' id='line_1_37' title="bbox 223 2161 1229 2203; baseline -0.002 -10"><span class='ocrx_word' id='word_1_250' title='bbox 223 2164 453 2203; x_wconf 79' lang='lat' dir='ltr'>procurarent.</span> <span class='ocrx_word' id='word_1_251' title='bbox 475 2162 630 2192; x_wconf 85' lang='lat' dir='ltr'>Ceterum</span> <span class='ocrx_word' id='word_1_252' title='bbox 649 2161 899 2200; x_wconf 80' lang='lat' dir='ltr'>archiepiscopo</span> <span class='ocrx_word' id='word_1_253' title='bbox 923 2161 1156 2190; x_wconf 71' lang='lat' dir='ltr'>intimavimus</span> <span class='ocrx_word' id='word_1_254' title='bbox 1176 2170 1229 2191; x_wconf 89' lang='lat' dir='ltr'>su·</span> 
     </span>
     <span class='ocr_line' id='line_1_38' title="bbox 223 2214 1232 2255; baseline -0.003 -9"><span class='ocrx_word' id='word_1_255' title='bbox 223 2216 374 2255; x_wconf 85' lang='lat' dir='ltr'>pradicto</span> <span class='ocrx_word' id='word_1_256' title='bbox 395 2216 483 2254; x_wconf 84' lang='lat' dir='ltr'>quod</span> <span class='ocrx_word' id='word_1_257' title='bbox 501 2215 759 2254; x_wconf 81' lang='lat' dir='ltr'>procederemus</span> <span class='ocrx_word' id='word_1_258' title='bbox 783 2215 822 2244; x_wconf 87' lang='lat' dir='ltr'>ad</span> <span class='ocrx_word' id='word_1_259' title='bbox 846 2214 1092 2244; x_wconf 82' lang='lat' dir='ltr'>revocationem</span> <span class='ocrx_word' id='word_1_260' title='bbox 1110 2214 1232 2253; x_wconf 77' lang='lat' dir='ltr'>gratia-</span> 
     </span>
     <span class='ocr_line' id='line_1_39' title="bbox 224 2267 1231 2303; baseline -0.003 -3"><span class='ocrx_word' id='word_1_261' title='bbox 224 2278 297 2300; x_wconf 92' lang='lat' dir='ltr'>rum</span> <span class='ocrx_word' id='word_1_262' title='bbox 322 2269 386 2299; x_wconf 83' lang='lat' dir='ltr'>sibi</span> <span class='ocrx_word' id='word_1_263' title='bbox 415 2276 650 2299; x_wconf 83' lang='lat' dir='ltr'>concessarum</span> <span class='ocrx_word' id='word_1_264' title='bbox 680 2276 697 2297; x_wconf 90' lang='lat' dir='ltr'>a</span> <span class='ocrx_word' id='word_1_265' title='bbox 723 2267 831 2303; x_wconf 86' lang='lat' dir='ltr'>nobis,</span> <span class='ocrx_word' id='word_1_266' title='bbox 856 2267 883 2297; x_wconf 88' lang='lat' dir='ltr'>si</span> <span class='ocrx_word' id='word_1_267' title='bbox 913 2267 1081 2297; x_wconf 85' lang='lat' dir='ltr'>mandatis</span> <span class='ocrx_word' id='word_1_268' title='bbox 1106 2268 1231 2298; x_wconf 81' lang='lat' dir='ltr'>nostris</span> 
     </span>
     <span class='ocr_line' id='line_1_40' title="bbox 224 2320 1231 2361; baseline -0.002 -8"><span class='ocrx_word' id='word_1_269' title='bbox 224 2331 325 2361; x_wconf 89' lang='lat' dir='ltr'>super</span> <span class='ocrx_word' id='word_1_270' title='bbox 354 2322 414 2353; x_wconf 89' lang='lat' dir='ltr'>hoc</span> <span class='ocrx_word' id='word_1_271' title='bbox 435 2331 492 2361; x_wconf 88' lang='lat' dir='ltr'>per</span> <span class='ocrx_word' id='word_1_272' title='bbox 516 2321 626 2351; x_wconf 88' lang='lat' dir='ltr'>omnia</span> <span class='ocrx_word' id='word_1_273' title='bbox 651 2329 715 2350; x_wconf 88' lang='lat' dir='ltr'>non</span> <span class='ocrx_word' id='word_1_274' title='bbox 744 2322 888 2359; x_wconf 84' lang='lat' dir='ltr'>pareret.</span> <span class='ocrx_word' id='word_1_275' title='bbox 910 2321 947 2350; x_wconf 79' lang='lat' dir='ltr'>Et</span> <span class='ocrx_word' id='word_1_276' title='bbox 973 2320 1051 2350; x_wconf 88' lang='lat' dir='ltr'>licet</span> <span class='ocrx_word' id='word_1_277' title='bbox 1080 2320 1231 2359; x_wconf 81' lang='lat' dir='ltr'>prefatus</span> 
     </span>
     <span class='ocr_line' id='line_1_41' title="bbox 224 2373 1230 2415; baseline -0.005 -7"><span class='ocrx_word' id='word_1_278' title='bbox 224 2376 414 2415; x_wconf 86' lang='lat' dir='ltr'>episcopus,</span> <span class='ocrx_word' id='word_1_279' title='bbox 444 2376 541 2414; x_wconf 91' lang='lat' dir='ltr'>prout</span> <span class='ocrx_word' id='word_1_280' title='bbox 568 2384 609 2405; x_wconf 78' lang='lat' dir='ltr'>ex</span> <span class='ocrx_word' id='word_1_281' title='bbox 634 2374 795 2404; x_wconf 78' lang='lat' dir='ltr'>beneficio</span> <span class='ocrx_word' id='word_1_282' title='bbox 815 2373 1005 2404; x_wconf 86' lang='lat' dir='ltr'>litterarum</span> <span class='ocrx_word' id='word_1_283' title='bbox 1022 2374 1230 2404; x_wconf 86' lang='lat' dir='ltr'>directarum</span> 
     </span>
     <span class='ocr_line' id='line_1_42' title="bbox 224 2427 1230 2469; baseline -0.002 -9"><span class='ocrx_word' id='word_1_284' title='bbox 224 2430 264 2461; x_wconf 87' lang='lat' dir='ltr'>ad</span> <span class='ocrx_word' id='word_1_285' title='bbox 281 2430 390 2469; x_wconf 85' lang='lat' dir='ltr'>ipsum</span> <span class='ocrx_word' id='word_1_286' title='bbox 408 2431 438 2460; x_wconf 93' lang='lat' dir='ltr'>et</span> <span class='ocrx_word' id='word_1_287' title='bbox 455 2430 677 2459; x_wconf 88' lang='lat' dir='ltr'>memoratum</span> <span class='ocrx_word' id='word_1_288' title='bbox 694 2427 859 2463; x_wconf 85' lang='lat' dir='ltr'>abbatem,</span> <span class='ocrx_word' id='word_1_289' title='bbox 877 2428 1017 2466; x_wconf 85' lang='lat' dir='ltr'>poterat,</span> <span class='ocrx_word' id='word_1_290' title='bbox 1037 2427 1067 2457; x_wconf 90' lang='lat' dir='ltr'>in</span> <span class='ocrx_word' id='word_1_291' title='bbox 1085 2428 1230 2458; x_wconf 85' lang='lat' dir='ltr'>eundem</span> 
     </span>
     <span class='ocr_line' id='line_1_43' title="bbox 225 2480 1232 2521; baseline -0.003 -7"><span class='ocrx_word' id='word_1_292' title='bbox 225 2483 526 2521; x_wconf 81' lang='lat' dir='ltr'>archiepiscopum,</span> <span class='ocrx_word' id='word_1_293' title='bbox 545 2490 604 2520; x_wconf 91' lang='lat' dir='ltr'>pro</span> <span class='ocrx_word' id='word_1_294' title='bbox 625 2490 662 2511; x_wconf 93' lang='lat' dir='ltr'>eo</span> <span class='ocrx_word' id='word_1_295' title='bbox 680 2481 768 2520; x_wconf 87' lang='lat' dir='ltr'>quod</span> <span class='ocrx_word' id='word_1_296' title='bbox 787 2480 953 2510; x_wconf 86' lang='lat' dir='ltr'>mandatis</span> <span class='ocrx_word' id='word_1_297' title='bbox 977 2480 1103 2510; x_wconf 79' lang='lat' dir='ltr'>nostris</span> <span class='ocrx_word' id='word_1_298' title='bbox 1129 2490 1232 2520; x_wconf 89' lang='lat' dir='ltr'>super</span> 
     </span>
     <span class='ocr_line' id='line_1_44' title="bbox 223 2534 1231 2574; baseline -0.002 -8"><span class='ocrx_word' id='word_1_299' title='bbox 223 2535 283 2567; x_wconf 90' lang='lat' dir='ltr'>hoc</span> <span class='ocrx_word' id='word_1_300' title='bbox 309 2544 426 2574; x_wconf 86' lang='lat' dir='ltr'>parere</span> <span class='ocrx_word' id='word_1_301' title='bbox 448 2535 643 2574; x_wconf 80' lang='lat' dir='ltr'>neglexerit,</span> <span class='ocrx_word' id='word_1_302' title='bbox 661 2534 820 2564; x_wconf 86' lang='lat' dir='ltr'>canonica</span> <span class='ocrx_word' id='word_1_303' title='bbox 842 2534 1025 2564; x_wconf 91' lang='lat' dir='ltr'>monitione</span> <span class='ocrx_word' id='word_1_304' title='bbox 1045 2534 1231 2573; x_wconf 82' lang='lat' dir='ltr'>premissa,</span> 
     </span>
     <span class='ocr_line' id='line_1_45' title="bbox 225 2587 1231 2628; baseline -0.002 -8"><span class='ocrx_word' id='word_1_305' title='bbox 225 2589 460 2628; x_wconf 81' lang='lat' dir='ltr'>suspensionis</span> <span class='ocrx_word' id='word_1_306' title='bbox 477 2588 678 2618; x_wconf 84' lang='lat' dir='ltr'>sententiam</span> <span class='ocrx_word' id='word_1_307' title='bbox 696 2587 830 2618; x_wconf 86' lang='lat' dir='ltr'>duxerit</span> <span class='ocrx_word' id='word_1_308' title='bbox 844 2587 1138 2626; x_wconf 77' lang='lat' dir='ltr'>promulgandam,</span> <span class='ocrx_word' id='word_1_309' title='bbox 1159 2587 1231 2626; x_wconf 84' lang='lat' dir='ltr'>ipse</span> 
     </span>
     <span class='ocr_line' id='line_1_46' title="bbox 224 2640 1231 2680; baseline -0.002 -7"><span class='ocrx_word' id='word_1_310' title='bbox 224 2643 335 2674; x_wconf 87' lang='lat' dir='ltr'>tamen</span> <span class='ocrx_word' id='word_1_311' title='bbox 351 2641 634 2680; x_wconf 77' lang='lat' dir='ltr'>archiepiscopus,</span> <span class='ocrx_word' id='word_1_312' title='bbox 647 2641 840 2680; x_wconf 87' lang='lat' dir='ltr'>hujusmodi</span> <span class='ocrx_word' id='word_1_313' title='bbox 853 2640 1056 2671; x_wconf 86' lang='lat' dir='ltr'>sententiam</span> <span class='ocrx_word' id='word_1_314' title='bbox 1072 2640 1231 2680; x_wconf 86' lang='lat' dir='ltr'>dampna-</span> 
     </span>
     <span class='ocr_line' id='line_1_47' title="bbox 224 2694 1233 2734; baseline -0.004 -8"><span class='ocrx_word' id='word_1_315' title='bbox 224 2695 337 2726; x_wconf 88' lang='lat' dir='ltr'>biliter</span> <span class='ocrx_word' id='word_1_316' title='bbox 360 2695 583 2734; x_wconf 84' lang='lat' dir='ltr'>vilipendens,</span> <span class='ocrx_word' id='word_1_317' title='bbox 599 2694 766 2724; x_wconf 84' lang='lat' dir='ltr'>mandatis</span> <span class='ocrx_word' id='word_1_318' title='bbox 786 2694 912 2725; x_wconf 90' lang='lat' dir='ltr'>nostris</span> <span class='ocrx_word' id='word_1_319' title='bbox 928 2701 1044 2732; x_wconf 86' lang='lat' dir='ltr'>parere</span> <span class='ocrx_word' id='word_1_320' title='bbox 1062 2695 1233 2733; x_wconf 87' lang='lat' dir='ltr'>contemp-</span> 
     </span>
     <span class='ocr_line' id='line_1_48' title="bbox 226 2747 1229 2787; baseline -0.001 -8"><span class='ocrx_word' id='word_1_321' title='bbox 226 2750 285 2780; x_wconf 89' lang='lat' dir='ltr'>nit.</span> <span class='ocrx_word' id='word_1_322' title='bbox 305 2749 415 2784; x_wconf 85' lang='lat' dir='ltr'>Quare</span> <span class='ocrx_word' id='word_1_323' title='bbox 432 2748 582 2787; x_wconf 83' lang='lat' dir='ltr'>prefatus</span> <span class='ocrx_word' id='word_1_324' title='bbox 598 2748 636 2778; x_wconf 86' lang='lat' dir='ltr'>A.</span> <span class='ocrx_word' id='word_1_325' title='bbox 657 2747 754 2778; x_wconf 89' lang='lat' dir='ltr'>nobis</span> <span class='ocrx_word' id='word_1_326' title='bbox 777 2747 950 2777; x_wconf 87' lang='lat' dir='ltr'>humiliter</span> <span class='ocrx_word' id='word_1_327' title='bbox 972 2747 1177 2786; x_wconf 90' lang='lat' dir='ltr'>supplicavit</span> <span class='ocrx_word' id='word_1_328' title='bbox 1195 2749 1229 2778; x_wconf 87' lang='lat' dir='ltr'>ut</span> 
     </span>
     <span class='ocr_line' id='line_1_49' title="bbox 226 2800 1233 2841; baseline -0.002 -8"><span class='ocrx_word' id='word_1_329' title='bbox 226 2802 255 2833; x_wconf 91' lang='lat' dir='ltr'>ei</span> <span class='ocrx_word' id='word_1_330' title='bbox 276 2811 377 2841; x_wconf 83' lang='lat' dir='ltr'>super</span> <span class='ocrx_word' id='word_1_331' title='bbox 400 2801 459 2831; x_wconf 88' lang='lat' dir='ltr'>hoc</span> <span class='ocrx_word' id='word_1_332' title='bbox 487 2801 662 2839; x_wconf 83' lang='lat' dir='ltr'>providere</span> <span class='ocrx_word' id='word_1_333' title='bbox 679 2802 817 2840; x_wconf 88' lang='lat' dir='ltr'>paterna</span> <span class='ocrx_word' id='word_1_334' title='bbox 845 2800 1072 2831; x_wconf 86' lang='lat' dir='ltr'>sollicitudine</span> <span class='ocrx_word' id='word_1_335' title='bbox 1101 2809 1233 2831; x_wconf 86' lang='lat' dir='ltr'>curare-</span> 
     </span>
     <span class='ocr_line' id='line_1_50' title="bbox 226 2853 1231 2893; baseline -0.002 -7"><span class='ocrx_word' id='word_1_336' title='bbox 226 2864 312 2886; x_wconf 81' lang='lat' dir='ltr'>mus.</span> <span class='ocrx_word' id='word_1_337' title='bbox 338 2856 408 2885; x_wconf 83' lang='lat' dir='ltr'>Nos</span> <span class='ocrx_word' id='word_1_338' title='bbox 427 2855 550 2893; x_wconf 83' lang='lat' dir='ltr'>itaque,</span> <span class='ocrx_word' id='word_1_339' title='bbox 571 2854 720 2892; x_wconf 85' lang='lat' dir='ltr'>ejusdem</span> <span class='ocrx_word' id='word_1_340' title='bbox 746 2854 783 2883; x_wconf 73' lang='lat' dir='ltr'>A.</span> <span class='ocrx_word' id='word_1_341' title='bbox 805 2853 1111 2893; x_wconf 83' lang='lat' dir='ltr'>supplicatiouilms</span> <span class='ocrx_word' id='word_1_342' title='bbox 1138 2854 1231 2884; x_wconf 87' lang='lat' dir='ltr'>incli-</span> 
     </span>
     <span class='ocr_line' id='line_1_51' title="bbox 228 2906 1227 2946; baseline 0 -7"><span class='ocrx_word' id='word_1_343' title='bbox 228 2909 308 2943; x_wconf 87' lang='lat' dir='ltr'>nati‚</span> <span class='ocrx_word' id='word_1_344' title='bbox 336 2907 531 2938; x_wconf 86' lang='lat' dir='ltr'>discretioni</span> <span class='ocrx_word' id='word_1_345' title='bbox 561 2909 669 2938; x_wconf 85' lang='lat' dir='ltr'>vestre</span> <span class='ocrx_word' id='word_1_346' title='bbox 694 2907 892 2938; x_wconf 86' lang='lat' dir='ltr'>mandamus</span> <span class='ocrx_word' id='word_1_347' title='bbox 915 2906 1074 2946; x_wconf 84' lang='lat' dir='ltr'>quatinus</span> <span class='ocrx_word' id='word_1_348' title='bbox 1095 2916 1154 2938; x_wconf 84' lang='lat' dir='ltr'>vos</span> <span class='ocrx_word' id='word_1_349' title='bbox 1171 2909 1227 2939; x_wconf 86' lang='lat' dir='ltr'>aut</span> 
     </span>
    </p>
   </div>
   <div class='ocr_carea' id='block_1_3' title="bbox 1259 1109 1263 2298">
    <p class='ocr_par' dir='ltr' id='par_1_3' title="bbox 1259 1109 1263 2298">
     <span class='ocr_line' id='line_1_52' title="bbox 1259 1109 1263 2298; baseline 0 0"><span class='ocrx_word' id='word_1_350' title='bbox 1259 1109 1263 2298; x_wconf 95' lang='lat' dir='ltr'> </span> 
     </span>
    </p>
   </div>
   <div class='ocr_carea' id='block_1_4' title="bbox 966 212 1539 245">
    <p class='ocr_par' dir='ltr' id='par_1_4' title="bbox 966 212 1539 245">
     <span class='ocr_line' id='line_1_53' title="bbox 966 212 1539 245; baseline -0.007 0"><span class='ocrx_word' id='word_1_351' title='bbox 966 213 1211 245; x_wconf 76' lang='lat' dir='ltr'>REGISTRES</span> <span class='ocrx_word' id='word_1_352' title='bbox 1237 212 1452 244; x_wconf 85' lang='lat' dir='ltr'>D&#39;URBAIN</span> <span class='ocrx_word' id='word_1_353' title='bbox 1483 212 1539 242; x_wconf 91' lang='lat' dir='ltr'>IV.</span> 
     </span>
    </p>
   </div>
   <div class='ocr_carea' id='block_1_5' title="bbox 1285 298 2296 868">
    <p class='ocr_par' dir='ltr' id='par_1_5' title="bbox 1285 298 2296 868">
     <span class='ocr_line' id='line_1_54' title="bbox 1285 298 2294 338; baseline 0.001 -9"><span class='ocrx_word' id='word_1_354' title='bbox 1285 299 1350 329; x_wconf 89' lang='lat' dir='ltr'>duo</span> <span class='ocrx_word' id='word_1_355' title='bbox 1375 298 1427 329; x_wconf 90' lang='lat' dir='ltr'>vel</span> <span class='ocrx_word' id='word_1_356' title='bbox 1443 307 1531 329; x_wconf 90' lang='lat' dir='ltr'>unus</span> <span class='ocrx_word' id='word_1_357' title='bbox 1544 300 1705 335; x_wconf 85' lang='lat' dir='ltr'>vestrum,</span> <span class='ocrx_word' id='word_1_358' title='bbox 1719 307 1778 337; x_wconf 87' lang='lat' dir='ltr'>per</span> <span class='ocrx_word' id='word_1_359' title='bbox 1792 307 1852 329; x_wconf 84' lang='lat' dir='ltr'>vos</span> <span class='ocrx_word' id='word_1_360' title='bbox 1867 298 1921 329; x_wconf 84' lang='lat' dir='ltr'>vel</span> <span class='ocrx_word' id='word_1_361' title='bbox 1936 307 1995 338; x_wconf 90' lang='lat' dir='ltr'>per</span> <span class='ocrx_word' id='word_1_362' title='bbox 2011 299 2114 329; x_wconf 89' lang='lat' dir='ltr'>alium</span> <span class='ocrx_word' id='word_1_363' title='bbox 2131 307 2191 329; x_wconf 89' lang='lat' dir='ltr'>seu</span> <span class='ocrx_word' id='word_1_364' title='bbox 2206 299 2294 331; x_wconf 88' lang='lat' dir='ltr'>alios</span> 
     </span>
     <span class='ocr_line' id='line_1_55' title="bbox 1285 351 2295 391; baseline 0 -8"><span class='ocrx_word' id='word_1_365' title='bbox 1285 351 1474 391; x_wconf 86' lang='lat' dir='ltr'>sepefatum</span> <span class='ocrx_word' id='word_1_366' title='bbox 1503 351 1795 391; x_wconf 87' lang='lat' dir='ltr'>archiepiscopum</span> <span class='ocrx_word' id='word_1_367' title='bbox 1818 351 1984 382; x_wconf 85' lang='lat' dir='ltr'>moneatis</span> <span class='ocrx_word' id='word_1_368' title='bbox 2001 353 2033 382; x_wconf 87' lang='lat' dir='ltr'>et</span> <span class='ocrx_word' id='word_1_369' title='bbox 2049 351 2230 382; x_wconf 77' lang='lat' dir='ltr'>efficaciter</span> <span class='ocrx_word' id='word_1_370' title='bbox 2245 353 2295 383; x_wconf 90' lang='lat' dir='ltr'>in-</span> 
     </span>
     <span class='ocr_line' id='line_1_56' title="bbox 1285 405 2292 444; baseline 0.001 -9"><span class='ocrx_word' id='word_1_371' title='bbox 1285 405 1416 436; x_wconf 88' lang='lat' dir='ltr'>ducatis</span> <span class='ocrx_word' id='word_1_372' title='bbox 1446 406 1481 435; x_wconf 87' lang='lat' dir='ltr'>ut</span> <span class='ocrx_word' id='word_1_373' title='bbox 1507 405 1547 434; x_wconf 89' lang='lat' dir='ltr'>ad</span> <span class='ocrx_word' id='word_1_374' title='bbox 1571 405 1805 435; x_wconf 81' lang='lat' dir='ltr'>executionem</span> <span class='ocrx_word' id='word_1_375' title='bbox 1833 405 1981 435; x_wconf 87' lang='lat' dir='ltr'>mandati</span> <span class='ocrx_word' id='word_1_376' title='bbox 1999 405 2104 436; x_wconf 88' lang='lat' dir='ltr'>nostri</span> <span class='ocrx_word' id='word_1_377' title='bbox 2122 406 2292 444; x_wconf 87' lang='lat' dir='ltr'>procedat,</span> 
     </span>
     <span class='ocr_line' id='line_1_57' title="bbox 1286 457 2294 497; baseline 0 -9"><span class='ocrx_word' id='word_1_378' title='bbox 1286 459 1374 488; x_wconf 80' lang='lat' dir='ltr'>infra</span> <span class='ocrx_word' id='word_1_379' title='bbox 1400 458 1591 497; x_wconf 87' lang='lat' dir='ltr'>quindecim</span> <span class='ocrx_word' id='word_1_380' title='bbox 1617 458 1701 492; x_wconf 73' lang='lat' dir='ltr'>dies,</span> <span class='ocrx_word' id='word_1_381' title='bbox 1725 458 1823 497; x_wconf 83' lang='lat' dir='ltr'>juxta</span> <span class='ocrx_word' id='word_1_382' title='bbox 1848 458 2000 497; x_wconf 89' lang='lat' dir='ltr'>priorum</span> <span class='ocrx_word' id='word_1_383' title='bbox 2029 457 2233 488; x_wconf 79' lang='lat' dir='ltr'>directarum</span> <span class='ocrx_word' id='word_1_384' title='bbox 2251 458 2294 489; x_wconf 89' lang='lat' dir='ltr'>ad</span> 
     </span>
     <span class='ocr_line' id='line_1_58' title="bbox 1286 510 2294 551; baseline 0 -10"><span class='ocrx_word' id='word_1_385' title='bbox 1286 512 1398 551; x_wconf 88' lang='lat' dir='ltr'>ipsum</span> <span class='ocrx_word' id='word_1_386' title='bbox 1426 513 1618 542; x_wconf 84' lang='lat' dir='ltr'>nostrarum</span> <span class='ocrx_word' id='word_1_387' title='bbox 1648 511 1890 542; x_wconf 85' lang='lat' dir='ltr'>continentiam</span> <span class='ocrx_word' id='word_1_388' title='bbox 1916 511 2120 547; x_wconf 88' lang='lat' dir='ltr'>litterarum,</span> <span class='ocrx_word' id='word_1_389' title='bbox 2143 510 2294 551; x_wconf 86' lang='lat' dir='ltr'>alioquin</span> 
     </span>
     <span class='ocr_line' id='line_1_59' title="bbox 1285 563 2293 604; baseline 0 -10"><span class='ocrx_word' id='word_1_390' title='bbox 1285 565 1409 604; x_wconf 82' lang='lat' dir='ltr'>gratias</span> <span class='ocrx_word' id='word_1_391' title='bbox 1434 565 1628 604; x_wconf 86' lang='lat' dir='ltr'>hujusmodi</span> <span class='ocrx_word' id='word_1_392' title='bbox 1652 566 1684 595; x_wconf 89' lang='lat' dir='ltr'>et</span> <span class='ocrx_word' id='word_1_393' title='bbox 1708 564 1870 604; x_wconf 84' lang='lat' dir='ltr'>quicquid</span> <span class='ocrx_word' id='word_1_394' title='bbox 1895 573 1955 603; x_wconf 91' lang='lat' dir='ltr'>per</span> <span class='ocrx_word' id='word_1_395' title='bbox 1971 572 2028 594; x_wconf 88' lang='lat' dir='ltr'>eas</span> <span class='ocrx_word' id='word_1_396' title='bbox 2043 563 2166 594; x_wconf 86' lang='lat' dir='ltr'>factum</span> <span class='ocrx_word' id='word_1_397' title='bbox 2183 565 2247 601; x_wconf 89' lang='lat' dir='ltr'>est,</span> <span class='ocrx_word' id='word_1_398' title='bbox 2265 564 2293 594; x_wconf 85' lang='lat' dir='ltr'>si</span> 
     </span>
     <span class='ocr_line' id='line_1_60' title="bbox 1286 616 2292 656; baseline -0.002 -8"><span class='ocrx_word' id='word_1_399' title='bbox 1286 617 1425 648; x_wconf 88' lang='lat' dir='ltr'>monitis</span> <span class='ocrx_word' id='word_1_400' title='bbox 1448 618 1572 648; x_wconf 89' lang='lat' dir='ltr'>vestris</span> <span class='ocrx_word' id='word_1_401' title='bbox 1595 626 1661 648; x_wconf 88' lang='lat' dir='ltr'>non</span> <span class='ocrx_word' id='word_1_402' title='bbox 1676 618 1827 656; x_wconf 89' lang='lat' dir='ltr'>paruerit</span> <span class='ocrx_word' id='word_1_403' title='bbox 1844 617 1878 647; x_wconf 90' lang='lat' dir='ltr'>in</span> <span class='ocrx_word' id='word_1_404' title='bbox 1900 617 1960 647; x_wconf 88' lang='lat' dir='ltr'>hac</span> <span class='ocrx_word' id='word_1_405' title='bbox 1976 618 2082 656; x_wconf 84' lang='lat' dir='ltr'>parte,</span> <span class='ocrx_word' id='word_1_406' title='bbox 2099 625 2162 655; x_wconf 89' lang='lat' dir='ltr'>que</span> <span class='ocrx_word' id='word_1_407' title='bbox 2180 616 2292 647; x_wconf 85' lang='lat' dir='ltr'>omnia</span> 
     </span>
     <span class='ocr_line' id='line_1_61' title="bbox 1286 669 2292 708; baseline -0.003 -6"><span class='ocrx_word' id='word_1_408' title='bbox 1286 679 1473 708; x_wconf 84' lang='lat' dir='ltr'>cassamus,</span> <span class='ocrx_word' id='word_1_409' title='bbox 1501 680 1699 701; x_wconf 85' lang='lat' dir='ltr'>revocamus</span> <span class='ocrx_word' id='word_1_410' title='bbox 1729 672 1760 701; x_wconf 90' lang='lat' dir='ltr'>et</span> <span class='ocrx_word' id='word_1_411' title='bbox 1785 671 1967 701; x_wconf 84' lang='lat' dir='ltr'>statuimus</span> <span class='ocrx_word' id='word_1_412' title='bbox 1992 670 2121 700; x_wconf 88' lang='lat' dir='ltr'>nullius</span> <span class='ocrx_word' id='word_1_413' title='bbox 2144 669 2292 700; x_wconf 83' lang='lat' dir='ltr'>existere</span> 
     </span>
     <span class='ocr_line' id='line_1_62' title="bbox 1286 722 2290 760; baseline -0.002 -6"><span class='ocrx_word' id='word_1_414' title='bbox 1286 723 1469 760; x_wconf 89' lang='lat' dir='ltr'>firmitatis,</span> <span class='ocrx_word' id='word_1_415' title='bbox 1487 733 1594 758; x_wconf 86' lang='lat' dir='ltr'>cassa,</span> <span class='ocrx_word' id='word_1_416' title='bbox 1606 726 1758 755; x_wconf 87' lang='lat' dir='ltr'>revocata</span> <span class='ocrx_word' id='word_1_417' title='bbox 1772 725 1803 754; x_wconf 93' lang='lat' dir='ltr'>et</span> <span class='ocrx_word' id='word_1_418' title='bbox 1819 724 1910 754; x_wconf 93' lang='lat' dir='ltr'>omni</span> <span class='ocrx_word' id='word_1_419' title='bbox 1927 732 2040 754; x_wconf 88' lang='lat' dir='ltr'>carere</span> <span class='ocrx_word' id='word_1_420' title='bbox 2055 722 2174 754; x_wconf 85' lang='lat' dir='ltr'>robore</span> <span class='ocrx_word' id='word_1_421' title='bbox 2186 722 2290 753; x_wconf 89' lang='lat' dir='ltr'>firmi-</span> 
     </span>
     <span class='ocr_line' id='line_1_63' title="bbox 1286 776 2296 816; baseline -0.002 -8"><span class='ocrx_word' id='word_1_422' title='bbox 1286 777 1366 808; x_wconf 81' lang='lat' dir='ltr'>tatis</span> <span class='ocrx_word' id='word_1_423' title='bbox 1401 777 1600 808; x_wconf 88' lang='lat' dir='ltr'>denuntiare</span> <span class='ocrx_word' id='word_1_424' title='bbox 1635 777 1771 808; x_wconf 89' lang='lat' dir='ltr'>curetis.</span> <span class='ocrx_word' id='word_1_425' title='bbox 1804 777 1927 807; x_wconf 87' lang='lat' dir='ltr'>Datum</span> <span class='ocrx_word' id='word_1_426' title='bbox 1959 777 2046 816; x_wconf 83' lang='lat' dir='ltr'>apud</span> <span class='ocrx_word' id='word_1_427' title='bbox 2079 776 2296 807; x_wconf 77' lang='lat' dir='ltr'>Urbemvete-</span> 
     </span>
     <span class='ocr_line' id='line_1_64' title="bbox 1286 830 2059 868; baseline -0.003 -7"><span class='ocrx_word' id='word_1_428' title='bbox 1286 840 1370 868; x_wconf 89' lang='lat' dir='ltr'>rem,</span> <span class='ocrx_word' id='word_1_429' title='bbox 1391 840 1422 860; x_wconf 82' lang='lat' dir='ltr'>vi</span> <span class='ocrx_word' id='word_1_430' title='bbox 1438 831 1601 861; x_wconf 84' lang='lat' dir='ltr'>kalendas</span> <span class='ocrx_word' id='word_1_431' title='bbox 1620 830 1795 867; x_wconf 88' lang='lat' dir='ltr'>februarii,</span> <span class='ocrx_word' id='word_1_432' title='bbox 1813 839 1899 861; x_wconf 87' lang='lat' dir='ltr'>anno</span> <span class='ocrx_word' id='word_1_433' title='bbox 1915 830 2027 861; x_wconf 84' lang='lat' dir='ltr'>tertio.</span> <span class='ocrx_word' id='word_1_434' title='bbox 2045 839 2059 859; x_wconf 88' lang='grc'>))</span> 
     </span>
    </p>
   </div>
   <div class='ocr_carea' id='block_1_6' title="bbox 1378 1024 1474 1055">
    <p class='ocr_par' dir='ltr' id='par_1_6' title="bbox 1378 1024 1474 1055">
     <span class='ocr_line' id='line_1_65' title="bbox 1378 1024 1474 1055; baseline 0 0"><span class='ocrx_word' id='word_1_435' title='bbox 1378 1024 1474 1055; x_wconf 71' lang='lat'>1249</span> 
     </span>
    </p>
   </div>
   <div class='ocr_carea' id='block_1_7' title="bbox 1831 1019 2224 1056">
    <p class='ocr_par' dir='ltr' id='par_1_7' title="bbox 1831 1019 2224 1056">
     <span class='ocr_line' id='line_1_66' title="bbox 1831 1019 2224 1056; baseline -0.005 -8"><span class='ocrx_word' id='word_1_436' title='bbox 1831 1021 1954 1054; x_wconf 85' lang='lat' dir='ltr'>Orvieto,</span> <span class='ocrx_word' id='word_1_437' title='bbox 1972 1022 2007 1048; x_wconf 81' lang='lat'>25</span> <span class='ocrx_word' id='word_1_438' title='bbox 2019 1020 2133 1056; x_wconf 80' lang='lat' dir='ltr'>janvier</span> <span class='ocrx_word' id='word_1_439' title='bbox 2146 1019 2224 1047; x_wconf 73' lang='lat'>1264.</span> 
     </span>
    </p>
   </div>
   <div class='ocr_carea' id='block_1_8' title="bbox 1285 1102 2296 1290">
    <p class='ocr_par' dir='ltr' id='par_1_8' title="bbox 1285 1102 2296 1290">
     <span class='ocr_line' id='line_1_67' title="bbox 1323 1102 2296 1142; baseline -0.004 -8"><span class='ocrx_word' id='word_1_440' title='bbox 1323 1107 1461 1142; x_wconf 78' lang='lat' dir='ltr'>Episcopo</span> <span class='ocrx_word' id='word_1_441' title='bbox 1489 1106 1633 1133; x_wconf 59' lang='lat' dir='ltr'>,tuiciensi</span> <span class='ocrx_word' id='word_1_442' title='bbox 1658 1105 1788 1132; x_wconf 88' lang='lat' dir='ltr'>concedit</span> <span class='ocrx_word' id='word_1_443' title='bbox 1814 1105 1980 1132; x_wconf 80' lang='lat' dir='ltr'>facultatem</span> <span class='ocrx_word' id='word_1_444' title='bbox 2002 1104 2124 1131; x_wconf 76' lang='lat' dir='ltr'>faciendi</span> <span class='ocrx_word' id='word_1_445' title='bbox 2152 1102 2241 1138; x_wconf 87' lang='lat' dir='ltr'>recipi</span> <span class='ocrx_word' id='word_1_446' title='bbox 2266 1102 2296 1130; x_wconf 88' lang='lat' dir='ltr'>in</span> 
     </span>
     <span class='ocr_line' id='line_1_68' title="bbox 1286 1152 2296 1191; baseline -0.004 -8"><span class='ocrx_word' id='word_1_447' title='bbox 1286 1155 1408 1191; x_wconf 80' lang='lat' dir='ltr'>siugulis</span> <span class='ocrx_word' id='word_1_448' title='bbox 1431 1156 1560 1183; x_wconf 84' lang='lat' dir='ltr'>ecclesiis</span> <span class='ocrx_word' id='word_1_449' title='bbox 1580 1155 1741 1190; x_wconf 83' lang='lat' dir='ltr'>collegiatis</span> <span class='ocrx_word' id='word_1_450' title='bbox 1757 1154 1881 1182; x_wconf 83' lang='lat' dir='ltr'>civitatis</span> <span class='ocrx_word' id='word_1_451' title='bbox 1907 1153 2068 1181; x_wconf 68' lang='lat' dir='ltr'>Aniciensis</span> <span class='ocrx_word' id='word_1_452' title='bbox 2089 1152 2253 1180; x_wconf 85' lang='lat' dir='ltr'>cathedrali</span> <span class='ocrx_word' id='word_1_453' title='bbox 2267 1153 2296 1179; x_wconf 82' lang='lat' dir='ltr'>et</span> 
     </span>
     <span class='ocr_line' id='line_1_69' title="bbox 1285 1200 2295 1240; baseline -0.004 -8"><span class='ocrx_word' id='word_1_454' title='bbox 1285 1205 1349 1232; x_wconf 76' lang='lat' dir='ltr'>aliis</span> <span class='ocrx_word' id='word_1_455' title='bbox 1369 1205 1496 1240; x_wconf 82' lang='lat' dir='ltr'>singulos</span> <span class='ocrx_word' id='word_1_456' title='bbox 1520 1205 1640 1232; x_wconf 88' lang='lat' dir='ltr'>clericos</span> <span class='ocrx_word' id='word_1_457' title='bbox 1657 1203 1773 1231; x_wconf 87' lang='lat' dir='ltr'>idoneos</span> <span class='ocrx_word' id='word_1_458' title='bbox 1792 1204 1821 1231; x_wconf 92' lang='lat' dir='ltr'>in</span> <span class='ocrx_word' id='word_1_459' title='bbox 1842 1203 1994 1231; x_wconf 84' lang='lat' dir='ltr'>canonicos</span> <span class='ocrx_word' id='word_1_460' title='bbox 2014 1211 2045 1230; x_wconf 80' lang='lat' dir='ltr'>ac</span> <span class='ocrx_word' id='word_1_461' title='bbox 2069 1201 2236 1237; x_wconf 85' lang='lat' dir='ltr'>providendi</span> <span class='ocrx_word' id='word_1_462' title='bbox 2253 1200 2295 1228; x_wconf 84' lang='lat' dir='ltr'>eis</span> 
     </span>
     <span class='ocr_line' id='line_1_70' title="bbox 1286 1252 2004 1290; baseline -0.001 -10"><span class='ocrx_word' id='word_1_463' title='bbox 1286 1255 1319 1280; x_wconf 89' lang='lat' dir='ltr'>de</span> <span class='ocrx_word' id='word_1_464' title='bbox 1338 1254 1509 1289; x_wconf 67' lang='lat' dir='ltr'>prmhendis.</span> <span class='ocrx_word' id='word_1_465' title='bbox 1528 1255 1608 1290; x_wconf 61' lang='lat' dir='ltr'>(lieo.</span> <span class='ocrx_word' id='word_1_466' title='bbox 1625 1255 1669 1285; x_wconf 69' lang='lat'>⁶29,</span> <span class='ocrx_word' id='word_1_467' title='bbox 1688 1253 1735 1280; x_wconf 82' lang='lat' dir='ltr'>fol.</span> <span class='ocrx_word' id='word_1_468' title='bbox 1757 1253 1803 1281; x_wconf 78' lang='lat' dir='ltr'>lot</span> <span class='ocrx_word' id='word_1_469' title='bbox 1823 1257 1862 1284; x_wconf 65' lang='grc' dir='ltr'>νο,</span> <span class='ocrx_word' id='word_1_470' title='bbox 1883 1257 1913 1279; x_wconf 84' lang='lat' dir='ltr'>n⁰</span> <span class='ocrx_word' id='word_1_471' title='bbox 1929 1252 2004 1282; x_wconf 76' lang='lat'>298.)</span> 
     </span>
    </p>
   </div>
   <div class='ocr_carea' id='block_1_9' title="bbox 1288 1361 2298 1503">
    <p class='ocr_par' dir='ltr' id='par_1_9' title="bbox 1288 1361 2298 1503">
     <span class='ocr_line' id='line_1_71' title="bbox 1328 1361 2298 1405; baseline -0.003 -11"><span class='ocrx_word' id='word_1_472' title='bbox 1328 1365 1517 1405; x_wconf 79' lang='lat' dir='ltr'>«Episcopo</span> <span class='ocrx_word' id='word_1_473' title='bbox 1539 1363 1707 1394; x_wconf 75' lang='lat' dir='ltr'>Aniciensz&#39;.</span> <span class='ocrx_word' id='word_1_474' title='bbox 1739 1364 1846 1394; x_wconf 89' lang='lat' dir='ltr'>Tuam</span> <span class='ocrx_word' id='word_1_475' title='bbox 1873 1362 2026 1393; x_wconf 85' lang='lat' dir='ltr'>volentes</span> <span class='ocrx_word' id='word_1_476' title='bbox 2054 1361 2219 1391; x_wconf 89' lang='lat' dir='ltr'>honorare</span> <span class='ocrx_word' id='word_1_477' title='bbox 2244 1378 2298 1392; x_wconf 91' lang='lat'>—.</span> 
     </span>
     <span class='ocr_line' id='line_1_72' title="bbox 1288 1413 2298 1457; baseline -0.005 -8"><span class='ocrx_word' id='word_1_478' title='bbox 1288 1419 1411 1449; x_wconf 90' lang='lat' dir='ltr'>Datum</span> <span class='ocrx_word' id='word_1_479' title='bbox 1435 1418 1523 1457; x_wconf 88' lang='lat' dir='ltr'>apud</span> <span class='ocrx_word' id='word_1_480' title='bbox 1551 1417 1840 1452; x_wconf 86' lang='lat' dir='ltr'>Urbemveterem,</span> <span class='ocrx_word' id='word_1_481' title='bbox 1861 1426 1919 1445; x_wconf 83' lang='lat' dir='ltr'>vui</span> <span class='ocrx_word' id='word_1_482' title='bbox 1938 1415 2101 1445; x_wconf 86' lang='lat' dir='ltr'>kalendas</span> <span class='ocrx_word' id='word_1_483' title='bbox 2120 1413 2298 1451; x_wconf 86' lang='lat' dir='ltr'>februarii,</span> 
     </span>
     <span class='ocr_line' id='line_1_73' title="bbox 1288 1472 1541 1503; baseline -0.008 -1"><span class='ocrx_word' id='word_1_484' title='bbox 1288 1481 1374 1503; x_wconf 88' lang='lat' dir='ltr'>anno</span> <span class='ocrx_word' id='word_1_485' title='bbox 1391 1472 1502 1502; x_wconf 91' lang='lat' dir='ltr'>tertio.</span> <span class='ocrx_word' id='word_1_486' title='bbox 1525 1480 1541 1500; x_wconf 88' lang='grc'>))</span> 
     </span>
    </p>
   </div>
   <div class='ocr_carea' id='block_1_10' title="bbox 1380 1657 2226 1693">
    <p class='ocr_par' dir='ltr' id='par_1_10' title="bbox 1380 1657 2226 1693">
     <span class='ocr_line' id='line_1_74' title="bbox 1380 1657 2226 1693; baseline -0.011 -1"><span class='ocrx_word' id='word_1_487' title='bbox 1380 1662 1476 1692; x_wconf 80' lang='lat'><strong>1250</strong></span> <span class='ocrx_word' id='word_1_488' title='bbox 1829 1657 1952 1687; x_wconf 83' lang='lat' dir='ltr'>Orvieto,</span> <span class='ocrx_word' id='word_1_489' title='bbox 1967 1658 2001 1685; x_wconf 73' lang='lat'>23</span> <span class='ocrx_word' id='word_1_490' title='bbox 2013 1657 2126 1693; x_wconf 79' lang='lat' dir='ltr'>janvier</span> <span class='ocrx_word' id='word_1_491' title='bbox 2147 1657 2226 1684; x_wconf 66' lang='lat'>1264.</span> 
     </span>
    </p>
   </div>
   <div class='ocr_carea' id='block_1_11' title="bbox 1287 1741 2300 2073">
    <p class='ocr_par' dir='ltr' id='par_1_11' title="bbox 1287 1741 2300 2073">
     <span class='ocr_line' id='line_1_75' title="bbox 1323 1741 2297 1780; baseline -0.004 -7"><span class='ocrx_word' id='word_1_492' title='bbox 1323 1745 1544 1780; x_wconf 74' lang='lat' dir='ltr'>Archiepiscopo</span> <span class='ocrx_word' id='word_1_493' title='bbox 1581 1744 1813 1779; x_wconf 79' lang='lat' dir='ltr'>Compostcllano</span> <span class='ocrx_word' id='word_1_494' title='bbox 1848 1744 1964 1770; x_wconf 82' lang='lat' dir='ltr'>mandat</span> <span class='ocrx_word' id='word_1_495' title='bbox 1995 1745 2136 1778; x_wconf 82' lang='lat' dir='ltr'>quatenus</span> <span class='ocrx_word' id='word_1_496' title='bbox 2166 1741 2297 1777; x_wconf 72' lang='lat' dir='ltr'>Aprilem</span> 
     </span>
     <span class='ocr_line' id='line_1_76' title="bbox 1288 1791 2296 1829; baseline -0.003 -8"><span class='ocrx_word' id='word_1_497' title='bbox 1288 1795 1441 1822; x_wconf 74' lang='lat' dir='ltr'>Fermmdi.</span> <span class='ocrx_word' id='word_1_498' title='bbox 1452 1794 1659 1829; x_wconf 82' lang='lat' dir='ltr'>portionarium</span> <span class='ocrx_word' id='word_1_499' title='bbox 1677 1793 1804 1820; x_wconf 84' lang='lat' dir='ltr'>ecclesiae</span> <span class='ocrx_word' id='word_1_500' title='bbox 1819 1792 2070 1828; x_wconf 77' lang='lat' dir='ltr'>Compostcllanae,</span> <span class='ocrx_word' id='word_1_501' title='bbox 2087 1799 2203 1827; x_wconf 84' lang='lat' dir='ltr'>proquo</span> <span class='ocrx_word' id='word_1_502' title='bbox 2218 1791 2296 1819; x_wconf 82' lang='lat' dir='ltr'>idem</span> 
     </span>
     <span class='ocr_line' id='line_1_77' title="bbox 1287 1840 2298 1878; baseline -0.003 -8"><span class='ocrx_word' id='word_1_503' title='bbox 1287 1844 1517 1878; x_wconf 69' lang='lat' dir='ltr'>archiepiscopus</span> <span class='ocrx_word' id='word_1_504' title='bbox 1540 1846 1565 1870; x_wconf 84' lang='lat' dir='ltr'>ct</span> <span class='ocrx_word' id='word_1_505' title='bbox 1587 1843 1730 1870; x_wconf 82' lang='lat' dir='ltr'>Johanues</span> <span class='ocrx_word' id='word_1_506' title='bbox 1748 1842 1872 1873; x_wconf 77' lang='lat' dir='ltr'>Martini,</span> <span class='ocrx_word' id='word_1_507' title='bbox 1894 1840 2047 1869; x_wconf 78' lang='lat' dir='ltr'>canonicus</span> <span class='ocrx_word' id='word_1_508' title='bbox 2072 1844 2099 1868; x_wconf 86' lang='lat' dir='ltr'>et</span> <span class='ocrx_word' id='word_1_509' title='bbox 2127 1843 2298 1875; x_wconf 76' lang='lat' dir='ltr'>procurator</span> 
     </span>
     <span class='ocr_line' id='line_1_78' title="bbox 1287 1889 2299 1928; baseline -0.004 -8"><span class='ocrx_word' id='word_1_510' title='bbox 1287 1894 1403 1928; x_wconf 84' lang='lat' dir='ltr'>capituli</span> <span class='ocrx_word' id='word_1_511' title='bbox 1420 1893 1547 1928; x_wconf 71' lang='lat' dir='ltr'>ejusdem</span> <span class='ocrx_word' id='word_1_512' title='bbox 1562 1893 1703 1923; x_wconf 70' lang='lat' dir='ltr'>ccclesizr,</span> <span class='ocrx_word' id='word_1_513' title='bbox 1722 1892 1956 1921; x_wconf 81' lang='lat' dir='ltr'>intercesserunt,</span> <span class='ocrx_word' id='word_1_514' title='bbox 1973 1891 1999 1918; x_wconf 89' lang='lat' dir='ltr'>iu</span> <span class='ocrx_word' id='word_1_515' title='bbox 2015 1890 2188 1917; x_wconf 86' lang='lat' dir='ltr'>canonicum</span> <span class='ocrx_word' id='word_1_516' title='bbox 2205 1889 2234 1916; x_wconf 87' lang='lat' dir='ltr'>in</span> <span class='ocrx_word' id='word_1_517' title='bbox 2251 1898 2299 1917; x_wconf 79' lang='lat' dir='ltr'>ea·</span> 
     </span>
     <span class='ocr_line' id='line_1_79' title="bbox 1288 1938 2300 1975; baseline -0.005 -5"><span class='ocrx_word' id='word_1_518' title='bbox 1288 1944 1353 1970; x_wconf 89' lang='lat' dir='ltr'>dem</span> <span class='ocrx_word' id='word_1_519' title='bbox 1380 1942 1499 1969; x_wconf 80' lang='lat' dir='ltr'>ecclesia</span> <span class='ocrx_word' id='word_1_520' title='bbox 1528 1941 1615 1975; x_wconf 83' lang='lat' dir='ltr'>recipi</span> <span class='ocrx_word' id='word_1_521' title='bbox 1641 1941 1723 1968; x_wconf 78' lang='lat' dir='ltr'>saciat</span> <span class='ocrx_word' id='word_1_522' title='bbox 1753 1941 1833 1974; x_wconf 84' lang='lat' dir='ltr'>eique</span> <span class='ocrx_word' id='word_1_523' title='bbox 1849 1941 1883 1967; x_wconf 82' lang='lat' dir='ltr'>de</span> <span class='ocrx_word' id='word_1_524' title='bbox 1909 1940 2060 1974; x_wconf 68' lang='lat' dir='ltr'>prmbenda</span> <span class='ocrx_word' id='word_1_525' title='bbox 2080 1939 2237 1974; x_wconf 75' lang='lat' dir='ltr'>provideat,</span> <span class='ocrx_word' id='word_1_526' title='bbox 2254 1938 2300 1966; x_wconf 83' lang='lat' dir='ltr'>ita</span> 
     </span>
     <span class='ocr_line' id='line_1_80' title="bbox 1288 1988 2299 2025; baseline -0.004 -7"><span class='ocrx_word' id='word_1_527' title='bbox 1288 1994 1385 2019; x_wconf 87' lang='lat' dir='ltr'>tamen</span> <span class='ocrx_word' id='word_1_528' title='bbox 1402 1992 1475 2025; x_wconf 82' lang='lat' dir='ltr'>quod</span> <span class='ocrx_word' id='word_1_529' title='bbox 1493 1990 1654 2025; x_wconf 83' lang='lat' dir='ltr'>portionem</span> <span class='ocrx_word' id='word_1_530' title='bbox 1671 1998 1752 2016; x_wconf 88' lang='lat' dir='ltr'>suam</span> <span class='ocrx_word' id='word_1_531' title='bbox 1778 1989 1854 2016; x_wconf 76' lang='lat' dir='ltr'>idem</span> <span class='ocrx_word' id='word_1_532' title='bbox 1868 1988 1972 2023; x_wconf 64' lang='lat' dir='ltr'>Aprilis</span> <span class='ocrx_word' id='word_1_533' title='bbox 1992 1988 2131 2015; x_wconf 80' lang='lat' dir='ltr'>dimittat.</span> <span class='ocrx_word' id='word_1_534' title='bbox 2150 1988 2230 2021; x_wconf 68' lang='lat' dir='ltr'>(Rae.</span> <span class='ocrx_word' id='word_1_535' title='bbox 2247 1988 2299 2018; x_wconf 77' lang='lat'>29,</span> 
     </span>
     <span class='ocr_line' id='line_1_81' title="bbox 1289 2040 1595 2073; baseline -0.003 -6"><span class='ocrx_word' id='word_1_536' title='bbox 1289 2040 1337 2068; x_wconf 81' lang='lat' dir='ltr'>fol.</span> <span class='ocrx_word' id='word_1_537' title='bbox 1356 2041 1403 2067; x_wconf 82' lang='grc'>101</span> <span class='ocrx_word' id='word_1_538' title='bbox 1419 2045 1454 2073; x_wconf 68' lang='lat' dir='ltr'>v’,</span> <span class='ocrx_word' id='word_1_539' title='bbox 1472 2045 1502 2065; x_wconf 90' lang='lat' dir='ltr'>u⁰</span> <span class='ocrx_word' id='word_1_540' title='bbox 1517 2040 1595 2066; x_wconf 71' lang='lat'>299.)</span> 
     </span>
    </p>
   </div>
   <div class='ocr_carea' id='block_1_12' title="bbox 1288 2147 2301 2295">
    <p class='ocr_par' dir='ltr' id='par_1_12' title="bbox 1288 2147 2301 2295">
     <span class='ocr_line' id='line_1_82' title="bbox 1328 2147 2301 2191; baseline -0.005 -8"><span class='ocrx_word' id='word_1_541' title='bbox 1328 2162 1345 2183; x_wconf 91' lang='grc'>((</span> <span class='ocrx_word' id='word_1_542' title='bbox 1365 2151 1604 2191; x_wconf 68' lang='lat' dir='ltr'>Arclu&#39;cpiscopo</span> <span class='ocrx_word' id='word_1_543' title='bbox 1630 2149 1882 2190; x_wconf 74' lang='lat' dir='ltr'>Compostellurio.</span> <span class='ocrx_word' id='word_1_544' title='bbox 1919 2148 2080 2179; x_wconf 75' lang='lat' dir='ltr'>volentes</span> <span class='ocrx_word' id='word_1_545' title='bbox 2113 2148 2234 2179; x_wconf 75' lang='lat' dir='ltr'>dilecto</span> <span class='ocrx_word' id='word_1_546' title='bbox 2262 2147 2301 2178; x_wconf 87' lang='lat' dir='ltr'>sl-</span> 
     </span>
     <span class='ocr_line' id='line_1_83' title="bbox 1288 2201 2296 2244; baseline -0.006 -7"><span class='ocrx_word' id='word_1_547' title='bbox 1288 2206 1334 2237; x_wconf 91' lang='lat' dir='ltr'>lio</span> <span class='ocrx_word' id='word_1_548' title='bbox 1346 2224 1394 2236; x_wconf 90' lang='lat'>—.</span> <span class='ocrx_word' id='word_1_549' title='bbox 1406 2206 1528 2236; x_wconf 87' lang='lat' dir='ltr'>Datum</span> <span class='ocrx_word' id='word_1_550' title='bbox 1540 2204 1629 2244; x_wconf 85' lang='lat' dir='ltr'>apud</span> <span class='ocrx_word' id='word_1_551' title='bbox 1645 2203 1932 2237; x_wconf 80' lang='lat' dir='ltr'>L&#39;rbemveterem,</span> <span class='ocrx_word' id='word_1_552' title='bbox 1946 2211 1967 2232; x_wconf 76' lang='lat' dir='ltr'>x</span> <span class='ocrx_word' id='word_1_553' title='bbox 1986 2201 2147 2232; x_wconf 84' lang='lat' dir='ltr'>kalendas</span> <span class='ocrx_word' id='word_1_554' title='bbox 2165 2201 2296 2232; x_wconf 82' lang='lat' dir='ltr'>februa-</span> 
     </span>
     <span class='ocr_line' id='line_1_84' title="bbox 1288 2259 1612 2295; baseline -0.009 -6"><span class='ocrx_word' id='word_1_555' title='bbox 1288 2259 1342 2295; x_wconf 89' lang='lat' dir='ltr'>rii,</span> <span class='ocrx_word' id='word_1_556' title='bbox 1361 2267 1447 2289; x_wconf 90' lang='lat' dir='ltr'>anno</span> <span class='ocrx_word' id='word_1_557' title='bbox 1466 2259 1576 2289; x_wconf 86' lang='lat' dir='ltr'>tertio.</span> <span class='ocrx_word' id='word_1_558' title='bbox 1598 2268 1612 2286; x_wconf 73' lang='lat' dir='ltr'>i)</span> 
     </span>
    </p>
   </div>
   <div class='ocr_carea' id='block_1_13' title="bbox 1382 2444 2226 2481">
    <p class='ocr_par' dir='ltr' id='par_1_13' title="bbox 1382 2444 2226 2481">
     <span class='ocr_line' id='line_1_85' title="bbox 1382 2444 2226 2481; baseline 0.002 -12"><span class='ocrx_word' id='word_1_559' title='bbox 1382 2451 1472 2481; x_wconf 64' lang='lat'>,125¹</span> <span class='ocrx_word' id='word_1_560' title='bbox 1832 2445 1956 2479; x_wconf 84' lang='lat' dir='ltr'>Orvieto,</span> <span class='ocrx_word' id='word_1_561' title='bbox 1973 2445 2006 2472; x_wconf 75' lang='lat'>27</span> <span class='ocrx_word' id='word_1_562' title='bbox 2018 2444 2132 2481; x_wconf 78' lang='lat' dir='ltr'>jam-ier</span> <span class='ocrx_word' id='word_1_563' title='bbox 2149 2446 2226 2473; x_wconf 62' lang='lat'>1265.</span> 
     </span>
    </p>
   </div>
   <div class='ocr_carea' id='block_1_14' title="bbox 1287 2529 2298 2619">
    <p class='ocr_par' dir='ltr' id='par_1_14' title="bbox 1287 2529 2298 2619">
     <span class='ocr_line' id='line_1_86' title="bbox 1324 2529 2298 2569; baseline -0.005 -8"><span class='ocrx_word' id='word_1_564' title='bbox 1324 2533 1502 2569; x_wconf 69' lang='lat' dir='ltr'>Dispensatio</span> <span class='ocrx_word' id='word_1_565' title='bbox 1527 2533 1560 2560; x_wconf 80' lang='lat' dir='ltr'>de</span> <span class='ocrx_word' id='word_1_566' title='bbox 1581 2540 1636 2559; x_wconf 88' lang='lat' dir='ltr'>nou</span> <span class='ocrx_word' id='word_1_567' title='bbox 1664 2531 1814 2558; x_wconf 76' lang='lat' dir='ltr'>visitandis</span> <span class='ocrx_word' id='word_1_568' title='bbox 1840 2531 1876 2558; x_wconf 82' lang='lat' dir='ltr'>ad</span> <span class='ocrx_word' id='word_1_569' title='bbox 1900 2530 2132 2565; x_wconf 83' lang='lat' dir='ltr'>quinquennium</span> <span class='ocrx_word' id='word_1_570' title='bbox 2149 2529 2298 2557; x_wconf 88' lang='lat' dir='ltr'>liminibus</span> 
     </span>
     <span class='ocr_line' id='line_1_87' title="bbox 1287 2579 1974 2619; baseline -0.009 -7"><span class='ocrx_word' id='word_1_571' title='bbox 1287 2584 1496 2619; x_wconf 77' lang='lat' dir='ltr'>apostolorum.</span> <span class='ocrx_word' id='word_1_572' title='bbox 1512 2583 1588 2618; x_wconf 64' lang='lat' dir='ltr'>(lise.</span> <span class='ocrx_word' id='word_1_573' title='bbox 1604 2583 1648 2611; x_wconf 74' lang='lat'>29,</span> <span class='ocrx_word' id='word_1_574' title='bbox 1667 2581 1714 2608; x_wconf 83' lang='lat' dir='ltr'>roi.</span> <span class='ocrx_word' id='word_1_575' title='bbox 1733 2581 1780 2608; x_wconf 89' lang='lat' dir='ltr'>lOl</span> <span class='ocrx_word' id='word_1_576' title='bbox 1797 2587 1836 2612; x_wconf 63' lang='grc' dir='ltr'>το,</span> <span class='ocrx_word' id='word_1_577' title='bbox 1855 2585 1885 2607; x_wconf 79' lang='lat' dir='ltr'>n⁹</span> <span class='ocrx_word' id='word_1_578' title='bbox 1898 2579 1974 2614; x_wconf 82' lang='lat'>300.)</span> 
     </span>
    </p>
   </div>
   <div class='ocr_carea' id='block_1_15' title="bbox 1287 2689 2304 2947">
    <p class='ocr_par' dir='ltr' id='par_1_15' title="bbox 1287 2689 2304 2947">
     <span class='ocr_line' id='line_1_88' title="bbox 1328 2689 2296 2730; baseline -0.005 -6"><span class='ocrx_word' id='word_1_579' title='bbox 1328 2704 1343 2724; x_wconf 75' lang='grc' dir='ltr'>(ι</span> <span class='ocrx_word' id='word_1_580' title='bbox 1358 2693 1503 2730; x_wconf 77' lang='lat' dir='ltr'>Henrico,</span> <span class='ocrx_word' id='word_1_581' title='bbox 1521 2693 1626 2722; x_wconf 75' lang='lat' dir='ltr'>abbati</span> <span class='ocrx_word' id='word_1_582' title='bbox 1642 2693 1817 2723; x_wconf 75' lang='lat' dir='ltr'>monasterii</span> <span class='ocrx_word' id='word_1_583' title='bbox 1832 2702 1855 2722; x_wconf 71' lang='lat' dir='ltr'>x.</span> <span class='ocrx_word' id='word_1_584' title='bbox 1876 2691 1999 2722; x_wconf 75' lang='lat' dir='ltr'>Nicolui</span> <span class='ocrx_word' id='word_1_585' title='bbox 2012 2691 2042 2721; x_wconf 80' lang='lat' dir='ltr'>in</span> <span class='ocrx_word' id='word_1_586' title='bbox 2061 2691 2166 2727; x_wconf 78' lang='lat' dir='ltr'>Bosw,</span> <span class='ocrx_word' id='word_1_587' title='bbox 2180 2689 2296 2720; x_wconf 79' lang='lat' dir='ltr'>ordinis</span> 
     </span>
     <span class='ocr_line' id='line_1_89' title="bbox 1287 2745 2304 2784; baseline -0.003 -7"><span class='ocrx_word' id='word_1_588' title='bbox 1287 2758 1312 2779; x_wconf 85' lang='lat' dir='ltr'>s.</span> <span class='ocrx_word' id='word_1_589' title='bbox 1331 2747 1498 2784; x_wconf 78' lang='lat' dir='ltr'>Benedicti,</span> <span class='ocrx_word' id='word_1_590' title='bbox 1519 2745 1728 2777; x_wconf 70' lang='lat' dir='ltr'>Laudtmensis</span> <span class='ocrx_word' id='word_1_591' title='bbox 1754 2745 1891 2776; x_wconf 77' lang='lat' dir='ltr'>diocesis.</span> <span class='ocrx_word' id='word_1_592' title='bbox 1910 2745 2005 2776; x_wconf 81' lang='lat' dir='ltr'>Sicut</span> <span class='ocrx_word' id='word_1_593' title='bbox 2033 2745 2067 2775; x_wconf 88' lang='lat' dir='ltr'>in</span> <span class='ocrx_word' id='word_1_594' title='bbox 2093 2746 2209 2775; x_wconf 83' lang='lat' dir='ltr'>nostra</span> <span class='ocrx_word' id='word_1_595' title='bbox 2228 2752 2304 2783; x_wconf 87' lang='lat' dir='ltr'>pro-</span> 
     </span>
     <span class='ocr_line' id='line_1_90' title="bbox 1288 2797 2302 2841; baseline -0.005 -9"><span class='ocrx_word' id='word_1_596' title='bbox 1288 2801 1433 2841; x_wconf 86' lang='lat' dir='ltr'>posuisti</span> <span class='ocrx_word' id='word_1_597' title='bbox 1469 2801 1638 2840; x_wconf 85' lang='lat' dir='ltr'>presentia</span> <span class='ocrx_word' id='word_1_598' title='bbox 1666 2800 1881 2835; x_wconf 81' lang='lat' dir='ltr'>constitutus,</span> <span class='ocrx_word' id='word_1_599' title='bbox 1915 2798 1947 2828; x_wconf 89' lang='lat' dir='ltr'>in</span> <span class='ocrx_word' id='word_1_600' title='bbox 1980 2797 2217 2828; x_wconf 83' lang='lat' dir='ltr'>benedictione</span> <span class='ocrx_word' id='word_1_601' title='bbox 2245 2798 2302 2827; x_wconf 86' lang='lat' dir='ltr'>tua</span> 
     </span>
     <span class='ocr_line' id='line_1_91' title="bbox 1289 2850 2300 2894; baseline -0.006 -8"><span class='ocrx_word' id='word_1_602' title='bbox 1289 2855 1469 2894; x_wconf 81' lang='lat' dir='ltr'>prestitisti</span> <span class='ocrx_word' id='word_1_603' title='bbox 1486 2853 1943 2893; x_wconf 85' lang='lat' dir='ltr'>corporaliterjuramentum</span> <span class='ocrx_word' id='word_1_604' title='bbox 1962 2851 2051 2891; x_wconf 83' lang='lat' dir='ltr'>quod</span> <span class='ocrx_word' id='word_1_605' title='bbox 2065 2850 2300 2890; x_wconf 83' lang='lat' dir='ltr'>apostolorum</span> 
     </span>
     <span class='ocr_line' id='line_1_92' title="bbox 1288 2903 2299 2947; baseline -0.006 -8"><span class='ocrx_word' id='word_1_606' title='bbox 1288 2909 1407 2939; x_wconf 88' lang='lat' dir='ltr'>limina</span> <span class='ocrx_word' id='word_1_607' title='bbox 1421 2907 1566 2947; x_wconf 81' lang='lat' dir='ltr'>siugulis</span> <span class='ocrx_word' id='word_1_608' title='bbox 1576 2907 1723 2937; x_wconf 82' lang='lat' dir='ltr'>bienniis</span> <span class='ocrx_word' id='word_1_609' title='bbox 1735 2905 1902 2936; x_wconf 83' lang='lat' dir='ltr'>visitabis.</span> <span class='ocrx_word' id='word_1_610' title='bbox 1917 2904 1988 2936; x_wconf 87' lang='lat' dir='ltr'>Nos</span> <span class='ocrx_word' id='word_1_611' title='bbox 2004 2905 2129 2944; x_wconf 86' lang='lat' dir='ltr'>itaque,</span> <span class='ocrx_word' id='word_1_612' title='bbox 2145 2903 2299 2934; x_wconf 81' lang='lat' dir='ltr'>volentes</span> 
     </span>
    </p>
   </div>
  </div>
 </body>
</html>
