2659 3242
180 334 194 347 .
210 311 271 341 298

235 568 245 593 l
251 565 308 593 ‘263

213 614 288 642 Juin
311 613 360 641 26.

234 886 243 911 1
251 884 308 912 263

210 933 282 967 juin
303 932 353 960 29.

233 1413 244 1438 l
251 1411 307 1438 263

210 1460 315 1495 juillet
339 1461 383 1486 1⁶¹

233 1661 244 1686 l
251 1658 307 1686 263

211 1707 317 1742 juillet
363 1708 410 1735 18.

238 2535 312 2562 1263

215 2584 316 2618 juillet
340 2585 390 2610 κο.

240 2915 312 2941 1263

217 2963 294 2990 aotlt
336 2964 365 2991 7.

401 564 528 593 Orvieio.

1055 310 1227 341 TABLES
1245 310 1305 341 DU
1324 309 1543 341 REGISTRE
1561 310 1772 342 D’URBAIN
1791 311 1835 342 1v

1144 404 1230 430 Pages.
1253 402 1388 424 Numero·-

576 467 643 494 tiae
656 466 781 501 Templi
795 466 827 493 in
840 466 1011 493 Provincia
1025 472 1079 501 per
1092 466 1182 501 quin-

576 515 750 550 quennium
772 515 955 542 constituit.
1185 525 1248 543 tome
1267 521 1296 543 iv

624 564 784 590 Abbatem
813 571 837 591 s.
865 563 983 597 Egidii,
1011 563 1131 591 ordinis
1158 570 1181 590 s·
1215 561 1390 597 16012955

583 612 761 645 Benedicti,
788 611 1015 640 Nemausensis
1039 611 1183 646 diocesis,

576 662 837 688 conservatorem
876 660 1116 696 privilegiorum
1152 662 1183 687 et

575 711 734 737 bonorum
755 709 895 736 Militiae
913 709 1039 744 Templi
1058 709 1090 736 in
1109 709 1183 736 Pro-

575 759 685 786 vincia
720 765 775 794 per
808 758 1062 793 quinquennium
1094 765 1182 785 cons—

575 808 679 835 tituit.

1179 844 1242 863 tome
1264 841 1293 863 Ν

615 883 796 917 Eugubinis
832 882 975 917 indulget
1013 884 1047 909 ut
1083 884 1173 910 extra
1209 883 1213 913 1
1253 881 1387 913 «12956

579 932 782 966 Eugubinam
812 931 962 958 diocesim
991 931 1023 957 in
1049 937 1178 958 causam

574 981 702 1008 evocari
732 987 787 1014 per
816 980 987 1007 triennium
1017 986 1080 1006 non
1108 986 1178 1014 pos—

574 1029 650 1057 sint.
1181 1040 1243 1058 xome
1263 1035 1291 1058 Ν

616 1078 781 1105 Universis
803 1078 1004 1105 ecclesiarum
1024 1077 1174 1111 praelatis
1209 1078 1213 1110 1
1240 1087 1250 1101 α
1287 1076 1386 1107 12957

578 1127 714 1154 mandat
759 1128 795 1153 ut
840 1126 1068 1161 parrochianos
1110 1132 1182 1153 suos

577 1176 785 1210 presbyteros
815 1177 848 1202 et
878 1175 976 1201 laicos
1005 1174 1182 1209 impediant

577 1223 751 1258 quominus
781 1223 899 1250 iratres
927 1223 1064 1250 Militiae
1093 1225 1183 1251 Tem—

578 1272 623 1306 pli
643 1272 911 1306 Jerosolymitani
932 1271 1028 1298 certis
1047 1271 1185 1298 exactio—

577 1321 674 1348 nibus
706 1322 738 1348 et
770 1320 929 1348 molestiis
960 1321 1145 1354 aggravent.

1178 1370 1242 1389 tome
1263 1367 1293 1389 Ν

629 1409 791 1436 Andream
823 1409 862 1435 de
891 1408 1021 1440 Felecti,
1036 1407 1183 1436 clericum
1218 1408 1274 1440 161
1295 1408 1299 1440 Ι
1317 1408 1395 1436 2958

584 1458 776 1493 Anagninae
820 1457 964 1490 diocesis,
1008 1457 1186 1492 legitimum

578 1507 725 1534 declarat
752 1507 788 1533 ut
814 1506 854 1533 ad
879 1513 989 1533 omnes
1013 1506 1188 1540 dignitates

578 1555 817 1583 ecclesiasticas
861 1555 1026 1590 pervenire
1068 1554 1186 1582 valeat.

1181 1613 1245 1633 tome
1266 1611 1296 1633 Ν

612 1658 782 1685 Universis
818 1657 1021 1685 ecclesiarum
1058 1656 1179 1692 praela·
1215 1658 1218 1689 1
1258 1656 1394 1688 «12959

583 1707 627 1734 tis
661 1707 796 1734 mandat
832 1713 870 1733 ne
905 1706 1020 1733 fratres
1052 1705 1187 1733 Militiae

578 1755 706 1790 Templi
748 1754 1013 1789 Jerosolymitani
1055 1760 1187 1788 gravare

577 1804 633 1832 vel
659 1804 833 1831 molestare
859 1805 1075 1838 praesumant,
1101 1810 1186 1830 men-

576 1853 665 1880 tione
681 1859 830 1888 expressa
847 1853 885 1879 de
901 1852 996 1880 certis
1013 1852 1187 1887 privilegiis

578 1902 618 1928 ab
657 1901 837 1936 apostolica
884 1901 956 1928 sede
988 1901 1089 1928 eidem
1125 1900 1187 1928 sra-

569 1950 682 1977 *tribus
706 1950 772 1984 jam
805 1950 963 1977 concessis
986 1952 1019 1977 et
1045 1949 1187 1984 speciali·

582 2000 632 2025 ter
662 1999 700 2025 de
730 2000 846 2033 quarta
876 2000 967 2032 parte
995 1998 1184 2025 funeralium

580 2049 611 2074 et
636 2047 837 2074 confessione
860 2047 1056 2074 occultorum
1082 2053 1187 2081 pecca-

580 2098 696 2123 torum.
1185 2107 1248 2125 tome
1268 2104 1296 2125 lv

622 2144 789 2171 Universis
826 2144 1027 2171 ecclesiarum
1065 2144 1206 2179 praela—l
1247 2157 1256 2167 u
1294 2145 1394 2175 12960

578 2193 621 2219 tis
642 2193 776 2219 mandat
801 2194 835 2219 ut
858 2192 890 2218 in
913 2193 1029 2219 iratres
1049 2192 1185 2220 Militiae

578 2242 705 2276 Templi
744 2242 1020 2275 Jerosolymitani,
1062 2242 1183 2269 nullum

579 2291 739 2317 habentes
779 2291 962 2325 episcopum
1004 2291 1055 2317 vel
1096 2298 1184 2325 prae—

579 2340 682 2366 latum
713 2342 840 2373 praeter
869 2339 1051 2366 Romanum
1080 2340 1185 2374 ponti-

578 2389 684 2421 ficem,
730 2389 1074 2415 excommunicationis
1118 2395 1184 2415 sen—

580 2438 717 2464 tentiam
741 2437 944 2472 promulgare
967 2440 1182 2472 praesumant.

1182 2496 1245 2516 tome
1267 2495 1296 2516 lv

628 2535 789 2569 Episcopo
833 2534 1003 2568 Anagnino
1046 2535 1199 2565 mandati
1236 2535 1386 2565 6212961
1417 2532 1419 2551 's

584 2584 757 2618 compellat
780 2583 911 2610 Petrum
937 2584 1098 2618 quondam
1122 2583 1184 2610 Ro-

577 2632 656 2666 gerii
677 2632 716 2658 ad
738 2632 954 2666 recipiendum
978 2639 1108 2659 uxorem
1129 2639 1182 2659 no-

579 2681 674 2707 bilem
704 2681 869 2708 mulierem
899 2682 1098 2714 Gevitosam,
1129 2688 1182 2708 na-

579 2731 646 2756 tam
676 2730 839 2764 quondam
867 2730 1004 2764 Galgani
1031 2730 1070 2757 de
1097 2730 1182 2757 Scul-

577 2778 647 2805 cula
689 2779 780 2813 eique
821 2779 1004 2812 conJugales
1045 2778 1182 2806 arrectus

581 2827 809 2854 exhibendum.

1183 2878 1246 2896 tome
1267 2875 1296 2896 lv

622 2915 773 2942 Decernit
803 2917 867 2942 tam
897 2915 1100 2949 Rioeardum,
1130 2917 1199 2948 c0-1
1239 2915 1389 2948 1212817

581 2963 693 2990 mitem
724 2962 915 2998 cornubiae,
948 2971 1043 2998 quam
1075 2964 1183 2991 Alion—

1468 651 1543 679 1263

1447 701 1518 727 aon!
1550 703 1594 728 10.

1628 652 1758 681 Orvieto.

1463 989 1538 1017 1263

1444 1039 1519 1067 notit
1545 1038 1590 1066 12.

1471 1659 1547 1686 1263

1451 1708 1528 1736 aotlt
1553 1708 1586 1736 13
1595 1729 1600 1736 .

1472 2043 1546 2070 1263

1450 2091 1526 2119 aout
1547 2091 1596 2118 30.

1418 2347 1419 2371 3
1470 2328 1544 2354 1263

1449 2376 1521 2404 acui
1545 2377 1595 2403 31.

2374 408 2460 433 Pege..
2482 407 2617 428 Numeros.

1810 473 1891 500 sum,
1929 474 2033 502 regem
2068 465 2239 502 Castellae,
2277 469 2310 496 in
2348 470 2412 497 suis

1809 515 1928 543 litteris
1963 516 2192 544 nominandum
2229 524 2297 545 esse
2332 528 2343 542 ι
2378 519 2410 545 in

1808 571 1912 599 regem
1951 565 2168 592 Romanorum
2207 566 2342 594 electum
2390 577 2400 590 ι

2413 617 2477 637 tome
2498 615 2527 638 Ν

1853 654 2013 688 Episcopo
2055 655 2224 689 Anagnino
2275 655 2428 688 mandat!
2465 656 2622 690 6212962

1814 702 1970 737 publicari
2002 705 2092 730 curet
2127 710 2307 738 processum
2341 711 2414 732 con—

1813 754 1862 778 tra
1886 752 2043 779 Mathiam
2070 752 2109 779 de
2134 753 2292 788 Anagnia,
2317 760 2413 788 nepo-

1811 803 1875 827 tem
1893 801 2038 835 Gregorii
2065 808 2168 836 papae
2194 802 2252 835 IX,
2280 802 2413 836 editum,

1811 857 1946 885 eumque
1995 851 2309 879 excommunicatum
2361 852 2413 879 de-

1811 900 1952 927 nuntiet.

2411 951 2476 971 tome
2497 950 2526 972 Ν

1842 989 2085 1024 Archiepiscopo
2106 991 2139 1016 et
2159 989 2301 1024 capitulo
2322 991 2416 1022 Are-l
2452 990 2489 1018 63
2507 993 2512 1024 1
2529 991 2606 1019 2963

1809 1038 1986 1066 latensibus
2010 1038 2154 1072 indulget
2180 1041 2226 1067 ut.
2251 1045 2305 1073 per
2329 1039 2425 1067 trien-

1810 1088 1908 1119 nium,
1925 1088 1965 1115 ad
1990 1089 2205 1122 receptionem
2231 1088 2283 1115 vel
2309 1088 2416 1123 provi-

1810 1137 1930 1164 sionem
1968 1136 2104 1170 alicujus
2140 1137 2172 1163 in
2210 1137 2416 1171 pensionibus

1811 1186 1959 1221 compelli
1998 1186 2203 1220 aliquatenus
2241 1193 2305 1213 non
2343 1192 2414 1221 pos-

1813 1235 1877 1262 sint
1908 1241 1962 1269 per
1990 1235 2118 1262 litteras
2147 1234 2342 1269 apostolicae
2371 1241 2416 1262 se-

1814 1283 1863 1310 dis
1888 1283 2118 1318 impetrandas.
2418 1293 2482 1312 tome
2501 1289 2530 1311 ιν

1854 1333 2028 1365 Florentio,
2072 1332 2251 1360 Arelatensi
2296 1333 2433 1364 archie-l
2478 1342 2488 1355 ι
2521 1331 2621 1364 12964

1815 1381 1957 1415 piscopo,
1989 1381 2122 1408 mandat
2154 1382 2284 1408 moneat
2318 1381 2415 1408 abba-

1815 1432 1864 1457 tes
1900 1430 2095 1457 Arelatensis
2131 1430 2266 1457 diocesis
2302 1432 2337 1457 ut
2376 1430 2415 1456 ad

1813 1479 1989 1507 claustrum
2029 1481 2180 1506 revocent
2220 1486 2295 1506 suos
2332 1479 2416 1514 ipso—

1813 1535 1883 1555 rum
1921 1529 2105 1561 monachos,
2135 1528 2297 1555 solitarios
2332 1535 2417 1556 com-

1815 1579 1989 1605 morantes.

2416 1623 2480 1642 tome
2501 1620 2531 1642 Ν

1854 1658 1956 1685 Priori
1986 1657 2122 1685 fratrum
2152 1657 2434 1690 Praedicatoruml
2475 1667 2486 1680 ι
2523 1656 2624 1691 12965

1812 1707 2039 1735 Parisiensium
2080 1707 2244 1742 negotium
2284 1706 2417 1741 inquisi—

1812 1757 1911 1784 tionis
1947 1756 2127 1783 haereticae
2165 1755 2338 1790 pravitatis
2376 1755 2416 1782 ad

1811 1806 2014 1833 Provinciam
2065 1805 2213 1833 extendit
2265 1804 2401 1832 faculta—

1812 1857 1943 1890 temque
1973 1854 2097 1881 contert
2127 1854 2244 1881 tratres
2272 1853 2415 1893 ejusdem

1812 1904 1934 1931 ordinis
1960 1903 2182 1937 undecumque
2206 1902 2347 1929 voluerit
2369 1909 2414 1929 se-

1813 1959 1884 1979 cum
1909 1952 1949 1978 ad
1974 1951 2006 1978 id
2031 1951 2194 1986 negotium
2221 1950 2413 1978 assumendi.

2416 2001 2479 2020 tome
2501 1998 2530 2019 Ν

1848 2041 2008 2075 Episcopo
2041 2040 2242 2067 Ferentinati
2276 2039 2406 2066 mandat
2463 2039 2619 2070 6412966

1814 2090 1944 2117 inducat
1997 2089 2179 2124 episcopum
2219 2090 2251 2115 et
2290 2088 2414 2123 capitu-

1813 2139 1877 2165 lum
1907 2138 2092 2172 Anagninos
2120 2138 2153 2163 in
2183 2137 2412 2171 possessionem

1814 2187 2027 2223 quarumdam
2072 2187 2197 2218 domus,
2242 2188 2411 2219 terrarum,

1813 2237 2047 2272 possessionum
2081 2237 2111 2262 et
2145 2242 2261 2262 rerum.

2415 2286 2478 2304 tome
2500 2283 2529 2304 Ν

1857 2326 2025 2358 Riccardo,
2056 2325 2089 2351 in
2119 2324 2338 2351 Romanorum
2369 2331 2437 2355 re·¹
2469 2323 2621 2355 1212815

1811 2382 1880 2409 gem
1914 2375 2024 2407 electo,
2056 2373 2218 2408 significat.
2249 2374 2412 2400 ecclesiam

1811 2431 1873 2451 non
1896 2424 2056 2450 immerito
2078 2423 2282 2449 vacationem
2305 2422 2413 2457 deplo-

1811 2480 1879 2499 rare
1892 2473 2028 2507 imperii.
2042 2472 2141 2498 Addit
2154 2478 2209 2498 cur
2223 2471 2311 2498 sedes
2323 2478 2413 2506 apos—

1810 2523 1907 2549 tolica
1929 2522 2012 2549 inter
2033 2528 2103 2547 eum
2125 2523 2153 2547 et
2179 2520 2345 2547 Alsonsum
2367 2527 2412 2547 re-

1809 2579 1879 2605 gem
1908 2574 2016 2606 partes
2049 2576 2207 2598 assumere
2235 2569 2411 2598 distulerit:

1810 2622 2036 2647 commemorat
2069 2619 2211 2647 studium
2243 2626 2334 2646 suum
2365 2619 2410 2645 in-

1811 2670 1968 2696 defessum
1993 2675 2050 2703 pro
2073 2675 2149 2703 pace
2172 2669 2256 2695 inter
2277 2675 2331 2695 eos
2351 2675 2424 2695 con-

1807 2718 1961 2746 cilianda.
1993 2718 2126 2752 exponit
2161 2717 2307 2744 Riccardi
2339 2717 2410 2751 Jura

1807 2768 1846 2794 ad
1876 2767 2058 2802 imperium:
2089 2766 2259 2801 profitetur
2287 2766 2410 2793 Altonsi

1808 2817 1994 2844 electionem
2019 2815 2225 2851 posteriorem
2249 2821 2315 2842 esse
2337 2814 2409 2841 Ric—

1808 2866 1894 2893 cardi
1937 2866 2103 2897 electione,
2147 2864 2200 2891 sed
2242 2863 2408 2891 ,alfonsum

1809 2922 1826 2942 a
1851 2915 1972 2948 maJore
1997 2914 2176 2949 principum
2201 2915 2293 2948 parte
2315 2918 2409 2939 voca-

1810 2966 1878 2990 tum
1903 2970 1970 2990 esse
1994 2963 2033 2989 ad
2058 2962 2225 2997 imperium
2249 2963 2280 2989 et
2306 2961 2408 2988 decla—
