2519 3262
259 303 298 332 50

300 404 315 422 (ῐ
340 393 478 422 lsi-banus
503 392 670 431 episcopus,
698 399 801 418 servus
827 398 981 418 serrorum
1010 387 1076 421 Dei,
1103 386 1266 417 venerabili

257 448 353 488 svam-1·
368 471 374 476 .
389 473 394 478 .

413 447 553 486 episcopo
570 444 708 478 Reatino,
727 434 854 471 salutem
871 446 898 471 e!
914 440 1112 481 apostolicam
1131 439 1266 469 benedic·
1292 457 1293 465 η

1291 397 1294 440 l

1291 442 1293 456 l

261 503 379 531 tionem.
396 499 530 530 Nobilis
544 497 607 528 viri
621 495 834 528 Offredueius
850 495 1079 525 Bonuscomes
1095 496 1123 523 et
1141 493 1266 523 Martu-
1292 498 1293 528 ξ

258 556 330 586 cius
346 555 385 584 de
402 552 566 588 Miranda,
580 559 639 590 per
654 551 686 579 te
701 548 911 578 demandato
929 549 1044 578 nostro
1058 546 1162 581 citati,
1183 554 1265 575 nun·
1292 576 1293 587 χ

257 608 341 637 tium
368 614 466 636 suum
490 604 531 634 ad
553 604 701 633 nostram
728 600 933 640 presentiam
959 599 1184 634 destinarunt,
1212 606 1266 636 pe-
1292 594 1294 629 l

257 662 365 691 tentes
382 669 399 689 a
425 658 523 689 nobis
542 658 675 688 nostras
699 655 764 685 sibi
793 663 895 693 super
915 653 1094 683 securitate
1114 653 1266 690 ipsorum

255 715 387 744 litteras
399 711 714 745 exliibei'i.Ve1·t1m‚
733 708 810 748 quia
827 716 957 738 roccam
972 706 1133 737 Mirande.
1150 706 1265 743 utpote
1292 740 1293 748 ἵ

255 767 295 798 acl
313 767 501 797 Romanam
517 764 693 795 ecclesiam
709 762 943 801 pertinentem,
963 769 1062 799 quam
1087 758 1187 789 iidem
1208 766 1265 788 no-

255 821 342 851 bIIes
355 821 425 859 jam
436 820 534 858 longo
547 819 698 856 tempore
709 816 900 849 tenuerunt,
916 815 948 844 in
961 813 1112 851 ejusdem
1123 811 1264 842 ecclesie

253 874 490 914 prejudicium,
509 872 714 910 occupatam,
739 869 876 898 omnino
901 867 1022 897 habere
1043 866 1263 897 intendimus.

255 927 454 958 fraternitati
474 928 530 956 tue
550 933 608 963 per
625 922 809 961 apostolica
827 921 953 960 scripta
970 920 1170 950 mandamus
1183 928 1262 958 qua-

252 984 352 1012 tenus
370 989 444 1010 cum
462 977 634 1008 nobilibus
651 975 802 1014 loquaris
821 974 950 1004 eisdem
967 975 998 1003 et
1017 981 1120 1011 super
1137 972 1198 1002 hoc
1218 972 1262 1011 ip-

253 1042 367 1065 sorum
383 1033 588 1063 voluntatem
607 1031 639 1060 et
656 1027 875 1059 intentionem
893 1026 1077 1064 exquirens
1097 1026 1125 1055 si
1145 1025 1186 1054 ad
1200 1032 1262 1054 nos

250 1087 366 1117 venire
396 1084 573 1115 intendunt
601 1084 637 1112 ut
661 1090 763 1120 super
788 1079 1003 1110 restitutione
1027 1078 1135 1117 ipsius
1161 1086 1261 1108 rocce

251 1139 463 1170 satisfaciant
491 1138 567 1168 voto
595 1138 722 1170 nostro,
749 1135 880 1164 litteras
898 1135 1031 1163 nostras
1046 1132 1148 1171 petite
1165 1140 1261 1161 sccu-

250 1193 373 1227 ritatis,
402 1200 486 1231 quas
508 1190 568 1221 tibi
593 1198 651 1229 per
679 1189 820 1218 latorem
847 1186 1055 1226 presentium
1077 1185 1258 1220 mittimus,

251 1246 424 1277 nobilibus
443 1244 597 1283 assignes
620 1242 760 1277 eisdem,
778 1249 836 1280 per
854 1243 930 1270 tuas
947 1239 1046 1269 nobis
1062 1239 1194 1269 litteras
1212 1238 1261 1267 in·
1288 1249 1290 1255 r

249 1299 400 1330 timando
428 1298 509 1337 quid
534 1296 596 1327 tibi
616 1304 720 1334 super
733 1295 793 1325 hoc
814 1293 854 1324 ab
871 1293 921 1323 eis
939 1301 1139 1332 responsum
1160 1292 1261 1322 fuerit
1288 1317 1289 1323 ,

251 1355 282 1384 et
300 1351 460 1392 quicquid
485 1351 561 1380 inde
578 1349 716 1379 duxeris
734 1347 937 1378 faciendum.
955 1347 1080 1377 Datum
1094 1346 1182 1384 apud
1200 1345 1261 1375 Ur·

250 1406 489 1442 bemveterem,
500 1413 544 1434 xv
561 1403 723 1433 kalendas
733 1400 941 1434 novembris,
953 1400 1167 1439 pontificatus
1183 1407 1260 1428 nos-
1288 1401 1290 1408 ’

249 1459 293 1490 tri
312 1467 398 1489 anno
417 1455 575 1488 secundoss
596 1467 610 1486 »

747 1605 870 1632 Orvicto.
890 1606 920 1632 lo
934 1604 1090 1631 novembre
1112 1603 1187 1630 1262.

341 1610 438 1641 2930

285 1694 419 1725 Ol1itioni,
433 1693 553 1728 plebano
567 1692 657 1727 plebis
669 1692 702 1718 de
720 1691 850 1723 Ralvattc,
867 1689 1020 1716 Perusinae
1036 1688 1168 1719 diocesis,
1182 1697 1261 1715 com-

251 1743 341 1770 mittit
359 1746 386 1770 ut
404 1742 563 1769 executioni
586 1742 701 1768 mandet
717 1740 890 1767 sententiam
910 1747 960 1773 pro
981 1739 1080 1769 Senso,
1098 1738 1158 1765 cive
1174 1738 1261 1764 Peru-

251 1792 324 1821 siao,
342 1792 477 1819 adversus
497 1791 670 1818 Narnienses
686 1790 720 1816 ab
736 1790 777 1819 t).,
793 1798 817 1816 s.
834 1788 938 1815 Mariae
953 1787 980 1814 in
1001 1788 1051 1814 Via
1067 1788 1124 1814 lata
1139 1787 1260 1814 diacono

249 1841 397 1869 cardinali.
414 1841 531 1868 editam.
551 1841 647 1874 (Mica.
664 1840 769 1866 erie.
790 1847 822 1865 m:
838 1838 954 1873 Nanxr)

292 1948 306 1965 (t
331 1936 469 1965 l'rbamts
493 1935 663 1975 episcopus,
687 1943 790 1962 seri-us
809 1942 961 1961 seruorum
978 1931 1044 1967 Dei,
1063 1930 1170 1960 dilecto
1195 1929 1260 1970 silio

961 295 1039 326 LES
1063 293 1306 325 REGISTRES
1329 293 1545 324 D'URBAIN
1568 293 1627 323 IV.

1325 386 1553 425 nito,plenius
1568 387 1770 417 continetur.
1783 387 1854 418 Nos
1867 387 1992 427 itaque,
2004 389 2208 420 sententiam
2226 389 2335 428 ipsam

1324 440 1431 470 ratam
1450 438 1612 470 habentes
1633 442 1664 470 et
1683 440 1827 475 firmam,
1846 449 1919 471 eam
1941 450 2002 480 per
2022 443 2157 472 nostras
2174 442 2336 473 duximus

1323 492 1456 523 litteras
1481 493 1757 524 confirmandam.
1782 494 1947 530 Quocirca
1971 495 2171 525 discretioni
2196 498 2251 526 tue
2277 504 2337 534 per

1324 545 1508 584 apostolica
1529 546 1654 585 scripta
1670 547 1871 577 mandamus
1889 547 2050 586 quatinus
2065 549 2270 579 sententiam
2289 549 2337 588 ip-

1324 607 1407 635 sam,
1435 599 1634 630 auctoritate
1656 602 1783 636 nostra,
1812 609 1872 639 per
1894 602 1924 630 te
1945 601 1997 631 vel
2016 610 2075 640 per
2099 601 2205 632 alium
2223 601 2336 633 debite

1325 653 1516 683 executioni
1547 653 1741 684 demandes.
1769 654 2042 684 Contradictores
2069 672 2118 682 —.
2134 654 2278 685 Proviso
2296 664 2337 686 ne

1324 706 1358 736 in
1375 706 1632 736 universitatem
1645 707 1870 737 Narniensem
1883 708 2246 738 excommunicationis
2263 717 2338 739 sen-

1323 759 1464 789 tentiam
1486 759 1650 798 proferas,
1675 760 1742 790 nisi
1768 769 1871 800 super
1893 760 1954 791 hoc
1977 769 1995 790 a
2013 760 2112 791 nohis
2138 755 2336 792 mandatum

1325 813 1492 851 receperis
1515 813 1672 852 speciale.
1704 814 1830 844 Datum
1854 814 1943 852 apud
1968 813 2258 848 Urbemveterem,
2287 824 2335 845 ιιιι

1324 866 1399 896 idus
1415 866 1621 901 novembris,
1641 867 1858 905 pontificatus
1874 867 1980 897 nostri
1997 876 2084 897 anno
2101 868 2260 898 secundo.
2280 878 2295 897 »

1859 1019 1985 1049 Orvieto.
2002 1019 2038 1047 25
2050 1019 2167 1046 octobre
2182 1020 2264 1048 1202.

1410 1019 1504 1051 2931

1355 1102 1612 1137 Archipresl»ytero
1638 1103 1775 1130 ecclcsiae
1793 1112 1814 1130 s.
1833 1103 1971 1131 Jobannis
1998 1105 2031 1131 de
2055 1105 2142 1137 Duce,
2166 1104 2335 1140 Anagninae

1288 1171 1290 1175 ,
1319 1150 1454 1184 diocesis,
1474 1152 1593 1178 mandat
1610 1155 1740 1186 procuret
1763 1153 1853 1180 citare
1868 1153 2002 1180 abbatem
2025 1156 2054 1180 et
2076 1155 2249 1180 conventum
2270 1162 2336 1180 mo-

1320 1200 1439 1227 nasterii
1459 1209 1482 1228 s.
1499 1200 1576 1227 Petri
1592 1202 1627 1228 de
1643 1201 1827 1237 Villamagna
1848 1205 1878 1229 ut
1895 1202 1970 1229 infra
1985 1202 2151 1237 quindecim
2172 1203 2233 1230 dics
2254 1211 2336 1237 apos-

1320 1249 1406 1277 tolico
1426 1250 1592 1285 conspectui
1617 1258 1647 1277 se
1672 1254 1868 1285 praesentent.
1898 1253 1996 1287 (Aaou.
2023 1259 2116 1278 (ᾈΝτ.
2143 1253 2297 1285 D'AxAfixx,
2326 1244 2343 1279 ι’

1320 1305 1350 1325 n‘¹
1365 1299 1422 1332 io.)

1361 1406 1376 1424 t(
1397 1394 1537 1425 I'rlnmus
1555 1396 1726 1435 episcopus,
1745 1405 1847 1425 servus
1855 1406 2009 1426 serrorum
2022 1396 2088 1431 Dei,
2105 1395 2217 1427 dilecto
2230 1396 2313 1437 filie.
2326 1422 2333 1427 .

1320 1448 1572 1488 archipresbitero
1585 1448 1707 1478 ecclesie
1723 1459 1748 1479 s.
1763 1449 1913 1479 Jolmnnis
1927 1449 1963 1479 de
1980 1449 2072 1486 Duce,
2089 1450 2255 1489 Anaynine
2270 1450 2336 1480 dio-

1321 1503 1402 1538 cesis,
1421 1502 1549 1533 salutem
1566 1507 1593 1531 et
1608 1501 1809 1542 apostolicam
1823 1501 2069 1532 benedictionem.
2089 1503 2158 1534 Sua
2172 1503 2271 1534 nobis
2285 1503 2331 1534 di-

1320 1556 1397 1587 lecti
1413 1556 1477 1586 filii
1501 1579 1527 1586 ..
1547 1556 1687 1590 electus,
1713 1557 1745 1586 et
1761 1555 1949 1594 capitulum
1975 1556 2146 1595 Anagnini
2168 1557 2335 1596 petitione

1286 1635 1287 1651 2
1320 1611 1551 1640 monstrarunt
1564 1609 1663 1648 quod,
1679 1617 1754 1639 cum
1770 1609 1852 1639 olim
1869 1609 1957 1639 inter
1975 1609 2078 1648 ipsos.
2093 1618 2135 1640 ex
2147 1611 2243 1649 parte
2254 1619 2332 1646 una,

1320 1665 1351 1694 et
1368 1686 1374 1692 .
1391 1687 1398 1694 .
1413 1662 1567 1693 abbatem
1584 1664 1616 1693 et
1628 1664 1831 1693 conventum
1843 1663 2040 1693 monasterii
2055 1671 2083 1693 s.
2102 1663 2196 1694 Petri
2208 1663 2249 1694 de
2261 1664 2335 1695 vil-

1319 1717 1485 1756 lamagna,
1507 1716 1636 1747 ordinis
1653 1725 1680 1746 s.
1700 1716 1885 1752 Benedicti,
1912 1716 2089 1755 Anagniae
2111 1716 2270 1752 diocesis,
2291 1725 2334 1748 ex

1319 1771 1436 1806 altera,
1459 1779 1561 1809 snper
1581 1769 1726 1800 ecclesia
1753 1778 1780 1799 s.
1803 1769 1993 1800 Secundine
2017 1769 2057 1799 de
2078 1769 2330 1809 Monte-Gorge,

1316 1823 1452 1864 Jurilms
1470 1832 1507 1854 ac
1529 1823 1746 1862 pertinentiis
1769 1822 1842 1862 ejus
1858 1824 1890 1853 et
1908 1822 2010 1853 rebus
2025 1823 2105 1852 aliis
2118 1825 2192 1853 orta
2207 1823 2331 1854 fuisset

1288 1871 1289 1900 ἕ
1320 1877 1462 1908 materia
1477 1876 1679 1916 questionis,
1698 1876 1810 1907 felicis
1824 1876 2070 1906 record-atlonis
2086 1876 2124 1907 G.
2143 1884 2242 1916 papa,
2256 1885 2333 1916 pre-

1288 1942 1289 1959 ι
1321 1931 1478 1961 decessor
1507 1932 1633 1965 noster,
1659 1929 1744 1960 bone
1771 1929 1935 1960 memorie
1964 1929 2011 1965 S.,
2043 1929 2135 1960 tituli
2165 1938 2193 1960 s.
2225 1930 2334 1962 Marie

253 1990 398 2025 Obilioni,
414 1989 543 2029 plebano
556 1987 653 2028 plebis*
665 1987 700 2017 (lc
715 1986 855 2018 leobatio,
875 1985 1022 2015 Perusiae
1032 1984 1168 2020 diocesia
1182 1984 1261 2014 salec
1288 2019 1289 2032 ἶ

253 2049 308 2073 lem
329 2048 354 2073 cl
377 2041 576 2082 apostolicam
595 2040 840 2069 benedictionem.
856 2038 1015 2069 Exhibita
1032 2037 1130 2067 nobis
1146 2038 1260 2068 dilecti
1288 2037 1289 2065 ἶ

251 2098 312 2128 filii
335 2096 458 2127 nobilis
476 2095 539 2124 viri
554 2094 664 2129 Sensi,
682 2093 766 2123 clvis
784 2092 952 2127 Perusini,
974 2091 1093 2130 petitio
1111 2091 1261 2121 contine·
1288 2082 1289 2119 ἶ

251 2152 305 2182 bal
330 2150 430 2190 quod,
454 2157 529 2180 cum
549 2147 657 2178 felicis
680 2145 923 2176 recordationis
947 2144 1140 2174 Alexander
1162 2152 1260 2182 papa,

252 2204 470 2244 predecessor
488 2203 613 2236 noster,
629 2208 765 2229 causam
783 2207 846 2237 que
862 2199 949 2228 inter
967 2197 1090 2236 ipsum,
1109 2206 1150 2227 ex
1168 2199 1262 2236 parte

252 2267 329 2293 una,
350 2259 422 2287 et..
439 2255 641 2295 potestatem
671 2254 703 2283 et
726 2260 902 2282 commune
927 2251 1137 2281 Narnienses
1159 2260 1262 2289 super

251 2312 395 2351 quadaun
413 2309 552 2349 pecunie
568 2315 700 2337 summa
718 2314 818 2345 quam
836 2313 894 2343 pro
910 2304 1035 2344 salario
1051 2304 1152 2334 unius
1168 2304 1258 2334 anni.

251 2374 310 2404 pro
332 2362 515 2403 potestaria
531 2370 591 2391 seu
606 2358 747 2391 rectoria
763 2358 911 2389 civitatis
922 2357 1137 2393 Narniensis,
1158 2357 1260 2388 iidem

251 2425 427 2449 commune
449 2415 515 2446 sibi
534 2414 677 2450 solvere,
697 2414 731 2442 ut
759 2412 894 2447 asserit,
916 2411 1145 2450 promiserunt
1168 2413 1199 2441 et
1213 2419 1262 2441 re-

250 2471 313 2501 bus
331 2470 418 2505 aliis,
435 2477 476 2499 ex
490 2468 607 2503 altera,
624 2465 826 2501 vertebatur,
844 2464 966 2494 dilecto
986 2464 1054 2494 lilio
1072 2465 1189 2494 nostro
1207 2464 1259 2500 0.,

250 2534 279 2556 s.
298 2524 402 2555 Marie
426 2523 458 2552 in
485 2521 549 2552 Yia
575 2520 643 2551 lata
665 2519 804 2549 diacono
829 2518 1003 2548 cardinali.
1029 2518 1259 2548 commisisset

250 2579 315 2608 siue
335 2576 447 2608 debito
469 2573 728 2609 terminandam,
749 2572 837 2602 idem
855 2571 1050 2606 cardinalis,
1070 2571 1130 2601 lite
1148 2580 1260 2601 coram

251 2640 288 2662 eo
319 2630 470 2669 legitime
497 2629 682 2658 contestata
704 2625 913 2664 prestitoque
941 2633 959 2654 a
985 2623 1140 2663 partibus
1166 2624 1261 2663 jura-

250 2687 362 2715 mento
385 2681 587 2721 calumpnie,
618 2680 782 2718 factisque
803 2677 1042 2717 positionibus,
1063 2679 1094 2708 et
1124 2686 1261 2716 respon-

250 2737 404 2768 sionibus
420 2736 462 2766 ad
482 2735 628 2770 easdem,
647 2742 683 2764 ac
704 2732 830 2762 auditis
846 2733 878 2762 et
900 2731 1080 2762 intellectis
1100 2730 1259 2761 omnibus
1286 2742 1288 2748 ¹

250 2799 313 2831 que
335 2790 469 2821 suerunt
494 2797 512 2819 a
541 2786 693 2826 partibus
718 2785 892 2824 proposita
915 2793 1028 2815 coram
1047 2793 1096 2820 eo,
1118 2784 1158 2814 de
1180 2793 1260 2823 pru-

249 2845 386 2875 dentum
416 2843 568 2872 virorum
599 2839 754 2875 consilio,
788 2838 956 2877 predictos
993 2839 1194 2876 potestatem
1227 2839 1259 2868 et

249 2904 426 2928 commune
449 2895 483 2925 in
498 2894 647 2933 predicta
666 2892 806 2932 pecunie
823 2899 956 2921 summa
973 2890 1038 2920 sibi
1055 2899 1113 2929 per
1131 2890 1258 2921 dit'lini-

248 2951 353 2981 tivam
368 2948 569 2980 sententiam
582 2945 849 2984 condempnavit,
867 2946 966 2983 prout
984 2944 1016 2974 in
1032 2943 1258 2974 instrumento

1286 2758 1288 2786 l

250 3003 383 3042 publico
408 3001 484 3032 inde
502 2999 652 3031 confecto
671 3000 703 3029 et
721 2998 829 3037 ipsius
847 2997 1030 3028 cardinalis
1051 2996 1166 3036 sigillo
1185 3005 1256 3027 mu-
1286 3018 1287 3023 ,

1320 1984 1568 2015 Transtiberim
1584 1983 1774 2022 presbitero
1788 1983 1965 2019 cardinali,
1982 1983 2176 2021 hujusmodi
2193 1991 2331 2015 eausam

1321 2037 1503 2068 commisit.
1523 2037 1564 2067 Et
1580 2037 1657 2066 licet
1680 2044 1792 2066 coram
1815 2044 1853 2066 eo
1871 2044 1978 2075 usque
1995 2036 2037 2066 ad
2053 2035 2233 2066 diffinitive
2255 2045 2333 2067 sen-

1320 2090 1423 2121 tentie
1440 2090 1604 2120 calculum
1625 2089 1693 2119 sere
1720 2089 1753 2119 in
1770 2089 1888 2120 eadem
1912 2097 2013 2119 causa
2034 2098 2231 2128 processum
2247 2089 2333 2120 fuis—

1320 2145 1381 2179 set,
1400 2145 1512 2173 tamen
1531 2144 1668 2182 propter
1693 2142 1863 2172 maliciam
1883 2143 2047 2181 temporis
2067 2144 2097 2172 et
2115 2142 2202 2173 alios
2219 2143 2331 2174 diver·

1320 2206 1376 2228 sos
1401 2199 1554 2231 eventus,
1572 2205 1673 2227 causa
1699 2197 1772 2235 ipsa
1798 2197 1962 2227 remansit
1980 2196 2142 2227 hactenus
2166 2197 2329 2229 indecisa.

1319 2251 1430 2287 Quare
1460 2249 1558 2281 nobis
1583 2250 1686 2280 iidem
1717 2249 1844 2280 electus
1874 2251 1906 2280 et
1939 2249 2126 2289 capitulum
2153 2250 2331 2282 humiliter

1320 2304 1555 2343 supplicarunt
1582 2305 1618 2334 ut
1647 2312 1782 2333 causam
1810 2303 1950 2334 eandem
1977 2304 2153 2334 terminari
2177 2305 2264 2344 apud
2279 2313 2332 2335 se-

1319 2358 1396 2388 dem
1413 2357 1634 2396 apostolicam
1655 2356 1852 2387 faceremus.
1873 2356 1956 2387 Cum
1974 2356 2077 2396 igitur
2091 2365 2153 2387 nos
2169 2357 2330 2389 dilectum

1320 2411 1426 2441 silium
1443 2412 1596 2441 nostrum
1617 2411 1668 2445 (}.,
1687 2419 1713 2439 s.
1731 2409 1867 2449 Georgii
1884 2410 1925 2440 ad
1948 2410 2071 2440 Yelum
2094 2410 2244 2440 Aureum
2261 2410 2329 2441 dia·

1318 2473 1438 2495 conum
1462 2463 1680 2500 cardinalem,
1707 2464 1739 2493 in
1763 2471 1866 2494 causa
1893 2463 1967 2502 ipsa
1989 2463 2184 2494 dederimus
2201 2463 2330 2494 audito·

1319 2526 1401 2554 rem,
1419 2517 1616 2547 discretioni
1635 2518 1691 2547 tue
1706 2525 1765 2556 per
1785 2516 1971 2555 apostolica
1987 2516 2113 2555 scripta
2128 2516 2330 2548 mandamus

1318 2572 1485 2610 quatenus
1505 2570 1612 2600 dictos
1630 2569 1786 2600 abbatem
1799 2571 1832 2600 et
1849 2571 2062 2605 conventum,
2078 2578 2120 2600 ex
2141 2572 2235 2609 parte
2250 2578 2328 2601 nos-

1317 2626 1380 2660 tra,
1395 2623 1620 2662 peremptorie
1633 2632 1692 2662 per
1703 2625 1734 2653 te
1747 2623 1799 2654 vel
1810 2622 1915 2653 alium
1927 2623 2030 2654 citare
2045 2631 2207 2662 procures
2218 2624 2266 2660 ut,
2279 2623 2329 2654 iu-

1318 2676 1368 2707 fra
1385 2676 1579 2716 quindecim
1599 2676 1732 2706 dierum
1749 2676 1897 2715 spatium
1915 2678 1991 2715 post
2008 2675 2205 2707 citationem
2218 2678 2326 2714 tuam,

1317 2738 1392 2760 cum
1407 2729 1565 2760 omnibus
1580 2729 1814 2764 munimentis,
1829 2728 1965 2768 juribus
1982 2730 2014 2760 et
2031 2728 2222 2760 rationibus
2239 2729 2325 2766 suis,

1316 2791 1452 2814 causam
1476 2782 1670 2822 hujusmodi
1689 2782 1974 2822 contingentibus,
1994 2791 2054 2822 per
2072 2784 2327 2822 procuratorem

1316 2836 1487 2876 ydoneum
1505 2836 1596 2867 sedis
1613 2836 1798 2875 apostolice
1817 2845 1853 2867 se
1869 2836 2064 2875 conspectui
2080 2837 2327 2875 representem,

1317 2890 1350 2920 in
1367 2898 1470 2920 causa
1494 2890 1568 2929 ipsa
1593 2890 1725 2920 ratione
1753 2890 1871 2929 previa
1896 2889 2100 2928 processuri.
2128 2889 2227 2920 Diem
2247 2897 2326 2920 vero

1315 2943 1488 2974 citationis
1507 2945 1537 2974 et
1564 2943 1725 2982 quicquid
1746 2943 1868 2974 exinde
1895 2942 2016 2974 feceris
2044 2941 2142 2973 nobis
2169 2951 2229 2981 per
2251 2944 2326 2972 tuas

1315 2997 1458 3032 litteras,
1479 2997 1687 3036 presentium
1701 2997 1912 3027 continentes
1929 2996 2064 3032 seriem,
2080 2995 2237 3026 intimare
2251 3003 2327 3034 pro-
