2519 3262
978 153 1218 191 ’1110151Ε11Ε
1246 153 1407 190 ANNJJJE.
2169 166 2226 193 377

154 243 238 274 toris
258 251 398 273 assensu
416 245 446 273 et
466 243 505 272 ad
526 244 671 273 vestram
692 243 898 278 instantiam,
922 243 954 272 in
974 243 1162 282 cognitione

155 297 264 335 ipsius
278 296 403 335 negotii
422 296 582 326 duximus
600 296 863 335 subrogandum.
885 297 978 326 Unde
998 296 1161 326 nominati

153 351 192 381 G.
213 351 244 380 et
264 351 303 381 U.
323 349 524 386 cardinales,
544 350 672 388 prefato
690 349 934 388 compromisso
950 350 1105 387 suscepto
1126 357 1163 378 ac

155 404 239 434 visis
257 404 354 439 actis,
376 403 501 433 habitis
518 412 629 433 coram
653 402 861 433 thesaurario
881 404 911 432 et
935 401 1163 439 subdelegatis

156 456 331 495 predictis,
352 457 431 495 quia
455 456 504 486 eis
519 456 669 486 constitit
688 458 717 485 te
735 455 856 485 debere
872 455 995 492 dejure
1014 455 1046 483 in
1068 462 1161 484 cano-

154 511 266 540 nicum
283 510 435 548 ejusdem
452 509 593 539 ecclesie
609 508 886 546 Aurigniacensis
905 507 1036 537 admitti
1057 508 1087 537 et
1103 506 1163 537 tibi

155 563 327 602 provideri
354 562 437 592 inibi
469 563 508 593 de
538 562 718 601 prebenda,
749 561 984 591 sententiando
1008 559 1163 590 arbitrati

157 617 303 647 suerunt.
321 617 510 646 statuerunt
525 618 555 645 et
574 615 771 645 ordinarunt
793 616 823 644 te
846 614 914 643 sore
933 613 1162 651 recipiendum

156 670 189 699 in
210 670 281 708 ipsa
304 669 445 699 eeclesia
468 669 501 698 in
520 668 716 698 canonicum
736 670 765 697 et
787 667 819 696 in
840 667 987 702 fratrem,
1006 674 1071 696 non
1089 665 1164 695 obs-

154 724 244 753 tante
261 722 524 752 contradictione
540 721 648 760 ipsius
667 720 848 754 abbatisse,
863 728 899 749 ac
918 718 1163 757 providendum

154 775 215 806 tibi
231 775 270 805 de
287 775 468 814 prebenda,
488 775 516 804 si
533 776 611 804 tunc
631 775 762 803 vacaret
779 772 903 802 ibidem
922 772 975 802 vel
994 771 1163 810 quampri-

155 838 245 858 mum
265 829 307 859 ad
326 829 355 858 id
386 837 421 858 se
440 827 581 858 facultas
599 827 744 856 offerret.
762 826 1007 855 Mandaverunt
1025 825 1164 863 insuper

155 881 235 911 dicti
264 882 302 912 G.
331 883 361 911 et
388 881 427 911 U.
456 879 644 910 cardinales
675 878 763 917 quod
781 878 897 908 eadem
929 876 1102 907 abbatissa
1118 878 1161 913 te,

157 934 373 974 quantumin
400 942 439 963 ea
466 934 528 970 est,
548 932 654 971 recipi
678 931 777 961 saciat
805 931 839 960 in
865 930 995 969 prefata
1022 930 1164 960 ecelesia

153 987 413 1026 Aurigniacensi
430 986 463 1016 in
479 985 674 1016 canonicum
690 986 721 1014 et
740 984 774 1014 in
791 983 940 1014 fratrem.
966 983 1164 1014 Declarave-

154 1042 231 1071 runt
246 1041 348 1071 etiam
373 1042 404 1070 et
429 1038 696 1069 determinarunt
716 1037 805 1077 quod
822 1036 987 1067 nominati
1013 1036 1165 1067 subdele-

155 1094 224 1133 gati
246 1094 370 1124 dictam
397 1092 605 1123 abbatissam
625 1093 657 1122 et
684 1099 903 1130 quoscunque
927 1090 1012 1120 alios
1035 1092 1163 1120 contra-

153 1147 299 1177 dictores
324 1147 463 1185 possent
487 1147 518 1176 et
546 1144 689 1176 debeant
716 1145 917 1183 compellere
944 1144 986 1174 ad
1013 1144 1166 1174 facienda

155 1209 193 1231 ea
210 1209 274 1239 que
291 1208 392 1238 super
415 1199 476 1229 hoc
500 1198 694 1229 arbitrando
717 1198 908 1228 statuerunt
931 1198 962 1228 et
986 1197 1087 1227 etiam
1111 1197 1165 1227 ob-

155 1253 332 1290 servanda,
343 1254 440 1292 prout
451 1253 484 1282 in
493 1252 629 1291 publico
640 1253 865 1282 instrumento
878 1251 1028 1281 confecto
1043 1250 1164 1280 exinde

154 1316 191 1338 ac
205 1307 372 1337 dictorum
389 1306 428 1337 G.
447 1308 479 1336 et
498 1306 537 1336 U.
553 1305 773 1336 cardinalium
793 1304 919 1344 sigillis
938 1304 1080 1343 signato,
1096 1303 1164 1342 ple-

154 1361 231 1391 nius
244 1361 445 1390 continetur.
462 1360 534 1389 Nos
555 1359 679 1397 itaque,
696 1358 763 1388 tuis
790 1357 1096 1396 supplicationibus
1114 1357 1164 1386 in-

154 1414 282 1449 clinati,
300 1413 389 1452 quod
411 1412 452 1443 ab
478 1412 605 1442 eisdem
623 1412 661 1442 G.
681 1413 712 1441 et
730 1412 770 1442 ΙΙ.
788 1410 1017 1441 cardinalibus
1039 1410 1165 1440 sactum

155 1469 205 1497 est
220 1467 253 1496 in
269 1467 330 1496 bac
346 1467 451 1504 parte,
471 1466 581 1495 ratum
598 1464 760 1494 habentes
777 1466 807 1494 et
823 1466 967 1502 gratum,
987 1463 1070 1493 illud
1090 1471 1166 1493 auc·

154 1520 290 1550 toritate
316 1519 501 1558 apostolica
529 1518 770 1548 confirmamus
798 1518 828 1547 et
851 1517 1018 1554 presentis
1048 1516 1165 1555 scripti

155 1573 343 1611 patrocinio
360 1571 621 1607 communimus,
640 1572 790 1600 tenorem
814 1570 924 1608 ipsius
948 1569 1165 1599 instrumenti

154 1627 194 1657 de
211 1625 312 1656 verbo
339 1625 379 1656 ad
398 1624 536 1655 verbum
556 1623 774 1663 presentibus
793 1623 896 1653 inseri
918 1623 1092 1657 facientes,
1108 1623 1165 1661 qui

153 1681 233 1710 talis
250 1682 318 1710 est:

194 1747 208 1761 «
229 1734 265 1763 In
283 1733 417 1763 nomine
437 1731 574 1762 Domini
599 1739 706 1761 amen.
729 1731 812 1761 Cum
831 1730 910 1760 olim
929 1730 1095 1760 discretus
1114 1747 1162 1759 —.

152 1787 311 1817 Tulimus
329 1788 440 1816 autem
459 1785 519 1815 boc
538 1784 718 1815 arbitrium
742 1792 801 1813 seu
826 1783 1072 1813 ordinationem
1091 1791 1166 1812 nos-

154 1843 240 1871 tram
251 1839 339 1879 apud
350 1839 640 1871 Urbemveterem⁷
654 1838 687 1867 in
701 1846 833 1867 camera
844 1837 973 1866 domini
984 1845 1079 1875 pape,
1098 1844 1168 1874 pre-

154 1893 307 1924 sentibus
327 1892 472 1923 testibus
491 1891 609 1922 adhoc
632 1890 772 1924 voeatis,
801 1890 902 1920 fratre
924 1889 1104 1920 Lamberto
1127 1889 1166 1918 de

121 1962 126 1967 ν
155 1947 272 1977 ordine
289 1946 411 1977 Militie
429 1944 573 1983 Templi,
593 1944 735 1983 predicti
753 1942 882 1973 domini
897 1951 981 1982 pape
999 1942 1167 1972 cubicula-

154 2001 216 2037 rio,
231 2000 392 2039 magistro
404 1998 575 2037 Raynerio
586 1998 625 2028 de
643 1997 799 2030 Paxiaco,
817 1997 976 2026 canonico
989 1995 1162 2031 Remensi,

156 2053 286 2084 domini
303 2061 389 2091 pape
408 2051 593 2091 capellano,
612 2053 640 2081 et
654 2050 846 2081 Alexandro
864 2050 903 2080 de
919 2049 1057 2080 Verulis
1077 2050 1167 2078 nota·

157 2108 218 2143 rio,
232 2105 448 2146 presentibus
463 2105 566 2135 etiam
581 2104 681 2134 dietis
693 2103 832 2134 sober-to
852 2103 978 2133 decano
993 2102 1166 2141 etEgidio,

156 2161 374 2199 procuratore
389 2159 477 2189 dicte
495 2157 678 2188 abbatisse.
698 2157 736 2186 In
754 2157 849 2196 eujus
865 2156 913 2186 rei
935 2155 1169 2186 testimonium

157 2216 188 2244 et
202 2214 350 2243 futuram
361 2211 560 2242 memoriam
572 2211 829 2250 premissorum,
841 2218 982 2248 presens
992 2209 1169 2239 arbitrium

158 2276 219 2297 seu
250 2266 497 2296 ordinationem
523 2266 673 2295 nostram
694 2272 753 2302 per
782 2263 1051 2301 suprascriptum
1066 2262 1170 2292 tabel-

158 2320 284 2350 lionem
303 2318 406 2348 scribi
424 2320 456 2348 et
478 2317 642 2362 publicari
663 2317 901 2347 mandavimus
929 2317 960 2346 et
978 2315 1169 2354 sigillorum

159 2374 356 2404 nostrorum
397 2371 603 2410 appensione
639 2370 778 2407 muniri,
812 2369 874 2400 sub
914 2378 1000 2399 anno
1032 2368 1170 2399 Domini

160 2429 353 2461 m⁰cc⁶LX111⁰,
386 2425 439 2454 die
472 2434 493 2453 11
522 2424 678 2454 exeuntis
704 2423 861 2459 octobris,
894 2423 1076 2452 indictione
1111 2431 1169 2457 vii,

161 2479 380 2519 pontificatus
397 2477 525 2508 domini
542 2476 670 2508 Urbani
690 2485 774 2515 pape
790 2476 855 2506 IIII
872 2485 959 2506 anno
977 2476 1088 2506 tertio.
1102 2476 1171 2514 Ego

160 2533 259 2563 Paris
269 2532 308 2562 de
318 2531 466 2570 Spoleto,
477 2530 630 2560 notarius
646 2529 813 2568 publicus,
830 2529 1012 2568 prolationi
1029 2528 1172 2568 predicti

152 2585 294 2616 arbitrii
311 2593 371 2615 seu
392 2583 617 2614 ordinationis
636 2591 776 2621 presens
793 2582 944 2619 interfui,
965 2584 997 2612 et
1014 2582 1172 2612 mandato

162 2639 392 2679 predictorum
402 2637 615 2667 dominorum
628 2636 863 2671 cardinalium,
874 2638 910 2666 ut
922 2644 1025 2674 supra
1034 2635 1171 2674 legitur,

162 2692 297 2731 scripsi,
319 2690 490 2730 publicavi
507 2691 538 2720 et
557 2698 631 2719 meo
650 2689 745 2728 signo
765 2689 907 2728 signavi.
927 2698 944 2718 »

201 2745 296 2776 Nulli
320 2753 399 2784 ergo
423 2744 537 2774 nostre
562 2742 829 2772 confirmationis
850 2744 911 2772 etc.
937 2742 1062 2772 Datum
1087 2741 1174 2780 apud

160 2799 452 2831 >Urbemveterem‚
472 2806 508 2826 111
526 2796 602 2825 idus
620 2794 821 2831 decembris,
841 2803 927 2825 anno
945 2795 1058 2825 tertio.
1079 2804 1095 2824 >›

292 2905 429 2932 URBAIN
451 2902 503 2934 IV,
523 2905 544 2929 t.
566 2900 620 2933 111,
644 2902 707 2935 Rey.
730 2900 790 2928 ord.

1311 244 1406 274 2277
1721 243 1843 274 ort-icto,
1864 244 1890 270 11
1910 245 2062 270 nuri-inbre
2082 246 2155 272 1203.

1256 327 1396 353 Dceanum
1418 329 1443 353 ct
1469 326 1650 355 {domu-stum.
1672 327 1839 354 011110111011111
1861 328 1996 354 eeclesiae
2014 337 2036 354 5.
2056 329 2130 355 1’011·1
2148 331 2227 355 Surs-

1220 375 1372 403 sionensis,
1387 375 1742 409 praedictaeordinationis
1753 376 1898 402 constituit
1909 379 2084 403 executores.
2096 391 2098 399 ι
2109 378 2172 404 tta...
2185 381 2227 405 25³.

1220 423 1268 450 fot.
1288 424 1339 450 247
1355 430 1393 454 γ’).
1410 430 1439 450 n⁶
1463 425 1550 451 1:326.)

1261 538 1275 556 «
1299 527 1417 557 Damno
1445 534 1471 557 cl
1489 529 1657 567 Licffatdo,
1682 531 1826 559 canonico
1851 530 1971 559 ecclesie
1996 541 2018 559 s.
2040 531 2124 559 l¹elri
2142 532 2230 560 Saes-

1219 580 1373 611 sionensis.
1412 582 1562 612 Dilectus
1597 583 1687 612 tilius
1715 583 1876 613 Sobertus
1902 602 1951 612 —.
1988 585 2111 614 Datum
2143 585 2230 623 apud

1221 633 1508 669 Urbemveterem,
1532 645 1565 665 ttt
1587 635 1662 666 idus
1680 636 1885 671 novembris,
1902 646 1987 666 anno
2007 638 2116 666 tertie.
2136 646 2151 665 »

1311 803 1407 834 2278
1711 803 1837 829 Orvicto.
1859 805 1891 829 22
1910 803 2062 829 novembre
2086 802 2161 829 1203.

1256 886 1512 921 Archiprcsbytero
1533 887 1670 913 eeclesiae
1687 896 1708 913 s.
1724 887 1896 918 Terentiam,
1914 888 2084 914 Tudertinae
2100 887 2232 918 diocesis,

1221 936 1339 962 mandat
1361 939 1391 962 ut
1407 936 1536 969 nitri-ido,
1554 936 1755 963 archidiacono
1775 937 1913 963 ecclcsiae
1931 937 2110 963 Tudertinae.
2130 938 2164 963 de
2182 936 2232 962 ali-

1221 993 1274 1018 qua
1292 986 1450 1019 praebenda
1468 985 1625 1019 provideat.
1644 986 1721 1021 (nm
1741 986 1785 1019 29,
1810 986 1857 1013 sol.
1873 985 1924 1013 247
1940 990 1983 1017 ΥΟ,
2002 992 2029 1012 11ο
2048 987 2136 1018 1327.)

1263 1102 1276 1119 t(
1308 1091 1582 1131 ‚irclzipresbylero
1597 1091 1718 1121 ecclesie
1736 1101 1759 1121 s.
1782 1091 1966 1128 Terentiam,
1990 1090 2152 1121 Tudertine
2170 1091 2235 1121 diu—

1223 1145 1306 1174 cesis.
1328 1145 1394 1175 Sua
1413 1144 1510 1175 nobis
1532 1145 1675 1175 dilectus
1695 1163 1745 1174 —.
1766 1145 1890 1175 Datum
1915 1145 2002 1184 apud
2021 1144 2235 1176 L'rbemvete-

1222 1207 1305 1234 rem,
1326 1208 1346 1228 x
1366 1198 1528 1228 kalendas
1546 1198 1746 1235 decembris,
1767 1207 1853 1229 anno
1872 1199 1981 1229 tertio.
2001 1207 2017 1227 »

1311 1359 1408 1390 2279
1719 1358 1842 1391 ‹li-vieto,
1862 1359 1896 1385 220
1911 1359 2066 1385 novembre
2086 1359 2162 1386 1303.

1259 1441 1343 1468 Petro
1366 1442 1516 1475 Fulcbcrii,
1541 1443 1644 1469 rectori
1666 1441 1801 1469 ecclcsiae
1824 1444 1857 1469 de
1884 1443 2007 1475 Yiroliis,
2029 1443 2234 1470 Xanctoncnsis

1223 1490 1355 1522 diocesis.
1373 1492 1527 1518 rectoriam
1542 1491 1687 1526 resignare
1709 1494 1818 1526 parato,
1836 1492 2036 1519 canonicatum
2055 1495 2079 1518 et
2099 1493 2234 1526 praeben-

1223 1540 1290 1566 dam
1313 1540 1449 1567 eeclesiae
1474 1541 1702 1575 {ingolismensis
1729 1539 1848 1567 confert.
1875 1541 1953 1575 (tiro.
1979 1542 2024 1574 29,
2049 1540 2097 1567 fol.
2123 1541 2172 1568 247
2198 1547 2233 1571 νὴ

1224 1595 1253 1615 n⁰
1267 1589 1356 1622 1328.)

1266 1704 1281 1723 ((
1301 1694 1391 1723 Pelso
1410 1693 1578 1731 Fulclzerii',
1602 1695 1712 1724 rectori
1737 1695 1856 1724 ecclesie
1877 1695 1913 1724 de
1943 1694 2078 1730 Viroliz's.
2105 1694 2235 1724 Xancte-

1225 1748 1325 1777 nensis
1354 1747 1489 1778 diocesis.
1516 1748 1647 1778 Meritis
1675 1748 1857 1778 laudabilis
1887 1748 2154 1778 conversationis
2190 1766 2235 1775 -.

1226 1801 1351 1831 Datum
1374 1802 1460 1840 apud
1486 1801 1773 1837 Urhemveterem,
1793 1811 1839 1831 xii
1860 1801 2023 1831 kalendas
2037 1801 2236 1835 decembris,

1226 1863 1311 1884 anno
1330 1855 1441 1885 tertio.
1465 1865 1478 1882 n

1317 2016 1414 2045 2280
1725 2013 1848 2047 Orvieto,
1867 2014 1900 2040 22
1916 2014 2071 2040 novembre
2091 2014 2166 2041 1203.

1263 2098 1431 2132 Magistrum
1454 2097 1597 2124 scolarum
1622 2100 1647 2124 et
1673 2097 1839 2124 Gausridum
1863 2098 1896 2123 de
1921 2098 2048 2124 Barreto.
2071 2096 2239 2123 canonicum

1228 2147 1454 2180 Xanctonenses‚
1471 2146 1632 2181 praedictae
1648 2145 1809 2173 collationis
1831 2147 1947 2180 deputat
1963 2149 2138 2172 executores.
2160 2146 2238 2179 titre.

1229 2196 1273 2227 29,
1293 2196 1418 2227 101248,
1439 2201 1469 2222 11⁰
1487 2196 1577 2229 1329.)

1270 2314 1285 2334 1(
1313 2304 1462 2343 Mayz'stro
1480 2303 1629 2332 scolarum
1647 2308 1673 2331 ec
1695 2301 1845 2341 Gaufm'do
1868 2301 1904 2331 de
1928 2301 2069 2337 Bas-reto,
2097 2302 2242 2330 canonico

1230 2357 1506 2387 Xanctonensibus.
1532 2356 1663 2386 Meritis
1689 2355 1872 2385 laudabilis
1901 2354 2168 2385 conversationis
2192 2372 2240 2384 —.

1230 2411 1354 2441 Datum
1384 2409 1472 2448 apud
1496 2409 1783 2444 Urbemveterem,
1812 2417 1834 2437 x
1855 2407 2016 2437 kalendas
2043 2406 2241 2442 decembris,

1231 2472 1317 2494 anno
1334 2464 1442 2494 tertio.
1465 2472 1481 2491 »

1716 2619 1838 2651 Urvieto,
1861 2621 1902 2646 10r
1921 2621 2072 2647 decembre
2095 2622 2171 2649 1203.

1321 2624 1415 2654 2281

1267 2705 1506 2740 Arffliepiscopis,
1526 2704 1666 2739 episeopis
1682 2707 1707 2731 et
1729 2704 1793 2730 aliis
1815 2704 2000 2731 ecelesiarum
2023 2705 2170 2739 praelatis,
2188 2714 2246 2732 rcc-

1232 2755 1340 2782 toribus
1356 2763 1388 2782 ac
1406 2753 1545 2781 universis
1567 2753 1678 2780 clericis
1700 2761 1748 2787 per
1771 2752 1934 2779 Hibernium
1951 2753 2117 2781 constitutis
2137 2754 2245 2781 inhibet

1232 2812 1266 2830 ne
1282 2803 1355 2830 alter
1372 2803 1495 2830 alterum
1515 2810 1598 2836 super
1619 2801 1750 2831 decimis,
1777 2802 1960 2829 testamentis
1981 2810 2013 2829 ac
2035 2804 2119 2829 rebus
2138 2803 2201 2829 aliis
2219 2805 2246 2830 ct

1232 2852 1392 2879 actionibus
1412 2851 1620 2886 personalibus,
1641 2859 1712 2885 quac
1739 2851 1775 2877 1111
1800 2851 1894 2877 sorum
1919 2851 2145 2878 ecclesiasticum
2166 2853 2246 2878 (111111-

2090 2901 2125 2928 48
