2519 3262
989 285 1228 323 1301313113
1257 286 1419 322 ANNEE.

171 376 231 406 lati
248 379 279 407 et
295 376 443 415 capitula
459 377 555 415 regni
571 376 759 413 Alamanie,
774 376 966 407 auctoritati
983 377 1181 415 sedisapos-

169 429 270 460 tolice
288 430 501 460 intendentes
517 429 682 460 obsistere
698 438 735 460 ac
753 429 927 460 obstruere
945 429 1011 459 sibi
1024 429 1112 459 viam
1126 438 1181 459 311-

170 491 228 520 per
245 483 497 521 provisionibus
510 483 721 516 clericorum,
738 485 772 513 ut
789 484 995 521 opponentes
1006 491 1106 520 super
1120 481 1180 512 hoc

170 536 237 574 ipsi
255 536 326 566 sedi
348 536 573 574 plurimorum
590 536 788 574 potentiam,
811 535 1040 565 ecclesiastica
1060 535 1181 564 beneti-

171 588 269 627 [filtia
306 589 339 618 in
372 589 444 619 suis
475 589 734 627 consanguineis
764 591 793 618 et
821 588 951 624 amicis,
982 588 1078 626 quasi
1105 588 1180 626 Jure

170 641 389 677 hereditario,
403 641 626 679 possiderent,
643 641 837 671 effrenatam
855 641 1054 670 clericorum
1066 639 1176 669 multi-

171 694 324 724 tudinem
352 696 444 724 motu
467 694 603 733 proprio
624 694 658 723 in
677 693 858 724 earundem
886 693 1105 723 ecclesiarum
1130 700 1180 722 63-

171 746 311 777 nonicos
323 746 558 782 admittebant,
576 746 660 776 bone
678 746 839 776 memorie
856 745 906 781 R,
921 745 1028 775 sancti
1043 743 1180 782 Georgii

172 799 213 829 ad
230 799 354 829 Velnm
373 807 512 829 aureum
533 799 693 829 diaconus
713 798 906 833 cardinalis,
932 799 1012 828 tunc
1026 798 1059 827 in
1079 805 1180 835 regno

170 852 288 882 eodem
303 853 452 890 predicte
465 852 556 882 sedis
570 852 711 890 legatus,
732 851 913 881 electiones
931 850 1001 880 sive
1019 849 1181 888 receptio-

172 913 233 936 nes
259 907 291 934 in
312 905 466 935 ecclesiis
484 893 565 935 dicti
582 905 688 943 regni,
707 905 798 934 motu
817 903 954 942 proprio
973 902 1181 941 prelatorum

171 960 203 989 et
218 958 443 997 capitulorum
462 957 644 988 earundem
663 957 704 987 ad
721 958 897 986 vacaturas
914 955 1102 994 prebendas
1118 955 1182 986 fac-

170 1013 222 1041 tas
246 1020 306 1042 sue
332 1011 513 1050 legationis
539 1010 738 1040 auctoritate
756 1009 904 1040 decrevit
923 1009 1036 1040 irritas
1059 1011 1091 1039 et
1114 1008 1182 1039 ina-

171 1072 243 1100 nes,
262 1065 414 1095 statuens
437 1065 473 1094 ut
498 1063 642 1102 predicti
667 1062 789 1101 prelati
818 1064 849 1092 61
875 1062 1022 1100 capitula
1050 1061 1181 1091 similes
1209 1058 1210 1065 ¹

171 1117 354 1147 electiones
373 1117 444 1147 sive
459 1116 669 1155 receptiones
691 1115 839 1154 amplius
859 1115 967 1145 facere
986 1115 1181 1145 nullatenus

171 1172 420 1210 attemptarent.
440 1170 476 1201 Si
502 1178 581 1200 vero
598 1169 705 1208 aliqui
724 1169 841 1199 statuti
861 1169 1055 1207 hujusmodi
1073 1171 1180 1199 trans·
1209 1177 1210 1180 ¹

169 1232 344 1263 gressores
376 1224 417 1254 ad
453 1224 631 1254 vacaturas
670 1222 858 1262 prebendas
893 1222 1026 1261 aliquos
1057 1222 1181 1261 eligere

169 1277 307 1315 propria
333 1276 525 1307 temeritate
543 1278 789 1315 presumerent,
812 1276 900 1306 idem
919 1275 1103 1306 cardinalis
1119 1275 1181 1306 611-

169 1330 270 1369 gendi
297 1330 463 1368 potestate
489 1338 528 1359 ea
551 1329 622 1359 vice
653 1329 799 1368 privavit
827 1329 974 1365 eosdem,
1002 1328 1120 1359 volens
1150 1330 1181 1358 et

170 1384 325 1414 statuens
342 1384 379 1414 ut
401 1383 563 1414 beneficia
589 1384 620 1413 et
643 1381 811 1422 prebende
835 1384 1003 1417 vacature,
1033 1383 1073 1412 ad
1097 1390 1180 1421 quas

170 1438 288 1468 contra
303 1438 456 1467 tenorem
475 1437 728 1467 constitutionis
744 1436 938 1474 hujusmodi
959 1436 1064 1475 aliqui
1083 1436 1180 1465 electi

170 1490 280 1521 forent
290 1490 343 1520 vel
354 1490 491 1528 recepti,
507 1498 582 1519 cum
594 1491 761 1525 vacarent,
776 1497 834 1527 per
847 1489 1053 1527 superiores,
1070 1489 1111 1518 ad
1124 1497 1180 1518 eos

169 1543 245 1582 ipsa
263 1542 457 1573 conferendi
470 1543 636 1581 potestate
654 1544 789 1581 propter
807 1542 867 1572 boc
882 1542 1049 1577 devoluta,
1067 1550 1179 1580 perso-

170 1597 224 1626 nis
241 1596 371 1626 idoneis
386 1595 629 1626 conferrentur.
647 1595 771 1625 Felicis
786 1603 920 1634 quoque
938 1594 1181 1625 recordationis

170 1649 367 1680 Alexander
384 1657 482 1688 papa,
501 1649 719 1687 predecessor
742 1649 868 1684 noster,
887 1648 921 1678 in
940 1648 1180 1678 constitutione

170 1711 231 1741 per
249 1711 352 1741 quam
375 1702 585 1741 receptiones
610 1701 798 1740 prebendas
818 1701 1069 1740 expectantium
1088 1709 1179 1731 vaca-

169 1758 263 1786 turas
281 1755 387 1786 factas
412 1756 447 1785 in
474 1755 640 1791 ecclesiis,
659 1756 802 1794 quatuor
823 1755 999 1785 dumtaxat
1017 1754 1178 1793 exceptis,

170 1809 319 1839 decrevit
336 1809 452 1839 irritas
477 1811 509 1839 et
532 1809 660 1842 inanes,
677 1809 847 1838 universis
868 1808 1089 1838 ecclesiarum
1107 1816 1177 1846 pre-

170 1863 250 1893 latis
269 1864 300 1893 et
327 1862 487 1901 capitulis
505 1862 651 1892 inhibuit
669 1871 708 1892 ne
727 1862 860 1901 aliquos
878 1863 971 1892 motu
987 1861 1123 1900 proprio
1147 1861 1181 1891 in

170 1915 327 1946 ecclesiis
345 1915 442 1954 ipsis,
460 1915 641 1954 prebendis
665 1924 731 1945 non
752 1914 951 1945 vacantibus
969 1915 1003 1944 111
1020 1915 1082 1951 613,
1099 1914 1179 1945 reci-

170 1969 288 2008 perent
305 1969 339 1998 in
357 1968 536 1998 canonicos
562 1970 593 1998 et
612 1968 645 1998 in
663 1968 797 2004 fratres,
824 1968 852 1998 si
876 1968 1071 1998 canonicam
1091 1967 1180 1997 vole-

168 2021 249 2052 bant
266 2021 411 2060 effugere
429 2021 604 2051 ultionem.

210 2075 338 2105 Verum
355 2075 388 2104 in
404 2074 546 2104 ecclesia
561 2074 669 2104 sancti
685 2074 836 2104 Castoris
852 2074 885 2104 in
899 2074 1120 2108 Contluentia‚
1139 2075 1179 2104 ad

168 2128 267 2167 cujus
282 2128 446 2158 decanum
457 2130 489 2158 et
504 2128 689 2166 capitulum
699 2127 834 2158 collatio
846 2128 1093 2166 prebendarum
1106 2136 1179 2167 per-

168 2181 262 2215 tinet,
278 2181 429 2211 cantoria
444 2183 476 2211 et
493 2181 664 2220 prebenda
676 2189 735 2220 per
748 2182 891 2211 mortem
904 2181 1055 2217 Henrici,
1069 2181 1179 2220 ipsius

168 2234 310 2265 ecclesie
341 2234 501 2269 cantoris,
531 2234 741 2270 vacantibus,
768 2234 962 2264 ..decanus
981 2235 1013 2265 et
1038 2243 1099 2264 sex
1126 2235 1179 2264 vel

169 2289 301 2326 septem
322 2296 362 2318 ex
383 2288 554 2318 canonicis
570 2288 722 2327 ejusdem
742 2288 883 2318 ecclesie
905 2288 1013 2318 sancti
1029 2288 1179 2318 Castoris

169 2341 226 2380 qui
242 2349 277 2371 se
290 2341 475 2380 capitulum
485 2341 693 2378 asserebant,
705 2341 861 2380 quamvis
870 2341 986 2380 plures
997 2341 1055 2371 alii
1066 2343 1179 2372 essent

168 2394 202 2424 in
222 2394 364 2424 ecclesia
377 2394 452 2433 ipsa
465 2395 626 2430 canonici,
641 2404 785 2434 quorum
798 2395 903 2434 aliqui
915 2395 1080 2426 debebant
1093 2395 1178 2434 capi-

168 2447 231 2478 tuli
246 2447 448 2478 tractatibus
462 2448 637 2484 interesse,
650 2449 694 2484 te,
709 2448 766 2487 qui
780 2448 820 2478 de
835 2449 985 2487 antiqua,
997 2448 1181 2487 approbata

168 2509 206 2531 ac
220 2500 386 2530 hactenus
400 2500 538 2539 pacifice
552 2500 731 2531 observata
746 2502 989 2532 consuetudine
1002 2502 1180 2541 proximus

169 2553 331 2592 superior
352 2553 386 2584 in
403 2553 520 2584 eadem
543 2553 685 2584 ecclesia
702 2562 776 2585 esse
799 2554 934 2591 diceris,
956 2555 997 2585 ad
1013 2564 1125 2594 quem,
1144 2558 1182 2587 ut

168 2606 293 2637 dicitur
315 2607 444 2646 spectat
460 2607 623 2637 investire
639 2607 818 2638 canonicos
833 2608 872 2638 de
889 2608 1083 2647 prebendis,
1103 2617 1181 2639 con-

2184 302 2242 331 435

1235 377 1306 415 guli
1336 377 1571 407 canonicorum
1604 378 1754 416 ipsorum
1795 380 1947 418 singulos
1982 383 2130 420 nepotes,
2168 392 2242 413 con-

1235 430 1440 468 sanguineos
1466 430 1517 460 vel
1535 431 1661 460 amicos
1678 440 1757 462 suos
1774 433 2002 469 nominarunt,
2019 444 2103 473 quos
2123 435 2185 474 ipsi
2205 445 2241 466 ac

1234 483 1323 512 idem
1358 483 1503 512 decanus
1529 483 1559 512 111
1584 485 1762 515 canonicos
1795 486 1942 524 predicte
1969 487 2108 517 ecclesie
2134 489 2240 518 3311611

1235 535 1398 570 Castoris,
1418 536 1448 565 in
1477 545 1541 575 qna
1565 539 1675 567 6611113
1692 539 1761 568 erat
1777 539 2014 569 canonicorum
2034 549 2194 571 numerus
2211 544 2242 572 ct

1234 588 1407 618 distinctio
1425 590 1681 627 prebendarum,
1703 591 1807 621 nullis
1826 592 1856 621 in
1874 601 1911 621 ea
1927 593 2108 631 prebendis
2126 603 2241 624 vacan-

1233 640 1336 675 tibus,
1357 642 1388 671 in
1419 644 1647 681 contemptum
1676 644 1804 681 prefate
1835 645 1925 674 sedis
1953 646 2065 675 minus
2083 647 2240 677 canonice

1207 731 1208 735 Ἰ
1234 697 1443 732 receperunt,
1468 697 1499 725 et
1517 696 1660 732 litteras,
1685 697 1851 735 sigillatas
1879 698 1992 736 sigillo
2011 700 2149 737 capituli
2168 709 2242 738 pre-

1234 747 1320 777 dicte
1339 748 1477 778 ecclesie
1489 749 1595 779 sancti
1609 750 1773 786 Castoris,
1788 751 1958 788 superlioc
1975 760 2089 781 eorum
2104 752 2242 782 cuilibet

1233 803 1484 831 concesserunt.
1507 803 1590 832 Cum
1612 802 1713 841 igitur
1729 804 1937 842 receptiOnes
1953 804 2145 842 hujusmodi
2169 814 2243 835 con·

1208 869 1209 905 ἢ
1234 853 1285 882 tra
1314 852 1547 884 inhibitionem
1575 855 1715 893 predicti
1747 857 1996 894 predecessoris
2025 858 2131 887 nostri
2154 860 2184 888 et
2211 858 2244 887 in

1235 906 1387 936 fraudem
1406 908 1660 938 constitutionis
1683 909 1823 947 predicti
1843 909 1955 948 legati,
1980 910 2055 940 licet
2075 910 2108 940 in
2129 919 2167 940 ea
2185 911 2244 941 mi-

1209 982 1210 994 ]
1235 959 1336 995 1111116,
1354 961 1387 989 111
1406 960 1541 996 dicitur,
1560 961 1603 991 sit
1623 970 1824 1000 expressum
1842 963 1930 1001 quod
1947 963 2027 992 dicti
2045 963 2155 993 clerici
2177 964 2243 993 sint

1209 1002 1210 1056 J
1235 1012 1276 1041 ad
1306 1014 1483 1043 vacaturas
1509 1013 1698 1052 prebendas
1732 1015 1842 1051 electi,
1874 1017 2035 1054 apparent
2064 1025 2139 1046 esse
2170 1024 2244 1055 pre-

1235 1068 1382 1104 sumpte,
1411 1067 1545 1106 sintque
1564 1067 1649 1097 alias
1666 1068 1821 1107 exemplo
1840 1069 2025 1107 pernitiose
2044 1071 2075 1100 et
2100 1078 2160 1108 per
2184 1069 2244 1100 hoc

1209 1138 1210 1148 1
1235 1119 1431 1149 nullatenus
1442 1120 1639 1157 tollemnde,
1654 1129 1725 1155 1103,
1738 1130 1915 1152 excessum
1926 1122 2119 1161 hujusmodi
2130 1123 2244 1153 taliter

1235 1173 1355 1211 punire
1378 1173 1529 1204 volentes
1553 1173 1641 1212 quod
1661 1174 1772 1204 adltus
1791 1175 2024 1205 committendi
2045 1175 2172 1205 similia
2197 1183 2245 1206 ce-

1235 1226 1321 1256 teris
1338 1226 1564 1265 precludatur,
1583 1236 1624 1257 ex
1641 1227 1752 1258 officio
1770 1229 1887 1258 nostro
1904 1228 2114 1267 receptiones
2129 1229 2245 1267 hujus-

1235 1280 1326 1309 modi
1345 1282 1376 1310 et
1404 1280 1565 1319 quicquid
1591 1289 1632 1311 ex
1649 1281 1699 1311 eis
1718 1282 1871 1312 secutum
1889 1283 1951 1318 est,
1968 1282 2058 1312 veris
2083 1282 2245 1320 predictis

1234 1332 1476 1368 existentibus,
1501 1334 1709 1372 presentium
1733 1335 1848 1364 tenore
1864 1343 2050 1371 cassamus,
2069 1335 2244 1365 irritamus

1235 1395 1272 1416 ac
1286 1386 1500 1417 decernimus
1516 1387 1644 1417 nullius
1660 1387 1806 1418 existere
1822 1388 2004 1424 firmitatis,
2021 1388 2122 1418 etiam
2134 1388 2162 1418 si
2178 1388 2246 1418 sint

1234 1439 1269 1469 in
1284 1439 1391 1469 forma
1405 1440 1576 1470 communi
1592 1449 1651 1479 per
1667 1441 1781 1471 sedem
1801 1441 2019 1480 apostolicam
2036 1442 2245 1472 confirmate.

1235 1493 1272 1522 Et
1287 1493 1367 1530 quia
1383 1501 1442 1531 per
1463 1493 1657 1531 hujusmodi
1683 1494 1867 1524 eorundem
1889 1494 2007 1524 decani
2025 1495 2056 1524 et
2072 1495 2244 1524 canonico·

1234 1554 1309 1575 rum
1343 1546 1562 1576 ambitionem
1588 1555 1624 1576 ac
1659 1547 1814 1576 illicitam
1847 1547 1999 1585 ipsorum
2033 1548 2244 1578 allectionem

1240 1607 1341 1636 quam
1359 1599 1399 1628 ad
1415 1607 1495 1629 suos
1511 1599 1778 1638 consanguineos
1796 1602 1827 1630 et
1847 1600 1974 1630 amicos
1992 1608 2027 1630 se
2044 1600 2167 1630 habere
2185 1608 2244 1638 per

1236 1651 1361 1681 dictum
1376 1660 1552 1681 excessum
1566 1652 1759 1682 notabiliter
1772 1653 2058 1685 demonstrarunt.
2075 1654 2245 1683 verisimi-

1236 1704 1312 1734 liter
1332 1705 1430 1734 datur
1458 1705 1602 1744 intelligi
1627 1705 1716 1744 quod
1734 1705 1835 1735 iidem
1852 1705 1999 1736 decanus
2024 1707 2055 1736 et
2077 1706 2242 1743 canonici,

1235 1757 1418 1788 ambitione
1433 1760 1465 1788 et
1479 1759 1653 1789 affectione
1677 1758 1848 1789 similibus
1863 1759 1965 1795 ducti,
1986 1758 2174 1797 prebendas
2195 1759 2242 1798 ip-

1208 1819 1209 1831 *
1235 1820 1290 1841 sas
1309 1811 1341 1840 in
1359 1811 1494 1841 eosdem
1512 1811 1652 1842 clericos
1668 1811 1721 1842 vel
1740 1812 1936 1848 consimiles
1949 1811 2089 1842 debeant
2109 1812 2242 1850 dispen-

1235 1873 1321 1897 sare,
1335 1873 1406 1896 nos,
1426 1873 1528 1903 super
1543 1864 1603 1894 hoc
1617 1865 1792 1903 providere
1811 1865 1961 1895 volentes
1979 1873 2014 1894 ac
2032 1865 2243 1895 attendentes

1234 1918 1323 1956 quod
1340 1919 1387 1954 tu,
1404 1919 1566 1956 quantum
1584 1918 1616 1947 in
1634 1919 1664 1947 te
1680 1917 1754 1953 fuit,
1771 1920 1839 1947 tam
1852 1918 2104 1956 predecessoris
2122 1917 2244 1948 inhibi-

1207 1980 1209 2002 1
1233 1971 1359 2001 tionem
1382 1979 1484 2009 quam
1500 1972 1664 2001 statutum
1683 1971 1784 2009 legati
1803 1971 2032 2009 predictorum
2051 1971 2085 2000 in
2102 1971 2244 2009 premis-

1234 2024 1282 2053 sis
1299 2023 1491 2059 observare,
1510 2032 1551 2054 ex
1573 2024 1750 2054 devotione
1765 2032 1866 2062 (1113111
1886 2024 1927 2054 ad
1945 2025 2132 2054 Romanam
2153 2025 2243 2063 geris

1233 2077 1423 2113 ecclesiam,
1441 2077 1614 2113 studuisti,
1632 2076 1694 2107 tibi
1712 2076 1907 2107 conferendi
1924 2085 1983 2116 per
2001 2079 2032 2107 te
2049 2077 2101 2106 vel
2122 2077 2240 2113 alium,

1233 2131 1432 2161 auctoritate
1458 2132 1584 2167 nostra,
1613 2131 1721 2161 dictas
1745 2130 1934 2169 prebendas
1961 2131 2000 2160 de
2026 2130 2150 2169 quibus
2172 2138 2245 2169 pre-

1233 2184 1339 2213 missa
1357 2183 1523 2214 ordinatio
1536 2184 1621 2214 sacta
1631 2183 1755 2219 erat,si
1770 2183 1840 2222 jam
1860 2185 2063 2213 vacaverunt
2079 2183 2243 2213 veletiam

1207 2236 1209 2257 ’1
1232 2239 1351 2268 vacant
1368 2237 1505 2272 ibidem,
1525 2237 1676 2276 alioquin
1695 2237 1780 2267 alias
1798 2236 1951 2273 totidem,
1970 2245 2044 2266 cum
2064 2236 2241 2271 vacabunt,

1232 2292 1353 2321 amotis
1382 2290 1532 2329 predicto
1560 2291 1658 2321 modo
1687 2290 1833 2328 receptis
1865 2292 1896 2320 et
1926 2290 2003 2320 aliis
2033 2289 2243 2328 quibuslibet

1207 2350 1209 2384 Ἰ
1233 2344 1365 2374 illicitis
1386 2343 1619 2374 detentoribus
1644 2343 1685 2374 ab
1703 2343 1844 2379 eisdem,
1862 2352 1900 2373 ac
1919 2342 2062 2373 faciendi
2079 2350 2244 2381 personas

1233 2397 1355 2436 quibus
1372 2405 1429 2427 eas
1454 2397 1649 2430 contuleris,
1677 2397 1718 2426 ad
1741 2396 1819 2426 illas
1837 2396 1939 2433 recipi
1956 2396 1990 2425 in
2012 2395 2190 2425 canonicos
2211 2397 2243 2425 et

1234 2451 1268 2481 in
1286 2451 1409 2480 fratres
1429 2450 1570 2480 ecclesie
1587 2450 1790 2490 supradicte,
1806 2449 2069 2479 contradictores
2083 2450 2158 2483 etc„
2177 2457 2243 2479 non

1235 2503 1390 2534 obstante
1409 2520 1458 2539 —‚
1488 2503 1624 2542 plenam
1642 2502 1842 2533 auctoritate
1860 2501 2071 2540 presentium
2093 2501 2243 2531 concedi-

1209 2592 1210 2602 *
1234 2566 1311 2588 mus
1336 2557 1542 2587 facultatem.
1561 2557 1685 2586 Datum
1702 2556 1790 2594 apud
1808 2555 2098 2591 Urbemveterem,
2118 2564 2139 2584 11
2163 2555 2241 2584 idus

1209 2640 1210 2645 ,
1234 2610 1327 2645 111311,
1349 2618 1434 2640 311110
1455 2609 1566 2640 tertio.
1589 2618 1604 2638 »

167 2659 360 2690 tradicente
376 2660 524 2698 penitus,
540 2660 738 2691 ordinarunt
752 2661 840 2700 quod
858 2661 936 2692 Otto
954 2661 1109 2698 clericus,
1128 2671 1181 2692 ne·
1208 2650 1210 2693 ἶ

169 2722 233 2753 pos
250 2713 364 2752 ipsius
381 2713 510 2747 decani,
529 2713 570 2743 ad
586 2713 694 2752 ipsam
710 2713 916 2753 reciperetur
930 2714 1135 2754 prebendam
1150 2716 1182 2746 et

169 2766 343 2797 obtineret
359 2765 512 2803 eandem,
531 2766 563 2797 et
580 2766 670 2805 quod
685 2766 827 2805 quilibet
848 2776 889 2798 ex
907 2768 1078 2799 canonicis
1095 2768 1181 2808 ipsis

167 2828 279 2850 unum
295 2821 452 2858 nepotem
467 2819 520 2850 vel
536 2819 681 2850 amicum
699 2828 798 2850 suum
815 2821 1014 2858 nominaret,
1033 2822 1180 2860 dictique

168 2873 188 2903 d
197 2881 320 2903 ecanus
330 2874 362 2903 et
372 2872 523 2903 canonici
534 2873 582 2903 sic
594 2873 1019 2905 nominandostenerentur
1031 2875 1180 2914 recipere
1208 2881 1210 2927 1

168 2926 207 2956 111
218 2926 397 2956 canonicos
415 2927 447 2957 et
459 2926 493 2956 in
504 2926 626 2956 fratres
640 2928 669 2957 et
683 2926 860 2965 providere
874 2927 1026 2966 ipsorum
1042 2928 1180 2959 cuilibet

168 2980 213 3011 de
230 2979 413 3019 prebenda,
434 2979 590 3010 facultate
616 2980 658 3010 ad
680 2979 714 3010 id
733 2988 768 3010 se
786 2980 950 3018 obstante,
971 2981 1086 3021 sicque
1113 2982 1179 3012 3111-

1829 2801 1954 2834 orviem,
1969 2801 2004 2829 28
2020 2801 2077 2828 mai
2097 2802 2173 2829 1264.

1323 2805 1421 2836 2590

1208 2861 1209 2875 i
1270 2888 1409 2923 Episcopo
1434 2887 1624 2914 Xanctoncnsi
1648 2887 1766 2913 mandat
1790 2888 1819 2912 ut
1843 2885 1996 2912 Guillclmo
2019 2886 2106 2917 Petri,
2132 2886 2244 2913 subdia-

1209 2962 1210 2983 *
1234 2946 1306 2965 cono
1330 2936 1559 2971 Engolismensis
1577 2935 1709 2967 diocesis,
1735 2935 1781 2970 qui
1799 2935 1826 2961 iu
1850 2935 2041 2962 Xanctonensi
2058 2934 2165 2962 diocesi
2184 2943 2246 2970 per-

1210 2993 1211 2997 *
1236 2988 1350 3020 petuam
1377 2985 1445 3012 facit
1477 2985 1669 3017 mansionem,
1702 2984 1736 3011 de
1757 2983 1851 3018 aliquo
1877 2983 2073 3011 ecclesiastico
2097 2984 2245 3017 beneficio,
