2659 3242
78 593 91 619 l
97 591 154 618 264
240 589 368 618 orvieto.

56 639 134 668 neat
157 640 168 667 1
177 642 202 658 ⁸¹

81 1339 157 1367 12⁶4
283 1355 322 1360 —

60 1388 137 1417 nont
179 1389 208 1416 9.

885 234 1055 264 TABLES
1074 235 1132 264 DU
1153 234 1370 265 REGISTRE
1388 235 1597 265 D’URBAIN
1617 235 1660 264 IV

981 326 1067 353 Pnges.
1089 325 1223 348 Numeros.

419 411 459 431 no
503 402 656 430 auxilium
699 401 848 429 ecclesiae
889 401 1009 436 impen-

419 453 506 485 dent,
533 450 764 485 indulgentiam
790 452 823 477 et
851 450 1017 485 privilegia

417 500 706 534 crucesignatorum
778 498 933 525 concedit.

1018 547 1082 567 tome
1104 546 1132 567 iv

462 588 628 616 Sententia

417 638 466 665 nis
486 638 519 664 in
538 643 592 664 eos
612 635 667 671 qui
687 641 786 668 arma,
807 635 963 662 victualia
983 637 1016 662 et

417 687 479 713 alia
522 685 617 713 utilia
659 684 807 712 hostibus
850 683 999 711 eeclesiae

421 735 616 762 ministrant.

1017 770 1077 787 tome
1091 768 1122 786 iv

458 810 617 844 Episcopo
640 807 805 842 Anagnino
828 810 860 835 et
884 808 1014 836 Nicolao
1034 811 1038 842 Ι
1072 820 1082 833 ›-

418 859 457 886 de
485 858 641 893 Anagnia,
671 857 837 892 capellano
867 858 1020 890 apostoli—

417 915 466 941 co,
499 906 611 942 nepoti
643 906 788 940 Gregorii
823 913 925 941 papae
961 906 1019 940 lx,

419 956 551 984 mandat
595 957 631 983 ut
674 956 867 983 sententiam
910 957 1021 983 contra

419 1011 588 1033 commune
617 1006 650 1032 et
682 1005 837 1040 quosdam
870 1004 1022 1039 speciales

420 1060 570 1088 personas
596 1053 743 1082 civitatis
769 1053 975 1081 Veiletrensis
1003 1060 1020 1079 a

420 1103 471 1136 G.‚
489 1101 579 1130 tituli
597 1109 620 1129 s.
639 1101 738 1130 Marci
758 1102 942 1137 presbytero
960 1109 1025 1129 car-

420 1151 531 1184 dinali,
551 1157 608 1186 pro
627 1157 718 1179 rocca
738 1151 777 1178 de
795 1151 931 1178 Lariano
952 1157 1023 1185 pro-

421 1200 532 1233 latam,
575 1200 758 1228 executioni
817 1199 1021 1231 demandent,

418 1250 560 1284 ipsorum
595 1249 790 1284 negligentia
823 1249 1021 1283 vituperata.

710 586 1011 614 excommunicatio·
1031 587 1035 617 Ι
1070 587 1106 613 75
1127 586 1226 618 12992

1130 810 1134 841 Ι
1148 808 1225 835 2993

1023 1299 1087 1319 tome
1109 1297 1137 1318 iv

466 1338 625 1373 Episcopo
668 1338 833 1373 Anagnino
885 1337 1016 1365 mandat
1033 1340 1036 1371 Ι

424 1390 459 1415 ut
478 1394 496 1415 a
513 1387 705 1415 monasterio
723 1387 762 1414 de
783 1386 932 1420 Trisuito,
947 1384 1022 1413 Car-

1085 1348 1095 1362 »
1129 1339 1133 1371 Ι
1150 1337 1228 1364 2994

1305 894 1316 919 1
1323 893 1379 919 264

2200 330 2286 357 Pages.
2308 329 2441 352 Numeros

1640 391 1788 418 tusiensis
1814 391 1956 424 diocesis,
1984 392 2147 418 Alai-rinae
2173 392 2238 419 dio-

1640 440 1729 472 cesis,
1773 441 1899 474 repetat
1943 439 2102 474 quandam
2147 447 2238 475 pecu·

1641 489 1711 514 niae
1735 488 1951 522 quantitatem
1977 488 2096 522 injuste
2119 489 2236 516 ibidem

1641 536 1819 570 depositam
1850 543 1867 562 a
1895 536 1995 563 fratre
2023 537 2170 564 Johanne
2200 537 2238 564 de

1641 585 1788 618 Stattort,
1809 585 1885 612 olim
1907 586 2079 612 camerario
2100 586 2241 620 episcopi

1641 634 1833 666 Portuensis,
1864 634 1896 660 in
1924 633 2066 667 eJusdem
2096 634 2233 669 episcopi

1642 682 1881 716 praejudicium.

1738 770 1899 794 VACANCE
1923 776 1967 796 nu
1994 770 2093 796 ειὲῡε

2243 845 2307 865 tome
2328 843 2357 865 iv

1686 893 1715 919 S.
1742 891 1782 918 R.
1808 892 1846 918 E.
1870 890 2053 919 Cardinales
2078 892 2259 926 increpant!
2296 893 2449 927 2812869

1648 942 1809 974 senenses,
1823 940 1981 967 Manfredi
1996 940 2147 974 fautores,
2162 944 2256 976 quod,

1647 991 1723 1017 dum
1748 989 1880 1017 ecclesia
1905 989 1945 1016 ad
1971 995 2059 1016 suam
2085 991 2117 1016 et
2143 990 2244 1017 totius

1646 1039 1757 1066 mundi
1790 1037 2002 1073 provisionem
2036 1040 2241 1065 necessariam

1646 1088 1761 1115 nititur
1785 1089 1817 1115 et
1844 1094 1899 1122 pro
1922 1087 2076 1121 generalis
2105 1089 2243 1121 pastoris

1647 1137 1879 1165 substitutione
1917 1138 2055 1170 laborat,
2097 1143 2165 1164 eam
2205 1141 2244 1165 ad

1647 1186 1815 1214 tractanda
1867 1186 2050 1214 distrahunt
2101 1189 2133 1214 et
2177 1191 2244 1214 tam

1647 1236 1839 1263 necessarios
1863 1235 1964 1269 ipsius
1989 1237 2123 1263 conatus
2149 1243 2243 1271 quam

1647 1285 1910 1320 periculosissime
1952 1284 2143 1320 impediunt,
2186 1285 2244 1311 im-

1646 1334 1814 1369 pugnando
1845 1334 2081 1361 Patrimonium
2112 1333 2182 1367 eJus
2212 1333 2244 1360 in

1643 1383 1757 1411 Tuscia
1768 1384 1800 1410 et
1811 1382 1981 1409 civitatem
1996 1382 2246 1409 Urbevetanam.

2383 239 2438 268 301
