2519 3262
148 202 206 232 100
897 197 1143 229 REGISTRES
1173 196 1389 228 D'URBAIN
1422 196 1480 226 IV.

147 285 194 316 tia
225 284 424 324 postulante,
458 283 704 313 sententialiter
738 283 998 322 pronuntiamus
1037 284 1069 312 et
1106 282 1158 311 de-

149 338 317 368 claramus
349 336 571 376 capellaniam
602 336 826 374 sepedictam,
856 344 931 366 cum
960 335 1095 375 juribus
1127 336 1158 364 et
1185 346 1186 353 ¹

147 390 364 429 pertinentiis
396 389 480 424 suis,
510 389 550 419 ad
582 388 725 419 eundem
744 388 967 419 Guillelmum
993 387 1157 418 Fulcaudi

149 447 300 482 spectare
320 443 359 473 dc
379 443 465 481 jure,
489 441 554 471 sibi
576 441 808 481 adjudicantes
833 442 985 476 eandem,
1004 450 1041 471 ac
1059 442 1097 471 Gr.
1119 441 1158 470 de

148 496 267 527 Braies
303 496 502 534 presbytero
534 503 635 533 super
674 503 713 525 ea
743 496 944 534 perpetuum
983 494 1158 525 silentium

149 549 363 588 imponendo,
396 556 593 578 amovemus
620 549 651 578 et
684 548 907 578 amovendum
947 547 1160 578 decrevimus

148 602 337 640 predictum
354 602 392 633 G.
412 601 651 640 presbyterum
670 601 710 631 ab
729 601 804 640 ipsa
828 601 1016 640 capellania
1035 603 1066 631 et
1087 609 1162 639 pos-

150 655 302 685 sessione
330 655 494 693 ejusdem,
521 655 807 693 condempnantes
831 654 974 684 eundem
999 654 1038 685 G.
1070 662 1161 692 pres-

149 706 307 747 byterum
338 707 581 737 nichilominus
622 708 662 738 ad
700 707 951 738 restitutionem
990 707 1161 737 fructuum

148 762 385 800 perceptorum
403 761 443 791 ab
460 761 576 791 eadem
599 761 787 800 capellania
808 761 919 791 medio
936 762 1089 800 tempore
1109 758 1161 789 vel

149 814 207 853 qui
225 814 353 853 percipi
377 815 570 852 potuerunt,
591 823 651 844 nec
677 823 741 844 non
764 815 799 844 in
822 814 982 852 expensis
1006 813 1105 843 sactis
1128 813 1162 842 in

145 867 273 906 ¹judicio
292 867 351 897 hac
369 867 409 897 de
428 876 540 903 causa,
562 876 601 897 ea
620 867 772 904 durante,
791 876 935 906 quarum
953 867 1161 897 taxationem

148 920 247 950 nobis
270 920 304 950 in
327 922 501 959 posterum
529 929 756 951 reservamus.
783 921 821 951 In
848 921 948 959 hujus
970 921 1083 959 itaque
1114 919 1162 949 rei

149 973 354 1004 evidentiam
388 974 589 1012 pleniorem,
632 975 826 1013 presentem
865 974 1069 1004 sententiam
1103 981 1163 1011 per

149 1025 404 1065 infrascriptum
424 1027 593 1057 notarium
612 1027 652 1058 de
672 1027 827 1058 mandato
852 1029 966 1058 nostro
988 1027 1161 1065 scriptam,

148 1079 257 1110 nostri
268 1079 411 1110 fecimus
421 1080 526 1119 sigilli
538 1081 744 1119 appensione
755 1080 892 1111 muniri.
902 1081 1014 1116 Lecta,
1024 1080 1164 1110 recitata

148 1134 180 1164 et
203 1134 421 1172 pronuntiata
443 1134 532 1172 apud
560 1133 849 1170 Urbemveterem,
871 1134 904 1163 in
925 1134 1023 1163 domo
1041 1133 1160 1169 nostri,

149 1186 331 1216 cardinalis
349 1187 506 1225 predicti,
531 1187 593 1217 sub
616 1196 702 1217 anno
727 1187 866 1218 Domini
890 1186 1161 1222 M⁰CC⁰LXIIII⁰‚

149 1239 333 1270 indictione
366 1250 425 1275 vn,
459 1249 575 1270 mense
606 1240 726 1279 aprilis
763 1241 816 1270 die
850 1250 910 1275 xn,
945 1240 1162 1279 pontificatus

151 1292 279 1323 domini
308 1293 437 1325 Urbani
465 1302 550 1332 pape
577 1294 654 1330 1111,
687 1302 772 1324 anno
802 1294 913 1330 tertio,
945 1293 1162 1332 presentibus

149 1345 216 1376 hiis
231 1346 374 1377 testibus
393 1346 552 1377 videlicet
569 1347 652 1377 viris
671 1346 925 1377 venerabilibus
944 1347 1080 1377 domino
1098 1346 1163 1376 Me—

150 1399 263 1436 lando,
274 1399 509 1430 archidiacono
520 1400 731 1430 Astoricensi
741 1411 749 1436 3
761 1401 923 1439 magistro
934 1399 1160 1435 Gondesalvo,

151 1452 385 1483 archidiacono
405 1453 624 1492 1031000031,-
645 1454 808 1492 magistro
825 1453 1009 1483 Guillelmo
1029 1453 1161 1491 Pampi-

153 1505 302 1542 lonensi3
316 1506 449 1543 Garcia‚
464 1507 624 1537 canonico
637 1507 797 1538 Ovetensi
808 1516 814 1542 ;
826 1506 988 1545 magistro
997 1505 1161 1541 Johanne‚

152 1558 191 1588 de
207 1558 448 1595 Corbendorio,
459 1559 619 1589 canonico
635 1560 743 1590 sancti
756 1559 893 1598 Georgii
907 1559 1118 1593 Α11101011313,
1132 1560 1164 1589 01

150 1610 302 1642 Johanne
313 1611 352 1642 de
361 1612 462 1646 Gora,
473 1614 690 1651 procuratore
704 1613 739 1643 in
754 1614 907 1644 Romana
923 1613 1028 1649 curia,
1041 1622 1078 1643 ac
1090 1612 1163 1651 plu-

151 1664 247 1694 ribus
259 1665 337 1695 aliis
351 1665 479 1695 vocatis
495 1667 527 1696 et
541 1667 680 1705 rogatis
699 1666 742 1697 Et
756 1675 828 1705 ego,
844 1666 1051 1697 Guillelmus
1064 1666 1164 1697 Nico-

151 1717 210 1752 lai,
226 1718 425 1749 auctoritate
440 1721 652 1750 sacrosancte
667 1720 819 1750 Romane
837 1720 978 1750 ecclesie
997 1719 1164 1756 notarius,

153 1779 189 1801 ac
201 1771 323 1810 prefati
333 1771 459 1802 domini
475 1772 514 1803 G.
526 1773 710 1803 cardinalis
723 1773 846 1810 scriba,
857 1773 1041 1812 prolationi
1052 1774 1084 1803 et
1093 1781 1165 1811 pro-

152 1824 358 1855 nuntiationi
375 1825 503 1864 prefate
524 1826 689 1857 sententie
707 1828 848 1865 presens
868 1826 917 1856 sui
939 1827 982 1862 et,
1004 1827 1040 1856 ut
1064 1834 1167 1864 supra

152 1877 288 1916 legitur,
308 1878 347 1908 de
369 1879 526 1909 mandato
550 1879 732 1910 cardinalis
756 1879 919 1918 ejusdem,
941 1879 1064 1918 scripsi
1083 1879 1166 1909 etin

152 1929 324 1969 publicam
345 1931 489 1961 sormam
507 1932 620 1971 redegi
637 1941 778 1971 meoque
793 1933 889 1971 signo
909 1933 1051 1972 signavi.
1073 1945 1088 1960 »

193 1995 208 2011 «
227 1983 265 2014 In
284 1984 418 2015 nomine
436 1985 586 2022 Domini,
603 1994 712 2016 amen.
733 1986 879 2016 Causam
895 1994 958 2024 que
973 1985 1167 2016 vertebatur

153 2036 242 2067 inter
266 2037 489 2067 Guillelmum
514 2038 690 2075 Fulcaudi,
717 2047 901 2077 pauperem
925 2039 1098 2073 clericum,
1126 2047 1168 2069 ex

152 2091 248 2129 parte
266 2099 343 2126 11113,
360 2091 391 2121 01
404 2091 626 2121 Guillelmum
643 2092 682 2122 de
699 2091 817 2122 Brives
834 2092 902 2130 (sic)
915 2091 1165 2130 presbyterum,

154 2152 195 2173 ex
218 2143 335 2181 altera,
361 2152 464 2183 super
497 2144 642 2183 quadam
675 2145 863 2183 capellania
889 2145 996 2175 sancti
1021 2145 1167 2175 Palladii

152 2196 401 2233 Xantonensis‚
433 2197 531 2228 nobis
562 2197 764 2235 Guillelmo,
799 2198 1018 2228 miseratione
1053 2198 1168 2228 divina

152 2249 245 2280 tituli
273 2251 377 2280 sancti
409 2250 514 2281 Marci
544 2250 744 2290 presbytero
776 2251 953 2286 cardinali,
982 2260 999 2281 a
1030 2251 1167 2281 domino

152 2311 240 2341 papa
282 2303 502 2333 commissam
546 2304 609 2334 fine
649 2304 760 2335 debito
802 2305 1068 2341 terminandam,
1107 2313 1168 2344 pro

153 2356 284 2394 prefato
304 2356 489 2387 Guillelmo
518 2357 695 2393 Fulcaudi,
716 2357 804 2396 juris
830 2358 948 2388 ordine
975 2357 1167 2394 observato,
1199 2382 1200 2387 ,

154 2409 335 2440 diffinitive
366 2410 531 2441 sententie
560 2411 688 2442 calculo
716 2411 878 2441 duximus
904 2411 1166 2450 terminandam,
1198 2433 1200 2451 ,s

155 2463 400 2501 condempnato
419 2463 662 2494 nichilominus
680 2464 768 2495 dicto
787 2465 972 2495 Guillelmo
991 2465 1030 2495 de
1050 2466 1168 2496 Braies

153 2515 353 2554 presbytero
379 2517 420 2546 ad
446 2517 697 2548 restitutionem
730 2517 901 2549 fruetuum
931 2519 1168 2557 perceptorum

155 2568 196 2599 ab
229 2569 345 2599 eadem
377 2569 565 2608 capellania
591 2571 701 2601 medio
730 2572 882 2610 tempore
913 2572 967 2601 vel
1002 2572 1059 2610 qui
1096 2580 1168 2610 per-

155 2621 222 2660 cipi
252 2623 444 2660 potuerunt,
474 2631 533 2653 nec
566 2632 630 2653 non
656 2624 690 2654 in
721 2624 882 2663 expensis
910 2624 1009 2655 factis
1039 2624 1072 2654 in
1096 2624 1167 2660 lite,

155 2682 298 2714 quarum
338 2675 545 2706 taxationem
583 2676 680 2706 nobis
718 2677 753 2706 in
788 2678 964 2716 posterum
1005 2677 1168 2708 duximus

155 2728 407 2765 reservandam,
437 2730 536 2767 prout
563 2729 596 2759 in
620 2730 736 2760 nostra
761 2730 882 2761 exinde
916 2730 1068 2761 confecta
1094 2739 1167 2761 sen-

153 2780 261 2811 tentia
283 2780 418 2820 plenius
437 2781 636 2813 declaratur.
657 2782 766 2813 0111110
793 2783 897 2822 igitur
923 2783 1054 2822 prefato
1075 2783 1167 2814 Guil-

154 2832 257 2864 lelmo
284 2833 324 2865 de
349 2834 466 2865 Braies
497 2835 549 2865 vel
583 2837 799 2874 procuratore
831 2836 904 2876 ejus
935 2836 1045 2876 siquis
1076 2838 1168 2868 esset

155 2886 190 2917 in
220 2886 324 2924 curia,
355 2887 477 2926 primo,
509 2888 656 2919 secundo
681 2890 713 2920 et
744 2890 842 2921 tertio
869 2889 1096 2929 peremptorie
1131 2890 1166 2920 in

1220 281 1391 310 audientia
1409 280 1555 319 publica,
1575 282 1611 310 ut
1634 283 1683 311 est
1702 280 1820 316 moris,
1843 280 1981 310 visurus
2001 282 2033 311 et
2055 281 2234 312 auditurus

1218 334 1427 364 taxationem
1455 342 1682 372 expensarum
1703 333 1932 372 predictarum
1953 336 1984 364 et
2003 333 2236 373 juramentum

1219 387 1450 425 procuratoris
1468 387 1610 425 predicti
1628 386 1805 417 Guillelmi
1824 386 1987 417 Fulcaudi
2007 387 2042 416 in
2058 387 2119 417 hac
2140 389 2235 426 parte

1220 441 1452 479 prestandum,
1471 440 1550 479 quia
1569 448 1628 470 nec
1645 439 1755 470 (lictus
1767 440 1974 470 Guillelmus
1987 440 2026 470 de
2040 441 2158 471 Braies
2175 449 2236 471 nec

1221 494 1309 524 alius
1327 502 1387 532 pro
1407 502 1445 523 eo
1467 501 1579 523 coram
1606 491 1705 523 nobis
1733 501 1928 532 comparere
1947 494 2089 530 curavit,
2113 502 2237 532 expen-

1222 556 1278 577 sas
1294 547 1429 577 easdem
1449 547 1482 576 in
1506 547 1599 576 curia
1621 547 1726 577 factas
1743 546 1777 576 in
1796 555 1898 576 causa
1917 546 2078 585 predicta,
2098 547 2236 577 investi-

1221 601 1354 640 gatione
1373 609 1409 630 ac
1430 600 1651 639 inquisitione
1668 608 1769 638 super
1784 600 1870 638 ipsis
1887 599 2001 629 hahita
2018 600 2184 639 diligenti,
2202 601 2237 630 in

1222 655 1367 693 quatuor
1382 654 1505 683 marcis
1523 653 1766 692 sterlingorum
1783 652 1961 689 bonorum,
1981 653 2144 683 tredecim
2159 653 2240 683 soli-

1223 707 1275 737 dis
1305 708 1337 737 et
1368 708 1512 746 quatuor
1544 706 1719 745 sterlingis
1747 715 1806 745 pro
1833 715 1947 736 marca
1973 706 2125 745 qualibet
2149 715 2241 736 com-

1223 761 1382 799 putando,
1417 763 1586 795 taxamus,
1617 760 1810 799 juramento
1838 760 2070 798 procuratoris
2095 759 2240 798 predicti

1222 814 1261 845 G.
1282 814 1445 844 Fulcaudi
1464 822 1565 852 super
1584 813 1669 852 ipsis
1693 813 1910 852 postmodum
1928 812 2121 846 subsecuto,
2140 813 2239 843 resti-

1222 868 1388 898 tutionem
1406 867 1576 897 fructuum
1591 866 1835 905 predictorum,
1853 867 2061 897 taxationem
2078 874 2242 905 expensa-

1223 930 1298 950 rum
1321 920 1486 950 factarum
1515 920 1550 950 in
1579 919 1843 950 ultramontanis
1868 919 2023 958 partibus
2055 928 2115 958 pro
2145 920 2239 958 parte

1223 973 1373 1012 predicta
1396 974 1435 1004 G.
1465 973 1629 1003 Fulcaudi
1662 973 1695 1003 in
1721 981 1823 1003 causa
1853 973 1982 1006 eadem,
2011 972 2050 1003 G.
2074 972 2243 1003 Fulcaudi

1224 1027 1411 1063 faciendas,
1439 1026 1626 1057 venerabili
1655 1026 1688 1056 in
1726 1026 1861 1056 Christo
1895 1026 1983 1065 patri
2013 1050 2018 1055 .
2039 1048 2047 1056 .
2081 1026 2241 1064 episcopo

1223 1080 1506 1119 Petragoricensi,
1520 1080 1577 1119 qui
1597 1088 1699 1118 super
1715 1079 1782 1109 11113
1801 1079 1924 1110 habere
1941 1079 2065 1118 poterit
2085 1079 2243 1109 notitiam

1223 1134 1585 1172 pleniore111‚totalite1·
1603 1133 1866 1163 committentes.
1884 1133 1921 1163 In
1939 1132 2039 1171 hujus
2060 1133 2174 1171 itaque
2192 1132 2242 1162 rei

1224 1187 1439 1222 evidentiam,
1457 1195 1599 1225 presens
1623 1187 1889 1216 instrumentum
1907 1194 1966 1224 per
1984 1185 2243 1224 infrascriptum

1223 1241 1393 1271 notarium
1410 1241 1450 1270 de
1469 1240 1626 1270 mamiato
1641 1242 1757 1270 nostro
1777 1240 1955 1278 scriptum,
1972 1239 2081 1269 nostri
2100 1239 2244 1269 fecimus

1225 1294 1330 1332 sigilli
1341 1294 1548 1332 appensione
1564 1293 1702 1323 muniri.
1716 1294 1840 1323 Actum
1852 1292 1941 1331 apud
1950 1291 2242 1329 Urbemveterem,

1224 1346 1287 1376 sub
1304 1356 1391 1376 anno
1408 1346 1547 1377 Domini
1565 1345 1835 1381 310CC0LX11110‚
1856 1346 2039 1375 indictione
2053 1355 2109 1379 vii,
2128 1353 2244 1376 mense

1221 1400 1316 1438 junio
1341 1400 1394 1430 die
1421 1409 1485 1435 xxi,
1509 1400 1727 1438 pontificatus
1745 1399 1874 1429 domini
1898 1398 2028 1429 Urbani
2052 1407 2138 1437 pape
2163 1398 2242 1434 1111,

1225 1462 1311 1483 anno
1335 1453 1446 1487 tertio,
1468 1452 1685 1491 presentibus
1705 1453 1869 1492 magistro
1885 1452 2064 1482 NVillelmo
2085 1452 2126 1482 de
2143 1452 2245 1482 Pam·

1224 1507 1353 1545 pilone;
1387 1505 1562 1545 magistris
1593 1506 1739 1537 Goberto
1765 1507 1797 1536 et
1827 1505 2021 1536 XVimberto
2043 1505 2083 1535 de
2107 1505 2245 1536 Sancto-

1225 1560 1387 1596 Quintino
1402 1559 1532 1590 vocatis
1549 1559 1696 1589 testibus
1710 1561 1742 1590 et
1755 1559 1945 1598 rogatis.Et
1961 1567 2021 1598 ego
2036 1558 2245 1589 Guillelmus

1224 1613 1372 1648 Nicolai,
1391 1613 1590 1643 auctoritate
1616 1614 1830 1643 sacrosancte
1848 1613 2000 1643 Romane
2023 1611 2166 1642 ecclesie
2188 1619 2247 1642 no-

1224 1666 1345 1703 tarius,
1370 1666 1534 1705 predictis
1562 1666 1702 1696 interfui
1725 1667 1755 1696 et
1786 1674 1825 1696 ea
1851 1665 1890 1695 de
1914 1665 2072 1696 mandato
2101 1664 2246 1704 predicti

1227 1720 1356 1751 domini
1376 1719 1571 1756 cardinalis,
1593 1720 1715 1758 scripsi
1735 1722 1765 1750 et
1781 1719 1815 1749 in
1831 1718 2005 1758 publicam
2026 1718 2172 1749 formam
2195 1727 2245 1748 re-

1228 1774 1303 1812 degi
1318 1782 1460 1812 meoque
1478 1773 1574 1812 signo
1591 1773 1735 1812 signavi.
1758 1783 1772 1802 ))

1267 1827 1363 1857 Nulli
1388 1835 1466 1866 ergo
1490 1828 1604 1857 nostre
1634 1825 1903 1857 confirmationis
1925 1827 1987 1856 etc.
2012 1825 2138 1856 Datum
2157 1824 2248 1864 apud

1229 1879 1519 1917 Urbemoeterem,
1540 1890 1575 1909 111
1594 1880 1670 1910 idus
1683 1879 1773 1919 julii,
1793 1887 1880 1910 anno
1901 1879 2013 1910 tertio.
2035 1888 2050 1908 ))

1322 2057 1418 2087 1112
1789 2054 1912 2085 Orvieto.
1934 2054 1966 2081 13
1980 2053 2077 2089 juillet
2095 2053 2173 2081 1364.

1265 2140 1435 2173 Magistrum
1452 2139 1640 2166 Ramnulsum
1651 2140 1684 2165 dc
1696 2138 1826 2173 naroli-s,
1838 2138 2073 2165 archidiaconum
2085 2138 2113 2165 in
2122 2137 2245 2166 ecelesia

1229 2189 1470 2224 Petragoriccnsi.
1496 2188 1659 2223 praedictae
1686 2187 1846 2215 sententiae
1873 2190 2055 2215 executorem
2085 2187 2246 2215 constituit.

1229 2239 1310 2271 tnnc..
1326 2239 1370 2269 20,
1391 2238 1440 2265 t'ol.
1456 2238 1500 2270 08,
1519 2243 1548 2264 n⁰
1570 2238 1642 2271 1111.)

1286 2348 1299 2366 t(
1319 2337 1468 2376 ,ilaqistro
1486 2335 1679 2376 lt'amnulplio
1696 2335 1730 2365 de
1746 2334 1890 2369 Mat-olio,
1917 2334 2134 2364 archidiacono
2152 2334 2184 2363 in
2201 2343 2248 2364 ec·

1230 2393 1318 2424 clesia
1339 2393 1597 2433 l’ccraqoricensi.
1624 2393 1783 2424 Exhibita
1802 2392 1900 2423 nohis
1918 2392 2032 2423 dilecti
2050 2409 2100 2421 —.
2119 2392 2246 2422 Datum

1229 2449 1266 2478 ut
1285 2456 1398 2487 supra.
1425 2458 1439 2476 n

1322 2618 1416 2648 1113
1818 2612 1943 2644 orricio,
1955 2613 1986 2640 21
2003 2614 2069 2639 aeut
2093 2611 2170 2639 1264.

1265 2701 1454 2727 Concordiam
1471 2709 1485 2727 a
1509 2700 1636 2731 simone,
1665 2698 1742 2726 tituli
1773 2708 1794 2725 s.
1812 2697 1934 2725 ceciliae
1962 2697 2130 2732 presbytero
2152 2695 2248 2724 cardi-

1228 2750 1297 2783 nali,
1315 2750 1458 2784 prolatam
1474 2750 1503 2776 iu
1522 2749 1570 2776 lite
1592 2749 1667 2776 111101
1684 2748 1850 2783 episcopum
1867 2748 2109 2774 Cameracensem
2125 2749 2154 2774 et
2173 2747 2247 2774 Bea-

1228 2798 1342 2830 trieem,
1360 2799 1543 2825 comitissam
1569 2797 1741 2831 Sabaudiae,
1763 2799 1873 2828 exorta,
1899 2795 2062 2823 confirmat.
2094 2795 2172 2830 (1130.
2194 2795 2243 2830 29,

1229 2847 1278 2874 sol.
1293 2848 1339 2882 08,
1357 2848 1480 2878 1101152.)
