2519 3262
1085 173 1324 212 TRoIsIEME
1355 171 1518 208 ANNEE.

259 266 371 297 dicatu
391 268 422 297 et
445 266 669 300 thesauraria,
691 267 722 296 et
746 266 935 304 apponendi
959 273 1064 304 penas
1083 273 1168 303 quas
1184 264 1276 294 vide-

259 328 374 350 remus
401 328 501 358 super
531 319 591 349 hac
621 319 832 349 ordinatione
853 327 913 348 seu
936 318 1131 356 provisione
1159 317 1273 355 hujus—

258 373 349 403 modi
369 372 541 411 expedste,
561 372 827 402 contradictione
846 372 1100 409 procuratorum
1123 369 1273 408 episcopi

257 428 288 455 et
309 425 449 464 capituli
473 434 537 455 non
562 425 728 460 obstante,
748 432 784 453 ac
800 423 996 461 indulgendi
1016 423 1137 456 eidem,
1157 431 1273 452 secun—

257 478 336 508 dum
357 478 500 508 formam
530 478 641 508 littere
663 485 764 515 super
793 476 1065 506 archidiaconatu
1088 476 1128 505 de
1149 475 1275 506 Monte-

256 531 352 570 nigro
367 532 558 569 impetrate,
571 530 659 568 quod
676 529 785 568 possit
801 528 995 567 hujusmodi
1009 528 1206 566 dignitatem
1220 529 1273 558 vel

255 586 473 622 personatum
503 592 578 613 cum
602 582 680 612 aliis
709 581 881 611 similibus
912 581 1086 612 beneficiis
1114 582 1271 612 retinere.

256 637 403 667 Prefatis
420 637 523 675 igitur
538 635 701 674 magistro
717 635 816 664 Petro
834 635 1070 672 personaliter,
1089 636 1120 664 et
1136 634 1272 673 Pelagio

255 690 397 729 Aprilis,
418 689 577 719 canonico
599 688 989 726 Tudensi,procuratore
1007 688 1129 726 prefati
1143 688 1271 717 domini

254 742 425 773 Fernandi
450 741 677 771 archidiaconi
692 741 734 771 ad
755 741 1021 779 componendum
1039 742 1070 771 et
1088 741 1270 779 jurandum

255 796 289 825 in
308 796 421 825 anima
437 794 589 833 ejusdem
607 794 788 830 Fernandi,
802 794 835 823 in
852 795 969 823 nostra
986 794 1158 832 presentia
1176 802 1270 824 cons-

253 848 375 884 11111115,
394 849 426 878 61
446 848 548 878 etiam
570 846 925 886 compromittentilms
942 847 976 876 111
994 855 1055 876 nos
1071 847 1222 885 plenarie
1239 848 1270 877 et
1299 879 1300 887 ¹

249 901 441 940 jurantibus
458 901 575 931 eodem
593 902 810 939 procuratore
829 900 863 929 in
885 900 1034 930 animam
1051 899 1203 938 ejusdem
1219 909 1269 929 ar-

251 954 440 984 chidiaconi
450 956 481 984 et
494 954 644 992 predicto
654 953 817 992 magistro
826 954 860 983 in
869 962 965 983 suam
973 954 1062 992 quod
1072 953 1268 983 mandatum

252 1009 284 1038 et
307 1007 555 1038 ordinationem
575 1008 727 1037 nostram
749 1015 809 1036 seu
832 1006 1012 1036 arbitrium
1033 1006 1265 1042 observarent,

251 1062 283 1090 et
301 1060 495 1099 petentibus
507 1069 584 1090 cum
602 1060 766 1090 instantia
782 1068 800 1089 a
814 1059 912 1089 nobis
928 1059 1107 1089 arbitrium
1124 1068 1268 1089 56115611-

250 1114 391 1144 tentiam
404 1122 463 1143 seu
476 1113 724 1143 ordinationem
740 1112 899 1152 proferri,
916 1113 1115 1143 auctoritate
1133 1116 1163 1143 et
1179 1122 1269 1143 man-

250 1167 327 1196 dato
345 1166 519 1204 predictis,
536 1166 639 1196 saluti
658 1166 849 1196 animarum
864 1165 1041 1204 providere
1060 1167 1135 1195 ante
1155 1166 1269 1196 onmia

250 1219 436 1257 cupientes,
455 1219 641 1249 sententias
661 1219 900 1257 suspensionis
923 1227 982 1248 seu
999 1219 1268 1249 excommunica-
1297 1223 1299 1235 ³

249 1272 353 1302 tionis
369 1281 429 1303 seu
442 1272 624 1308 interdicti,
636 1272 811 1302 occasione
823 1272 1018 1310 hujusmodi
1031 1272 1116 1302 latas
1133 1273 1166 1302 in
1181 1273 1269 1311 epis-

250 1334 372 1364 copum
400 1327 431 1356 et
454 1325 645 1364 predictum
671 1325 845 1355 dominum
864 1325 1080 1355 Fernandum
1107 1325 1268 1355 archidia-

251 1387 372 1408 conum
389 1379 430 1408 ad
447 1379 613 1409 cautelam
623 1380 655 1408 et
667 1378 702 1408 in
721 1371 939 1417 quoscunque
957 1378 1043 1408 alios
1060 1379 1265 1409 relaxamus.

250 1432 292 1462 Et
311 1432 340 1461 si
356 1431 480 1470 prefati
497 1431 678 1470 episcopus
695 1433 725 1461 et
749 1431 1006 1461 archidiaconus
1025 1433 1056 1461 et
1075 1431 1266 1470 quicunque

251 1484 321 1519 alii,
332 1485 507 1515 occasione
517 1485 701 1514 earundem
713 1484 971 1518 sententiarum,
981 1484 1267 1523 irregularitatem

252 1537 401 1576 aliquam
427 1538 652 1573 incurrerunt,
672 1546 749 1567 cum
776 1537 917 1573 eisdem,
943 1537 982 1567 de
1008 1537 1147 1575 speciali
1177 1546 1268 1567 man-
1297 1541 1298 1578 j

1297 1601 1298 1606 ¹
1328 1591 1563 1630 prestimoniis
1591 1591 1740 1621 cedentis
1767 1591 1818 1621 vel
1836 1592 2029 1622 decedentis
2048 1592 2081 1622 in
2097 1593 2239 1622 ecclesia
2259 1593 2343 1622 Min-

251 1590 328 1620 dato
347 1590 475 1620 domini
492 1599 589 1629 pape,
611 1590 878 1619 misericorditer
896 1589 1146 1628 111511611511111115.
1168 1591 1208 1620 Et
1227 1590 1266 1620 de

251 1643 402 1682 predicto
424 1643 697 1673 archidiaconatu
721 1643 760 1672 de
785 1643 1009 1682 Montenigro,
1030 1652 1089 1681 pro
1108 1643 1268 1682 1101101111-

251 1696 300 1726 cis
319 1698 350 1727 et
368 1697 556 1731 concordie,
577 1697 616 1726 de
640 1705 807 1726 consensu
833 1697 993 1734 partium,
1013 1697 1211 1726 ordinamus
1236 1698 1267 1726 et

251 1749 441 1779 diffinimus
458 1751 493 1779 ut
511 1749 600 1779 idem
621 1749 926 1783 archidiaconatus,
945 1758 1020 1779 611111
1042 1749 1200 1779 011111111115
1215 1749 1265 1788 ju-

252 1802 347 1832 ribus
365 1804 397 1833 et
419 1802 636 1841 pertinentiis
658 1802 742 1837 suis,
764 1802 851 1840 apud
870 1801 1143 1832 archidiaconum
1161 1811 1267 1832 rema-

251 1859 328 1885 neat
352 1851 589 1891 memoratum,
615 1855 724 1885 eidem
742 1855 917 1894 capellano
937 1864 1038 1894 super
1062 1855 1135 1893 ipso
1160 1855 1266 1886 archi-

251 1909 642 1948 diaconatuperpetuum
652 1908 829 1938 silentium
840 1909 1064 1947 imponentes.
1079 1909 1265 1940 Processus

251 1963 363 1992 autem
391 1963 566 1992 occasione
588 1961 783 2001 hujusmodi
802 1961 935 1992 habitos
950 1970 1010 2000 per
1033 1971 1264 2001 quoscunque,

250 2015 387 2055 penitus
412 2024 622 2046 revocamus.
644 2015 850 2046 Ordinamus
877 2015 980 2045 etiam
995 2015 1084 2054 quod
1111 2015 1200 2045 idem
1215 2025 1266 2046 ar·
1296 2045 1297 2053 ,

250 2069 468 2100 chidiaconus
497 2069 607 2099 eidem
639 2069 803 2107 magistro
831 2068 1000 2098 scolarum
1030 2069 1083 2099 vel
1108 2078 1264 2107 procura·
1296 2087 1297 2110 1

1296 2135 1297 2138 ¹
1327 2123 1458 2153 116116115
1482 2122 1688 2161 hujusmodi,
1708 2122 1778 2151 sive
1803 2123 1843 2151 ad
1866 2131 1982 2152 eorum
2001 2122 2215 2152 collationem
2240 2123 2341 2161 pcrti—

1296 2187 1297 2191 ’
1327 2178 1428 2206 neant
1447 2176 1671 2206 communiter
1688 2175 1740 2205 vel
1756 2175 1906 2211 divisim,
1928 2176 2043 2205 contra
2061 2177 2211 2205 nostram
2232 2184 2338 2205 reser-

249 2123 314 2153 tori
336 2132 396 2152 suo
415 2122 455 2152 ad
473 2122 533 2152 hoc
561 2122 755 2160 specialiter
774 2121 862 2157 dato,
887 2121 1039 2160 ejusdem
1059 2122 1206 2158 nomine,
1226 2123 1265 2153 de

250 2176 324 2214 ipso
352 2175 625 2205 archidiacffliatu
655 2175 880 2214 quadraginta
909 2174 1016 2204 libras
1042 2175 1265 2214 Legionensis

250 2230 395 2265 monete,
408 2229 442 2258 in
454 2229 610 2267 proximo
624 2228 710 2259 festo
724 2228 831 2258 sancti
845 2228 992 2264 Andree,
1005 2230 1036 2258 et
1048 2229 1096 2258 sic
1106 2229 1265 2267 deinceps

250 2282 348 2313 annis
367 2282 512 2321 singulis
531 2282 703 2320 persolvat
720 2282 858 2320 pacifice
880 2283 912 2312 et
931 2281 1157 2312 amicabiliter
1177 2283 1266 2321 apud

251 2336 523 2366 Mindoniensem
546 2335 730 2371 civitatem,
752 2344 928 2374 quousque
956 2335 1066 2365 eidem
1091 2336 1265 2374 capellano

251 2388 290 2418 de
307 2388 420 2427 aliqua
445 2388 608 2427 dignitate
627 2387 679 2418 vel
710 2389 904 2426 personatu,
930 2396 1006 2418 cum
1030 2389 1265 2426 prestimoniis
1295 2411 1296 2414 η

1295 2445 1296 2451 ’
1327 2442 1525 2473 auctoritate
1553 2441 1767 2471 decernimus
1786 2440 1922 2470 irritum
1945 2442 1977 2470 et
1998 2440 2097 2470 inane
2114 2441 2275 2479 quicquid
2298 2441 2338 2471 de

251 2450 312 2471 seu
325 2441 498 2471 beneficiis
509 2441 659 2471 cedentis
668 2441 722 2471 vel
735 2441 940 2476 (166611611115,
953 2441 1103 2480 exceptis
1113 2441 1265 2480 judicatu

251 2497 281 2525 et
310 2494 532 2529 thesauraria,
552 2494 586 2523 in
606 2494 835 2524 Mindoniensi
855 2494 997 2524 ecclesia
1016 2495 1060 2524 sit
1074 2496 1262 2533 provisum,

251 2549 283 2577 et
300 2547 409 2586 ipsius
424 2547 631 2585 provisionis
650 2547 693 2576 sit
708 2547 879 2584 pacificam
894 2548 1147 2585 possessionem
1168 2549 1266 2588 adep-

249 2603 316 2634 tus,
329 2599 588 2638 adjicientes‚de
606 2608 773 2629 consensu
790 2600 949 2638 partium,
962 2601 1051 2639 quod
1066 2601 1095 2631 si
1108 2601 1142 2631 in
1157 2602 1265 2640 prefa-

250 2654 296 2684 tis
321 2653 393 2683 loco
417 2654 448 2682 et
471 2653 628 2689 termino,
656 2652 810 2691 prefatus
839 2653 1001 2692 magister
1021 2654 1190 2685 scolarum
1210 2656 1264 2686 vel

251 2708 449 2745 procurator
473 2705 582 2744 ipsius
599 2705 791 2743 specialiter
810 2706 850 2735 ad
868 2706 928 2736 hoc
943 2706 1043 2736 dictis
1062 2707 1134 2737 1060
1151 2709 1183 2737 et
1200 2710 1264 2737 ter-

251 2759 343 2789 mino
361 2760 535 2798 presentes
551 2767 616 2788 non
636 2758 773 2793 fuerint,
798 2760 876 2788 tunc
894 2759 983 2789 idem
1007 2760 1263 2790 archidiaconus

251 2812 396 2851 deponat
408 2813 442 2842 in
452 2812 622 2850 presentia
632 2811 797 2842 bonorum
807 2811 994 2846 hominum,
1008 2813 1143 2844 nomine
1154 2814 1263 2852 ipsius

252 2865 408 2904 magistri
427 2865 607 2898 scolarum,
628 2864 734 2895 dictas
754 2865 976 2904 quadraginta
989 2865 1096 2896 libras
1111 2867 1199 2905 apud
1212 2875 1263 2897 sa-

2293 190 2349 218 107

1336 262 1472 292 cristam
1503 264 1701 293 monasterii
1733 264 1772 294 de
1800 265 1928 303 Meyra,
1950 266 2080 295 ordinis
2098 268 2346 305 (11516161611515,

1335 315 1500 345 Lucensis
1517 315 1674 351 diocesis,
1700 317 1756 355 qui
1776 326 1834 355 pro
1852 319 2003 356 tempore
2024 320 2137 355 suerii,
2156 321 2263 351 cidem
2282 332 2348 353 ma-

1334 369 1440 406 gistro
1464 369 1631 398 scolarum
1664 370 1715 399 vol
1748 372 1837 399 certo
1862 373 2071 408 procuratori
2101 382 2160 402 suo
2190 374 2294 405 1111616
2317 378 2347 406 61

1335 421 1463 460 integre
1483 421 1729 460 assignandas3
1748 424 1779 452 et
1797 423 1880 453 hanc
1898 424 2146 462 depositionem
2166 427 2266 457 saciat
2284 429 2348 457 dic-

1334 475 1389 504 tus
1405 474 1661 504 archidiaconus
1679 475 1718 505 de
1743 477 1852 506 cetero
1871 477 1968 506 annis
1985 477 2130 516 singulis
2149 481 2180 508 et
2202 481 2346 511 termino

1334 528 1540 566 supradicto,
1561 529 1718 566 quamvis
1739 529 1866 559 dictum
1887 530 2088 569 magistrum
2108 532 2272 562 scolarum
2295 535 2346 564 vel

1333 582 1585 617 procuratorem
1611 590 1711 611 suum
1732 582 1773 611 ad
1789 582 1850 612 hoc
1870 583 2064 621 specialiter
2081 584 2207 620 datum,
2228 585 2346 616 abesse

1333 634 1522 672 contigerit,
1543 635 1578 664 ut
1605 635 1763 673 superius
1782 636 1832 665 est
1850 636 2067 673 premissum.
2086 637 2119 667 Si
2142 640 2252 667 autem
2271 647 2344 676 pre-

1333 686 1421 716 fatus
1449 686 1706 717 archidiaconus
1729 688 1923 726 supradicta
1950 689 2002 719 vel
2027 690 2155 728 aliquid
2180 691 2346 728 predicto-

1332 748 1406 769 rum
1426 748 1492 769 non
1516 741 1713 776 servaverit,
1742 743 1773 770 et
1799 742 1907 771 eidem
1925 742 2086 780 magistro
2112 743 2280 773 scolarum
2305 745 2345 775 de

1331 793 1481 831 predicta
1495 793 1634 831 pecunie
1654 793 1841 832 quantitate
1859 794 1931 824 loco
1946 796 1977 825 et
1992 796 2147 825 terminis
2164 805 2229 826 non
2247 798 2346 827 satis-

1332 846 1447 876 fecerit
1472 847 1689 885 supradictis,
1708 847 1781 885 ipso
1800 847 1886 877 facto
1906 850 1937 878 61
1958 848 2031 886 ipsa
2055 850 2254 886 cessatione,
2272 860 2346 881 sen·

1330 899 1471 928 tentiam
1481 900 1841 930 excommunicationis
1854 901 2014 938 incurrat,
2027 912 2139 941 quam,
2152 904 2180 933 si
2194 904 2345 941 predicta

1299 961 1300 972 1
1329 952 1382 982 vel
1401 952 1530 990 aliquid
1550 953 1779 992 predictorum
1805 963 1871 984 non
1893 955 2124 993 compleverit,
2145 957 2286 986 ferimus
2310 957 2344 987 in

1330 1006 1485 1035 eundem.
1497 1006 1635 1040 Verum,
1648 1007 1808 1036 nedictus
1825 1007 1986 1046 magister
2001 1008 2170 1038 scolarum
2184 1009 2243 1047 qui
2256 1010 2344 1039 circa

1329 1059 1602 1097 prosecutionem
1616 1059 1810 1099 hujusmodi
1827 1059 1981 1091 beneficii
1999 1061 2160 1100 fatigatus
2178 1064 2209 1092 et
2228 1063 2342 1101 damp-

1330 1112 1486 1142 niticatus
1501 1114 1550 1142 est
1567 1121 1633 1142 non
1647 1113 1818 1143 modicum
1832 1115 1864 1144 et
1879 1114 2037 1148 afflictus,
2050 1115 2157 1153 gratia
2168 1115 2343 1153 dignitatis

1329 1174 1389 1204 per
1409 1166 1522 1196 sedem
1541 1166 1762 1204 apostolicam
1785 1166 1851 1196 51111
1878 1167 1975 1203 sacta,
1996 1170 2163 1197 remaneat
2187 1169 2234 1198 sic
2257 1169 2342 1198 frus-

1328 1220 1438 1249 tratus
1456 1220 1488 1249 et
1513 1219 1720 1257 vituperium
1742 1220 1829 1249 unde
1854 1220 2017 1251 honorem
2035 1221 2151 1251 debuit
2169 1222 2342 1260 consequi,

1329 1273 1490 1308 incurrat,
1510 1281 1638 1302 necnon
1658 1281 1698 1302 ne
1727 1273 1932 1310 supradictis
1963 1274 2219 1304 archidiaconus
2238 1284 2344 1305 rema-

1329 1328 1405 1356 neat
1429 1326 1462 1355 in
1479 1325 1647 1356 solutione
1667 1328 1852 1356 memorate
1862 1327 2003 1365 pecunie
2021 1327 2151 1357 diutius
2170 1330 2342 1364 oneratus,

1329 1379 1528 1409 auctoritate
1546 1380 1577 1409 et
1600 1379 1757 1409 mandato
1776 1380 1986 1409 sanctissimi
2009 1380 2116 1418 patris
2135 1381 2263 1410 domini
2284 1382 2344 1411 Ur-

1328 1431 1407 1461 bani
1436 1440 1521 1470 pape
1550 1432 1626 1464 1111,
1656 1432 1791 1462 oraculo
1809 1432 1883 1462 vive
1911 1433 2004 1462 vocis
2033 1433 2228 1471 specialiter
2245 1433 2343 1463 nobis

1329 1485 1426 1521 facto,
1456 1485 1566 1514 eidem
1590 1485 1751 1523 magistro
1769 1485 1938 1515 scolarum
1956 1486 2161 1516 Lucensium
2180 1487 2218 1516 de
2236 1487 2344 1525 digni-

1327 1539 1394 1568 tate
1424 1538 1476 1568 vel
1507 1539 1698 1576 personatu,
1720 1538 1748 1567 si
1769 1540 1863 1568 vacat
1889 1538 2016 1568 ibidem
2033 1539 2074 1568 ad
2096 1548 2248 1577 presens,
2266 1548 2342 1569 011111

1329 1644 1496 1679 doniensi,
1515 1644 1666 1682 exceptis
1688 1644 1841 1682 judicatu
1861 1646 1892 1674 et
1920 1644 2132 1675 thesauraria
2152 1646 2340 1682 dumtaxat,

1297 1692 1298 1695 ¹
1328 1697 1558 1736 providemus.
1579 1697 1613 1727 Si
1639 1706 1717 1727 vero
1746 1698 1948 1735 personatus
1968 1698 2020 1727 vel
2046 1698 2192 1736 dignitas
2214 1699 2254 1728 ad
2272 1707 2343 1737 pre-

1297 1754 1298 1759 *
1329 1759 1407 1780 sens
1425 1750 1551 1780 ibidem
1576 1759 1641 1780 non
1662 1752 1769 1785 vacat,
1791 1750 1940 1788 primum
1958 1753 2177 1788 personatum
2196 1760 2255 1781 seu
2274 1752 2341 1790 pri-

1329 1812 1418 1833 mam
1435 1803 1635 1842 dignitatem
1654 1803 1780 1832 ibidem
1792 1805 1999 1839 vacaturam,
2012 1813 2086 1833 cum
2107 1804 2342 1842 prestimoniis

1329 1856 1478 1886 cedentis
1498 1856 1550 1886 vel
1564 1855 1769 1891 decedentis,
1790 1856 1943 1894 exceptis
1963 1856 2125 1894 predictis
2140 1857 2292 1895 judicatu
2310 1859 2342 1887 et

1296 1901 1298 1910 ⁵
1327 1909 1550 1945 thesauraria,
1570 1909 1770 1938 auctoritate
1795 1909 1981 1947 apostolica
1998 1918 2214 1939 reservamus
2232 1910 2339 1939 eidem

1296 1954 1297 1977 ³
1328 1963 1490 2002 magistro
1521 1962 1690 1992 scolarum
1723 1962 1972 1999 conferendam,
2007 1964 2038 1992 et
2071 1962 2263 1992 inhibemus
2278 1963 2340 1993 sub

1327 2016 1676 2047 excommunicatione
1702 2015 1860 2054 episcopo
1887 2017 1919 2045 et
1938 2016 2086 2054 capitulo
2113 2017 2341 2046 Mindoniensi

1327 2079 1367 2100 ne
1385 2070 1425 2099 de
1449 2069 1614 2108 dignitate
1634 2069 1687 2098 vel
1704 2070 1887 2107 personatu
1909 2070 1940 2099 et
1957 2069 2191 2107 prestimoniis
2211 2078 2269 2099 seu
2286 2069 2341 2099 be-

1327 2230 1495 2260 vationem
1519 2229 1647 2267 aliquid
1678 2228 1820 2258 audeant
1840 2229 2040 2266 attemptare
2063 2228 2115 2258 vel
2135 2229 2176 2258 ad
2191 2229 2339 2258 collatio-

1327 2292 1404 2313 nem
1431 2291 1548 2312 eorum
1566 2282 1620 2312 vel
1647 2281 1791 2319 alicujus
1822 2281 1959 2311 illorum
1987 2281 2167 2319 procedere
2195 2290 2337 2319 persone

1327 2336 1386 2366 alii
1406 2335 1605 2369 faciendam,
1629 2334 1662 2363 in
1682 2334 1893 2364 conserentes
1916 2336 1948 2364 et
1965 2334 2166 2372 recipientes
2191 2343 2231 2363 ex
2252 2343 2339 2364 nunc

1327 2388 1688 2419 excommunicationis
1709 2387 1910 2417 sententiam
1926 2387 2154 2425 prot'ercntes;
2172 2389 2203 2417 et
2221 2387 2338 2417 eadem

1326 2495 1488 2534 dignitate
1507 2503 1566 2524 seu
1581 2495 1774 2533 personatu,
1790 2502 1865 2524 cum
1879 2494 2114 2532 prestimoniis
2130 2493 2336 2532 hujusmodi,

1326 2550 1441 2579 contra
1464 2547 1731 2578 reservationem
1759 2548 1910 2577 nostram
1927 2555 1945 2576 a
1970 2555 2141 2585 quoquam
2170 2547 2271 2576 fuerit
2291 2549 2338 2576 at-

1325 2602 1538 2640 temptatum,
1556 2601 1588 2630 et
1604 2609 1645 2629 ex
1663 2608 1748 2629 nunc
1765 2608 1883 2629 verum
1900 2607 2133 2637 possessorem
2154 2600 2337 2629 eorundem

1325 2654 1501 2693 dignitatis
1518 2653 1571 2683 vel
1596 2654 1799 2691 personatus
1817 2654 1848 2682 et
1870 2653 2170 2691 prestimoniorum
2192 2661 2266 2682 6550
2284 2661 2338 2682 vo-

1325 2708 1440 2738 lumus
1471 2707 1584 2746 ipsum
1607 2706 1819 2744 capellanum
1844 2706 1873 2735 si
1897 2709 2016 2736 vacant
2040 2706 2093 2736 vel
2117 2714 2192 2735 cum
2215 2715 2253 2735 ea
2282 2715 2337 2735 va-

1325 2770 1400 2791 care
1428 2759 1619 2798 contigerit,
1637 2758 1889 2794 nichilominus,
1911 2759 2069 2788 mandato
2088 2761 2119 2788 et
2139 2759 2336 2788 auctoritate

1326 2814 1477 2853 ejusdem
1505 2812 1633 2842 domini
1663 2820 1760 2850 pape,
1787 2812 1895 2842 eidem
1924 2811 2099 2850 capellano
2118 2811 2336 2841 concedentes

1326 2868 1374 2902 ut,
1396 2866 1582 2897 secundum
1609 2865 1752 2895 sormam
1771 2865 1961 2896 litterarum
1982 2864 2048 2894 sibi
2070 2873 2129 2902 per
2145 2864 2257 2902 ipsum
2281 2863 2336 2893 do-
