2519 3262
214 262 273 292 396

214 348 331 387 gorius
341 347 381 377 de
395 347 551 384 piperno,
564 345 676 374 sancte
694 344 844 374 Romane
858 341 998 372 ecclesie
1010 339 1222 374 scriniarius,

214 400 377 440 predictis
394 398 543 434 interfui,
560 399 592 428 et
605 406 643 427 ea
661 396 775 426 omnia
790 395 829 425 de
842 394 999 425 mandato
1015 393 1157 433 predicti
1170 392 1223 422 do-

215 453 300 485 mini
315 452 497 483 cardinalis
514 450 648 489 scripsi,
666 448 833 487 complevi
848 450 879 478 et
897 447 1027 486 signavi
1044 447 1192 485 rogatus.
1211 456 1224 473 ιι

256 517 271 536 (t
288 505 383 535 Nulli
400 513 478 544 ergo
497 506 610 534 nostre
630 501 898 533 confirmationis
915 502 977 531 ete.
996 500 1119 530 Datum
1137 498 1225 537 apud

216 559 504 593 Urbemveterem,
523 566 542 586 v
559 556 723 587 kalendas
746 554 940 586 novembris
963 562 1049 584 anno
1071 552 1181 583 tertio.
1211 562 1225 581 »

711 712 834 744 OrvictO,
850 711 883 739 28
902 711 1056 739 novembre
1076 712 1153 739 1263.

305 717 402 749 2365

251 801 353 828 Abbati
376 799 544 827 monasterii
569 800 602 825 de
622 798 769 825 Alocbatia
787 798 906 824 mandat
933 800 963 824 ut
982 797 1142 831 praefatam
1166 804 1227 823 scn-

215 850 337 878 tentiam
355 851 520 883 exequatur,
537 847 668 883 Egidium
684 846 797 873 Martini
815 846 843 872 in
859 846 981 873 ecclesia
995 845 1180 873 Ulixbonensi
1199 845 1227 871 in

215 899 387 927 canonicum
405 897 492 932 recipi
508 897 645 924 faciendo.
659 896 738 931 (Bm.
758 895 802 927 29,
817 895 866 922 fol.
883 895 946 925 269,
968 900 999 921 n⁰
1018 895 1110 928 1414.)

255 1015 270 1034 ‹<
291 1003 407 1034 Abbati
424 1001 599 1032 monasterii
621 1001 656 1031 de
675 1001 847 1037 Aloclmtia,
873 999 1080 1030 Cisterci‘ensis
1098 998 1226 1033 ordinis,

218 1058 434 1089 Islz'oebonensis
449 1056 585 1086 diocesi&
596 1056 761 1094 Exposuit
772 1054 870 1085 nobis
887 1054 1089 1084 dilectus—.
1102 1053 1227 1083 Datum

216 1112 304 1151 apud
321 1111 609 1145 Urbemveterem,
642 1118 690 1138 1111
721 1108 884 1138 kalendas
909 1106 1109 1142 decembris,
1140 1114 1227 1136 anno

216 1165 329 1196 tertio,
351 1177 365 1192 υ

708 1323 832 1353 Orvicto,
850 1323 883 1350 22
899 1322 1055 1349 novembre
1077 1323 1156 1350 1263.

303 1328 403 1358 2366

250 1411 352 1437 Abbati
374 1409 543 1437 monasterii
565 1418 588 1436 s.
611 1408 745 1439 Amondi,
767 1407 875 1434 ordinis
901 1416 923 1433 s·
944 1407 1106 1441 Augustini,
1129 1407 1226 1434 Petra-

215 1459 372 1495 goriceusis
400 1458 533 1490 diocesis,
558 1457 690 1484 concedit
717 1456 885 1483 facultatem
913 1455 1079 1490 recipiendi,
1112 1457 1228 1490 propter

213 1508 396 1536 sacerdotum
414 1506 570 1539 defectum,
589 1508 712 1541 quatuor
727 1505 845 1532 clericos
860 1505 888 1531 in
904 1504 1067 1532 canonicos.
1087 1504 1165 1537 (itm.
1181 1504 1227 1538 29,

215 1556 262 1584 fol.
281 1558 333 1584 269
346 1562 382 1588 v⁰,
400 1562 429 1583 n⁰
450 1557 534 1590 14153
557 1556 717 1587 Pori-uas‘r,
733 1561 762 1581 n⁰
780 1554 888 1589 18722.)

254 1673 270 1693 ((
286 1661 399 1692 Abbati
417 1662 592 1691 monasterii
607 1672 630 1690 s.
648 1660 792 1697 Amondi,
811 1659 930 1689 ordinis
947 1670 960 1689 s
976 1660 1154 1699 Auqustini,
1173 1659 1226 1689 Pe-

215 1716 432 1755 tra901·icens1's
458 1715 593 1744 diocesis.
624 1715 675 1745 Ex
704 1715 798 1753 parte
824 1715 881 1744 tua
909 1731 956 1743 —.
987 1713 1113 1743 Datum
1138 1713 1227 1752 apud

214 1769 504 1805 Urbemveterem,
516 1777 575 1798 vni
589 1767 752 1799 kalendas
767 1767 968 1804 decembris,
984 1776 1070 1797 anno
1083 1767 1193 1797 tertio.
1210 1775 1227 1796 ))

705 1931 830 1964 Orvieto,
852 1931 884 1958 21
902 1931 1053 1958 decembre
1075 1931 1151 1957 12153.

305 1934 401 1965 2367

250 2015 365 2046 Mariae,
380 2015 496 2050 reginae
516 2013 686 2049 llungariae,
697 2013 741 2041 cui
756 2014 833 2045 Bela,
846 2022 894 2040 rex
906 2013 1078 2048 llungariae,
1091 2014 1134 2040 vir
1152 2013 1224 2048 ejus,

215 2066 343 2092 castrum
360 2064 539 2098 wissegrad,
556 2072 621 2090 cum
638 2063 778 2090 comitatu
798 2065 823 2089 et
838 2062 969 2089 districtu
983 2063 1016 2088 de
1035 2062 1129 2097 l’clys,
1143 2061 1226 2088 titulo

214 2113 378 2140 donationis
406 2115 543 2147 perpetuo
561 2112 709 2143 valiturae,
737 2111 908 2142 tradiderat,
936 2111 1009 2138 banc
1040 2110 1225 2137 donationem

214 2162 377 2189 confirmat.
395 2162 472 2197 (Rm.
490 2162 535 2194 29,
552 2161 599 2188 fol.
615 2161 667 2188 269
681 2165 725 2194 vo,
744 2165 773 2186 11⁰
793 2160 875 2192 14103
896 2160 1053 2190 Porriiasr,
1076 2158 1182 2192 18715.)

255 2279 271 2299 ((
291 2269 453 2299 Carissimo
470 2268 500 2298 in
520 2267 642 2298 Christo
659 2266 723 2307 filie
745 2266 798 2303 M„
821 2265 937 2295 illustri
953 2265 1058 2305 reyine
1080 2263 1224 2304 Unyarie.

213 2323 313 2354 Justa
339 2322 507 2352 desideria
526 2323 581 2352 tue
601 2338 649 2350 —.
678 2321 803 2351 Datum
821 2319 910 2358 apud
934 2318 1224 2351 Urbemveterem,

214 2384 264 2407 x11
280 2375 444 2406 kalendas
456 2375 616 2414 januarii,
633 2382 719 2404 anno
737 2373 847 2404 tertio.
868 2381 884 2401 »

705 2544 829 2576 Orvieto,
850 2545 881 2571 21
903 2544 1055 2571 decembre
1075 2543 1152 2571 1263.

304 2548 402 2579 2368

249 2630 348 2657 Eidem
366 2633 492 2657 castrum
507 2630 541 2656 dc
561 2630 685 2663 Possega
702 2629 730 2656 in
747 2628 886 2656 comitatu
901 2627 1067 2655 Sclaveniac
1088 2626 1223 2653 constitu·

213 2683 275 2708 tum
292 2680 454 2707 coutlrinat.
486 2680 563 2713 (llsu.
595 2680 639 2711 29,
670 2678 718 2705 sol.
749 2679 800 2705 270
829 2684 868 2712 v0,
896 2683 926 2704 ιιΩ
959 2677 1043 2709 liin
1066 2676 1224 2709 l'orruasr,

214 2729 324 2760 18746.)

252 2845 271 2867 ((
292 2834 457 2866 Carisi-ime
473 2836 503 2865 in
524 2834 645 2866 Christo
667 2835 730 2875 filie
754 2834 808 2871 M„
824 2835 940 2864 illustri
957 2835 1059 2874 reyine
1078 2833 1222 2874 Ungyarie.

212 2889 311 2920 Justa
333 2888 502 2918 desideria
525 2890 586 2919 etc.
610 2907 646 2911 —
671 2889 795 2918 Datum
819 2888 908 2927 apud
935 2887 1223 2924 Urbemveterem,

213 2950 262 2972 xii
279 2941 443 2972 kalendas
457 2941 617 2981 januarii,
636 2949 721 2972 anno
739 2942 850 2973 tertio.
873 2951 887 2970 n

969 254 1212 285 ltlffils'ssssss
1241 252 1454 284 D’URBAIN
1483 252 1541 282 lv.

1763 334 1888 366 Orvieto,
1905 335 1937 362 21
1951 335 2105 361 decembre
2125 335 2203 362 1203.

1371 339 1469 369 2369

1318 422 1412 454 belae,
1432 421 1496 448 duci
1523 420 1701 452 Sclaveniae‚
1723 423 1817 447 castra
1840 420 1874 446 de
1892 419 2013 450 Nitriae,
2043 420 2076 446 de
2104 419 2237 454 posonio,
2260 420 2294 447 de

1282 471 1392 497 Musum
1410 472 1438 496 et
1454 470 1488 496 de.
1509 469 1662 504 Suprunio,
1679 469 1707 496 in
1722 468 1846 496 confinio
1863 468 1945 503 regni
1965 467 2126 503 liungariae
2140 469 2206 500 sita,
2223 476 2295 503 quae

1282 519 1359 553 Bela,
1376 527 1425 546 rex
1441 519 1612 553 llungariae‚
1630 518 1655 545 ei
1675 517 1805 549 donavit,
1827 517 2001 544 auctoritate
2018 517 2177 552 apostolica
2192 517 2296 545 confir-

1282 570 1353 596 mat.
1373 568 1451 601 (Rau.
1469 568 1513 602 29,
1532 567 1580 594 fol.
1596 568 1648 595 270
1666 572 1704 601 v0,
1721 573 1751 593 n⁰
1770 566 1856 599 141&
1873 566 2032 600 PorTuAsT,
2050 566 2159 600 18748.)

1323 684 1337 703 α
1359 673 1463 704 Nobili
1481 674 1545 703 viro
1565 673 1613 709 B„
1635 672 1705 702 duci
1720 672 1895 702 Sciat-onie,
1917 671 1982 702 Pro
2001 672 2077 702 fidei
2097 671 2229 702 meritis
2247 689 2295 701 —.

1282 727 1407 758 Datum
1436 727 1523 766 apud
1553 726 1843 762 Urbemveterem,
1872 734 1919 755 xii
1950 725 2114 755 kalendas
2136 724 2296 763 januarii,

1284 789 1370 811 anno
1390 780 1502 811 tertio.
1522 788 1539 809 ι)

1782 954 1906 985 Orvieto,
1925 954 1958 982 21
1974 953 2127 981 decembre
2146 953 2224 981 1263.

1374 957 1472 988 2370

1320 1041 1458 1067 Eumdem
1475 1048 1539 1067 cum
1563 1041 1667 1067 ducatu
1685 1039 1852 1067 Sclavoniae
1868 1048 1900 1066 ac
1922 1040 1957 1065 de
1974 1039 2072 1071 Olcha,
2094 1039 2127 1065 de
2154 1039 2298 1072 Brangna,

1284 1089 1422 1125 Symigio.
1436 1089 1500 1116 Sala
1514 1092 1539 1116 et
1551 1090 1653 1116 Ferreo
1665 1089 1777 1119 castris,
1791 1096 1901 1115 necnon
1912 1088 1976 1115 aliis
1987 1088 2097 1124 juribus
2109 1088 2144 1114 ad
2160 1087 2297 1113 ducatum

1283 1139 1377 1173 ipsum
1391 1138 1598 1173 spectantibus,
1616 1138 1667 1164 sub
1683 1137 1861 1172 protectione
1882 1136 2056 1171 apostolicae
2077 1136 2152 1163 sedis
2168 1134 2297 1170 suscipit.

1283 1187 1361 1222 (Rae.
1380 1187 1425 1220 29,
1443 1187 1491 1214 fol.
1510 1188 1561 1214 270
1577 1191 1614 1218 v0,
1634 1190 1665 1212 n⁰
1683 1186 1764 1219 1419,
1781 1185 1940 1215 Porrimsr,
1957 1184 2066 1213 18749.)

1324 1304 1339 1324 (ι
1359 1294 1463 1324 Nobili
1482 1295 1546 1324 viro
1566 1294 1615 1331 B„
1633 1293 1703 1323 duci
1721 1292 1894 1323 Sclavonie.
1915 1293 1980 1323 Pro
2000 1292 2078 1323 fidei
2096 1292 2230 1322 meritis
2248 1309 2298 1322 —.

1283 1348 1408 1378 Datum
1441 1347 1530 1387 apud
1560 1346 1851 1383 Urbemveterem,
1879 1355 1924 1376 xii
1950 1345 2113 1376 kalendas
2135 1345 2297 1384 januarii,

1285 1410 1372 1432 anno
1393 1401 1504 1432 tertio.
1526 1410 1541 1430 n

1374 1575 1469 1606 2371
1784 1571 1910 1603 Orvieto,
1925 1571 1960 1598 23
1973 1571 2125 1598 decembre
2148 1570 2226 1598 1263.

1320 1658 1529 1685 Arehidiacono
1546 1657 1727 1684 Atrebatensi
1743 1657 1861 1683 mandat
1875 1659 1905 1683 ut
1924 1656 2040 1687 Robivo,
2057 1655 2173 1691 pauperi
2193 1655 2298 1683 clerieo

1283 1706 1482 1734 Atrebatensis
1506 1706 1639 1737 diocesis,
1658 1705 1713 1738 cui,
1740 1714 1756 1732 a
1785 1705 1926 1741 magistro
1955 1705 2090 1740 Gregorio
2113 1705 2147 1731 de
2168 1704 2298 1740 Neapoli,

1285 1756 1458 1784 subdiacono
1476 1757 1504 1782 et
1517 1755 1668 1790 capellano
1688 1754 1856 1790 apostolico.
1874 1754 1902 1780 in
1921 1754 2085 1781 litteratura
2101 1756 2299 1788 competenter

1284 1805 1386 1831 idoneo
1405 1804 1534 1838 invento,
1547 1803 1706 1838 apostolico
1726 1803 1864 1830 mandato
1883 1802 2031 1837 vilipenso,
2051 1802 2201 1837 episcopus
2218 1802 2299 1829 Atre·

1283 1853 1411 1881 batensis
1425 1854 1459 1881 de
1476 1852 1612 1880 beneficio
1624 1853 1720 1887 aliquo
1731 1851 1918 1887 praebendali
1937 1851 2086 1886 providere
2104 1859 2161 1878 nou
2175 1850 2298 1885 curavit,

1283 1904 1317 1929 de
1337 1903 1461 1937 quodam
1478 1902 1616 1929 beneficio
1632 1901 1791 1928 cathedrali
1813 1901 1971 1936 provideat.
1993 1901 2074 1935 (Rite.
2095 1901 2139 1930 29,
2162 1899 2211 1928 sol.
2235 1900 2297 1931 271,

1284 1951 1376 1985 1420.)

1325 2068 1339 2087 t(
1366 2057 1594 2088 archidiacono
1619 2056 1825 2087 Atrebatensi.
1851 2056 2005 2086 Dilectus
2029 2055 2121 2085 silius
2144 2055 2298 2085 Robivus

1282 2128 1331 2142 —.
1352 2111 1475 2141 Datum
1500 2110 1589 2149 apud
1607 2110 1896 2144 l‘rbemveterem‚
1914 2118 1935 2138 x
1958 2108 2121 2139 kalendas
2135 2108 2296 2147 januarii,

1284 2173 1371 2195 anno
1387 2164 1498 2195 tertio.
1519 2174 1533 2192 »

1774 2335 1897 2367 Orvieto,
1921 2336 1952 2362 12
1973 2335 2123 2362 decembre
2147 2335 2224 2363 1263.

1373 2338 1472 2369 2372

1318 2422 1457 2457 Episcopo
1471 2420 1619 2448 Arusieusi
1642 2421 1761 2447 mandat
1787 2422 1817 2447 ut
1832 2421 1971 2447 Jacobum
1995 2420 2029 2447 de
2058 2419 2219 2455 &obul-gh,
2242 2419 2299 2447 cle-

1282 2470 1374 2497 ricum
1403 2469 1633 2501 Roskildenscm,
1651 2471 1735 2496 antea
1759 2477 1775 2495 a
1803 2469 1944 2504 magistro
1970 2468 2064 2495 Petro-
2091 2467 2298 2495 archidiacono

1282 2518 1423 2546 Bruliensi
1438 2518 1465 2545 in
1479 2518 1600 2545 ecelesia
1614 2518 1790 2553 Ageuueusi.
1801 2518 2014 2550 examinatum,
2035 2517 2126 2544 denuo
2141 2515 2297 2548 examinet,

1281 2572 1308 2596 et
1319 2569 1343 2595 si
1355 2568 1500 2603 ydoneum
1512 2567 1665 2601 invenerit,
1678 2567 1771 2595 eidem
1787 2568 1820 2594 de
1832 2567 2004 2594 canonicatu
2017 2569 2045 2593 et
2055 2566 2218 2601 praebenda
2234 2573 2299 2601 pro·

1281 2617 1375 2644 videat
1390 2616 1556 2644 vacantibus
1572 2616 1600 2643 in
1615 2616 1736 2643 eeclesia
1751 2615 1930 2643 lloskildensi
1948 2623 1998 2650 per
2014 2614 2226 2650 promotionem
2238 2622 2299 2641 mn-

1282 2666 1364 2702 gistri
1382 2666 1518 2692 Thomac.
1536 2665 1619 2692 electi
1636 2665 1822 2693 Revaliensis.
1841 2666 1918 2699 <lli-tc..
1937 2666 1982 2692 29
2000 2664 2048 2691 sol.
2066 2664 2128 2697 271,
2145 2669 2176 2690 n·
2193 2663 2283 2697 1421.)

1322 2782 1337 2802 «
1367 2772 1526 2812 Episcopo
1553 2771 1721 2801 arusiensi.
1750 2771 1964 2802 Constitutus
1988 2770 2021 2800 in
2047 2769 2220 2809 presentia
2243 2787 2294 2800 —.

1282 2827 1407 2857 Datum
1428 2825 1516 2864 apud
1534 2824 1823 2862 Urheinveterein,
1847 2833 1867 2854 ιι
1889 2824 1966 2854 idus
1984 2822 2185 2857 decembris,
2206 2831 2293 2854 anno

1281 2880 1393 2911 tertio.
1415 2887 1432 2907 »
