2519 3262
1079 205 1319 242 thotsfflME
1346 205 1508 243 ANNEE.

252 292 342 321 trum
376 292 505 322 eisdem
543 292 817 333 archiepiscopis,
854 294 1035 332 episcopis,
1072 293 1265 330 abbatibus,

253 345 437 384 prioribus,
467 346 635 384 capitulis,
657 347 810 386 collegiis
829 349 861 377 et
887 347 1109 377 conventibus
1131 349 1163 377 et
1189 347 1267 377 aliis

255 398 463 437 quibuslibet
482 400 663 430 eorundem
679 402 905 430 mercatorum
922 399 1143 435 debitoribus,
1159 400 1266 439 cujus·

254 460 383 490 cunque
405 453 526 488 status
551 453 755 483 conditionis
778 453 829 483 vel
854 453 1030 491 dignitatis
1049 455 1104 483 aut
1122 453 1263 489 ordinis,

253 504 355 534 etiam
383 505 411 535 si
438 506 679 536 Cisterciensis
710 505 763 536 vel
794 505 1030 536 Cluniacensis
1061 508 1117 536 aut
1145 505 1265 536 Militie

254 548 385 596 Templi
406 559 457 588 vel
475 558 655 597 hospitalis
680 559 787 589 sancti
811 559 974 589 Johannis
995 558 1264 589 jerosolimitani

253 612 308 640 aut
336 620 614 650 quorumcunque
640 612 784 642 aliorum
807 612 962 642 ordinum
988 611 1125 647 fuerint,
1156 613 1266 642 aucto-

254 663 353 694 ritate
372 668 498 700 nostra,
515 674 574 703 per
590 674 649 695 vos
668 665 719 695 vel
737 673 794 703 per
810 665 914 694 alium
932 673 991 694 seu
1009 665 1106 699 111103,
1123 664 1265 694 firmiter
1292 679 1293 688 1

253 717 404 747 inhibere
432 719 558 748 curetis
582 726 622 748 ne
649 718 809 756 predictis
837 717 1082 747 mercatoribus
1106 726 1264 748 eorumve

254 770 356 800 sociis
381 774 413 800 et
434 771 616 801 factoribus
634 780 693 800 seu
717 771 1006 809 procuratoribuS,
1026 772 1081 800 aut
1105 771 1172 800 hiis
1191 771 1264 810 qui·
1291 773 1293 819 ᾗ

251 822 316 853 bus
333 824 389 862 jus
408 832 505 854 suum
524 824 676 854 dederint
701 826 756 854 aut
773 824 1001 854 concesserint
1026 832 1174 863 suasque
1195 832 1265 854 ces·
1291 831 1292 834 ¹

251 876 356 907 serint
383 877 543 913 actiones,
574 877 613 907 de
644 877 797 915 pecuniis
820 877 851 906 in
880 877 1003 915 quibus
1021 877 1265 908 mercatoribus

251 929 337 968 ipsis
356 938 514 960 eorumve
541 930 694 960 societati
711 932 879 966 tenentur,
903 931 937 960 in
961 932 1029 961 toto
1049 930 1101 960 vel
1120 931 1153 960 in
1170 932 1264 969 parte
1290 958 1291 965 ,

253 982 505 1021 quomodolibet
528 984 731 1022 respondere
762 985 972 1022 presumant,
999 984 1057 1014 sed
1083 983 1264 1022 archiepis-

250 1044 351 1074 copos
364 1038 395 1066 et
407 1037 585 1075 episcopos
603 1036 756 1075 aliosque
772 1037 952 1075 predictos,
969 1046 1010 1067 ex
1022 1038 1117 1076 parte
1135 1040 1262 1072 nostra,

249 1089 428 1128 diligenter
444 1089 611 1120 moneatis
632 1092 663 1120 et
689 1089 870 1120 efficaciter
887 1090 1056 1120 inducatis
1077 1091 1113 1120 ut
1131 1092 1263 1121 tantum

249 1142 289 1173 de
318 1142 513 1181 hujusmodi
544 1143 680 1180 debitis,
710 1143 740 1174 si
767 1143 948 1174 solutionis
978 1152 1095 1173 eorum
1124 1144 1263 1174 termini

249 1198 328 1227 sunt
345 1196 465 1235 elapsi,
485 1196 574 1226 infra
592 1196 677 1227 duos
692 1205 826 1226 menses
844 1199 920 1235 post
935 1196 1174 1227 inhibitionem
1191 1206 1261 1227 ves-

247 1250 346 1284 tram,
363 1249 415 1279 vel
433 1249 462 1279 si
475 1250 622 1280 nondum
641 1250 748 1288 elapsi
767 1250 1004 1287 sunttermini,
1021 1250 1107 1280 infra
1121 1250 1263 1281 totidem

248 1311 383 1335 menses
415 1304 596 1342 postquam
628 1303 731 1334 iidem
762 1303 957 1334 effluxerint
988 1304 1138 1340 termini,
1165 1303 1262 1334 vobis

247 1355 301 1386 vel
313 1355 380 1386 hiis
393 1355 517 1395 quibus
527 1365 587 1386 vos
599 1357 853 1393 mandaveritis,
866 1357 1095 1395 predictorum
1111 1357 1262 1387 cardina·
1289 1363 1290 1368 ¹

247 1408 333 1441 lium
352 1412 383 1439 et
407 1409 628 1439 familiarium
655 1410 803 1446 nomine,
828 1410 961 1440 sublato
984 1410 1163 1449 cujuslibet
1187 1410 1261 1440 obs-

249 1463 358 1492 taculo
381 1463 604 1497 difficultatis,
624 1463 783 1493 exolvunt
805 1464 894 1502 quod
913 1464 1013 1493 dictis
1030 1463 1260 1494 cardinalibus
1288 1483 1289 1492 1

248 1517 279 1545 et
297 1515 525 1546 familiaribus
543 1517 582 1546 de
601 1516 794 1555 hujusmodi
810 1517 974 1555 pecuniis,
990 1517 1259 1556 juxtapredicto-

247 1578 321 1599 rum
347 1570 653 1600 instrumentorum
675 1572 706 1600 et
731 1570 922 1600 litterarum
941 1575 1085 1606 tenores,
1108 1570 1259 1609 plenarie

247 1623 403 1659 satisfiat,
435 1622 720 1661 archiepiscopos,
740 1623 930 1662 episcopos,
956 1623 1108 1660 abbates,
1127 1625 1259 1662 priores

247 1676 400 1714 aliosque
426 1676 598 1714 predictos
622 1676 662 1706 ad
692 1677 736 1711 id,
762 1677 790 1706 si
815 1685 952 1706 necesse
974 1677 1087 1713 fuerit,
1116 1677 1260 1706 auctori·

246 1731 311 1762 tate
324 1731 450 1763 nostra,
471 1729 697 1768 appellatione
710 1730 911 1768 postposita,
933 1730 1189 1768 compescendo,
1208 1730 1256 1760 in-

246 1785 363 1812 vocato
381 1782 502 1815 adhoc,
520 1783 645 1822 siopus
661 1782 775 1816 fuerit,
790 1783 919 1813 auxilio
937 1782 1064 1813 brachii
1080 1783 1258 1818 secularis,

245 1843 312 1866 non
336 1834 489 1866 obstante
511 1835 539 1865 si
564 1835 613 1865 eis
636 1835 689 1865 vel
711 1844 827 1866 eorum
847 1836 949 1865 alicui
970 1836 1021 1866 vel
1043 1835 1216 1875 aliquibus
1240 1845 1259 1866 a

244 1888 323 1919 sede
343 1888 528 1927 apostolica
545 1889 590 1919 sit
605 1888 773 1919 indultum
791 1889 878 1927 quod
902 1889 1070 1925 interdici,>
1097 1889 1258 1928 suspendi

244 1942 297 1972 vel
316 1942 615 1978 excommunicari,
640 1945 671 1972 et
696 1943 784 1981 quod
810 1945 906 1972 extra
924 1951 1005 1972 suas
1027 1943 1179 1973 dioceses
1205 1943 1258 1972 vel

243 1995 311 2026 alia
325 1997 415 2025 certa
428 1995 500 2025 loca
516 1996 548 2025 in
567 2004 703 2026 causam
719 1996 806 2025 tratti
822 1996 874 2026 vel
888 1996 1107 2035 adjudicium
1124 1996 1257 2026 evocari
1285 2016 1286 2019 =

242 2057 307 2078 non
330 2049 461 2087 possint
479 2057 538 2087 per
562 2049 694 2079 litteras
716 2049 919 2088 apostolicas
943 2050 975 2079 in
998 2049 1122 2088 quibus
1149 2049 1188 2079 de
1209 2049 1258 2078 in-

241 2101 336 2132 dulto
364 2101 558 2140 hujusmodi
585 2102 687 2141 plena
717 2104 748 2132 et
778 2110 941 2140 expressa
963 2104 994 2132 et
1019 2102 1059 2132 de
1087 2101 1188 2132 verbo
1217 2102 1259 2131 ad

243 2155 383 2186 verbum
403 2156 529 2186 mentio
547 2164 613 2186 non
626 2155 800 2191 habeatur,
819 2158 850 2186 et
865 2155 1106 2186 constitutione
1124 2155 1163 2185 de
1181 2155 1259 2185 dua-

240 2208 304 2239 bus
333 2209 434 2238 dietis
454 2209 543 2239 edita
570 2209 603 2239 in
622 2209 765 2239 concilio
787 2209 948 2247 generali.
974 2209 1257 2248 ,archiepiscopos

238 2264 352 2299 autem
371 2264 403 2292 et
420 2261 598 2300 episcopos
622 2262 775 2300 aliosque
802 2262 971 2300 predictos
989 2264 1021 2292 et
1041 2262 1204 2292 ecclesias
1220 2271 1257 2292 ac

240 2314 448 2351 monasteria
474 2316 505 2345 et
526 2315 695 2353 prioratus
714 2323 749 2344 ac
775 2324 989 2346 successores
1008 2324 1125 2346 eorum
1143 2315 1183 2346 ab
1198 2315 1256 2346 hu-

237 2367 388 2406 iusmodi
419 2367 555 2404 debitis,
586 2377 646 2407 pro
676 2368 924 2407 quantitatibus
956 2377 1041 2408 quas
1068 2368 1166 2400 vobis
1196 2378 1256 2408 pro

235 2420 370 2451 ‚eisdem
396 2420 627 2451 cardinalibus
650 2423 681 2451 et
701 2421 932 2452 familiaribus
950 2422 1110 2453 duxerint
1127 2423 1253 2461 persol-

240 2473 379 2510 vendas,
394 2475 557 2513 perpetuo
576 2473 764 2511 absolvere,
781 2475 979 2506 auctoritate
996 2477 1112 2506 nostra
1129 2476 1256 2507 curetis

241 2527 289 2562 ita
305 2527 395 2565 quod
416 2526 458 2557 ad
479 2526 581 2557 aliam
605 2527 859 2559 restitutionem
878 2529 1076 2559 memoratis
1095 2531 1256 2560 mercato-

242 2579 338 2615 ribus
355 2580 413 2609 aut
429 2588 545 2610 eorum
559 2579 740 2610 heredibus
757 2581 809 2611 vel
828 2581 1084 2613 successoribus
1103 2591 1163 2614 seu
1178 2583 1256 2614 aliis

239 2632 367 2672 ‚quibus
388 2633 444 2671 jus
461 2641 560 2663 suum
583 2633 738 2664 dederint
757 2635 789 2664 et
806 2635 1034 2666 concesserint
1053 2637 1086 2666 et
1110 2644 1189 2667 suas
1206 2646 1257 2667 ac-

240 2686 353 2718 tiones
373 2686 551 2723 cesserint,
574 2686 775 2723 faciendam,
807 2687 901 2718 nullo
926 2695 1075 2727 unquam
1104 2690 1256 2728 tempore

240 2741 432 2777 teneantur,
452 2748 512 2770 nec
525 2741 663 2778 propter
678 2739 739 2771 hoc
752 2740 888 2771 valeant
906 2741 1122 2780 aliquatenus
1138 2751 1256 2773 conve-

243 2793 322 2829 niri,
338 2793 397 2823 sed
416 2793 518 2823 iidem
534 2793 792 2833 archiepiscopi,
805 2794 955 2833 episcopi
973 2794 1098 2834 aliique
1115 2796 1258 2835 predicti

241 2854 282 2883 ac
297 2854 525 2880 successores,
538 2846 692 2883 ecclesie,
703 2847 909 2877 monasteria
921 2847 1132 2886 etprioratus
1141 2857 1258 2879 eorum

243 2900 444 2940 remaneant
470 2899 591 2930 exinde
615 2900 751 2938 penitus
768 2900 926 2936 absoluti,
953 2909 1020 2931 non
1045 2900 1259 2932 obstantibus

2272 218 2328 247 275

1324 294 1533 333 quibuslibet
1551 295 1787 325 instrumentis
1802 296 1853 325 vel
1872 296 1995 326 litteris
2013 306 2114 336 super
2129 298 2254 327 eisdem
2275 299 2327 328 de-

1322 347 1415 383 bitis,
1436 348 1497 377 sub
1515 356 1712 387 quacunque
1730 348 1908 378 verborum
1935 349 2052 386 forma,
2080 350 2250 384 confectis,
2270 360 2327 381 scu

1293 409 1294 412 ¹
1319 401 1524 439 juramentis
1539 401 1750 440 interpositis
1767 411 1784 431 a
1803 402 1925 441 quibus
1946 403 2228 442 archiepiscopos,
2244 405 2329 443 ’1115-

1323 462 1425 492 copos
1450 454 1603 492 aliosque
1625 455 1806 492 predictos,
1827 464 1953 486 necnon
1982 465 2206 491 successores,
2229 457 2329 488 vecle-

1323 506 1407 542 sias,
1426 510 1633 537 monasteria
1650 509 1679 537 et
1697 508 1866 546 prioratus
1885 509 2035 547 ipsorum
2053 509 2168 539 eadem
2187 511 2328 540 aut-tori-

1322 562 1390 590 tate
1410 561 1518 599 quoad
1545 561 1651 591 dictas
1680 562 1898 600 quantitates,
1933 561 2107 593 absolvere
2129 564 2327 601 procuretis,

1323 616 1353 644 et
1380 613 1635 653 quibuscunque
1653 615 1760 653 penis,
1783 615 2059 654 obligationibus,
2076 617 2330 647 renuntiationi-

1322 667 1396 703 bus,
1418 668 1526 705 pactis
1545 670 1576 698 et
1601 668 1880 699 conventionibus
1899 669 2084 707 interjectis
2107 670 2208 700 etiam
2227 671 2254 700 si
2272 671 2330 702 hec

1323 721 1436 750 onmia
1461 723 1539 751 sunt
1565 723 1763 752 auctoritate
1790 722 1881 752 sedis
1909 723 2091 761 apostolice
2122 724 2329 760 confinii-ata,

1322 783 1386 812 quc
1404 775 1566 812 predictis
1583 775 1827 805 mercatoribus
1849 785 2031 815 eorumque
2051 777 2204 807 societati
2222 778 2329 816 quoad

1322 827 1457 857 easdem
1475 828 1681 866 quantitates
1696 829 1854 858 nolumus·
1871 830 1903 858 in
1921 829 2034 868 aliquo
2052 830 2241 869 sutl‘ragari.
2261 832 2330 861 Nos

1321 881 1411 910 enim
1430 890 1547 911 omnes
1566 882 1749 919 interdicti,
1767 883 2003 921 suspensionis
2018 886 2048 914 et
2064 885 2331 914 excommunica-

1322 934 1426 964 tionis
1442 936 1640 970 sententias,
1654 935 1740 966 latas
1751 936 1924 966 occasione
1937 936 2129 975 hujusmodi
2140 937 2329 968 debitorum

1322 987 1355 1017 in
1378 987 1528 1018 favorem
1547 989 1728 1019 eorundem
1748 992 1983 1027 mercatorum,
2003 992 2033 1021 et
2051 990 2218 1030 quaslibet
2237 1000 2330 1029 apos-

1321 1041 1442 1072 tolicas
1471 1041 1603 1073 litteras
1630 1043 1671 1072 ad
1699 1052 1917 1082 quoscunque
1940 1044 2071 1083 judices
2095 1053 2195 1083 super
2215 1045 2330 1084 hujus-

1322 1095 1413 1125 modi
1426 1095 1550 1126 debitis
1569 1096 1767 1134 impetratas
1786 1097 1826 1127 ab
1841 1097 1967 1127 eisdem
1986 1097 2243 1134 mercatoribus,
2257 1107 2329 1129 nec-

1322 1156 1388 1178 non
1406 1150 1438 1178 et
1463 1149 1632 1187 quoslibet
1651 1158 1830 1188 processus
1848 1159 1907 1190 per
1923 1159 1980 1181 eas
1996 1150 2142 1187 habitos,
2166 1151 2205 1182 de
2222 1153 2330 1190 potes·

1322 1202 1402 1232 tatis
1434 1203 1617 1240 apostolice
1636 1203 1846 1242 plenitudine
1878 1213 2086 1240 revocamus,
2113 1205 2330 1236 decernentes

1320 1255 1565 1286 nichilominus
1596 1265 1728 1287 exnunc
1758 1265 1875 1287 omnes
1905 1257 2099 1297 hujusmodi
2132 1260 2328 1295 sententias,

1321 1309 1438 1339 eadem
1459 1310 1633 1340 occasione
1652 1311 1818 1345 serendas,
1836 1313 1867 1341 et
1885 1311 2053 1350 quoslibet
2072 1320 2252 1350 processus
2270 1322 2330 1351 per

1323 1363 1527 1401 apostolicas
1553 1363 1686 1394 litteras
1712 1373 1814 1403 super
1831 1365 1960 1395 eisdem
1982 1365 2106 1396 debitis
2132 1365 2329 1404 impetratas

1319 1418 1351 1446 et
1371 1416 1612 1454 impetrandas,
1630 1417 1813 1454 habendOS,
1831 1418 1903 1449 sine
1923 1419 2059 1457 speciali
2079 1419 2236 1450 mandato
2254 1429 2328 1450 nos-

1316 1471 1369 1500 tro
1381 1469 1522 1500 faciente
1538 1470 1672 1508 plenam
1689 1473 1721 1501 et
1739 1480 1936 1510 expressam
1953 1472 1992 1502 de
2009 1472 2224 1511 presentibus
2237 1482 2328 1503 men-

1321 1523 1460 1559 tionem,
1488 1523 1603 1553 iriitos
1629 1525 1764 1562 penitus
1790 1526 1821 1554 et
1850 1525 1967 1555 inanes
1987 1527 2017 1555 et
2037 1525 2164 1556 nullius
2181 1526 2326 1557 existere

1320 1576 1502 1607 firmitatis.
1520 1577 1648 1608 'l'aliter
1667 1578 1769 1617 igitur
1784 1597 1832 1608 —.
1853 1579 1977 1609 Datum
2002 1579 2090 1617 apud
2112 1579 2326 1610 Urbemvete-

1319 1637 1402 1666 rem,
1421 1630 1497 1660 idus
1508 1631 1607 1669 junii,
1625 1640 1710 1661 anno
1728 1632 1838 1662 tertio.
1858 1641 1874 1661 »

1408 1823 1504 1854 1764

1904 1823 2030 1856 Orvieto,
2052 1824 2155 1859 tssjuin
2174 1825 2250 1851 1204.

1355 1905 1540 1935 Ludovicum.
1555 1914 1652 1941 regem
1668 1907 1962 1936 Franciae.liortatur
1974 1911 2002 1935 ut
2019 1909 2166 1943 magistris
2181 1910 2325 1937 llomodco

1315 1956 1344 1980 et
1375 1954 1604 1986 Bartholomaco,
1625 1956 1651 1982 in
1675 1956 1789 1990 negotio
1812 1956 1852 1983 eis
1879 1957 2034 1984 commisso
2057 1959 2090 1984 de
2116 1959 2324 1986 mercatoribus

1316 2003 1501 2037 Florentinis,
1511 2004 1649 2031 auxilium
1663 2007 1691 2031 ct
1706 2005 1833 2032 favorem
1852 2006 2007 2040 impendat.
2022 2007 2152 2041 111Εο949,
2164 2008 2210 2034 fol.
2224 2008 2272 2035 179
2283 2013 2321 2040 νῦ,

1315 2057 1346 2079 n⁰
1362 2053 1438 2088 814.)

1358 2176 1375 2196 ((
1401 2165 1566 2201 Ludovicu,
1600 2166 1713 2196 illustri
1743 2167 1806 2206 regn*
1835 2167 2032 2199 Francorum.
2064 2170 2147 2199 Cum
2180 2169 2323 2200 Dulcius

1313 2219 1458 2250 Noctius
1477 2237 1524 2250 —.
1541 2221 1662 2250 Datum
1676 2220 1764 2259 apud
1785 2220 2070 2257 Urbemveterem,
2093 2231 2112 2251 11
2133 2222 2208 2252 idus
2221 2223 2321 2261 junii,

1315 2281 1401 2303 anno
1419 2273 1531 2304 tertio.
1558 2283 1572 2302 »

1406 2465 1501 2496 1735
1901 2464 2024 2495 Orvieto,
2045 2464 2076 2491 13
2092 2464 2155 2500 juin
2176 2465 2251 2492 1265.

1349 2547 1391 2578 R,
1415 2555 1439 2573 s.
1461 2546 1561 2582 Angeli
1579 2547 1698 2573 diacono
1716 2546 1866 2580 cardinali,
1882 2549 1910 2573 et
1925 2546 2012 2581 priori
2035 2555 2057 2575 s.
2075 2547 2144 2583 Lupi
2163 2549 2323 2584 Trecensis,

1314 2595 1426 2623 ordinis
1449 2604 1472 2622 s.
1492 2596 1652 2631 Augustini,
1671 2596 1789 2623 mandat
1814 2598 1843 2623 ut
1861 2596 2037 2623 Arinnadum
2059 2597 2092 2624 dc
2109 2597 2216 2629 Treeis,
2242 2598 2324 2626 cleri-

1315 2653 1393 2679 cum,
1417 2645 1445 2671 in
1471 2644 1592 2672 ecelesia
1618 2653 1640 2671 s.
1664 2645 1769 2672 Mariae
1794 2644 1823 2671 in
1841 2644 1920 2672 Valle
1935 2645 1970 2672 de
1994 2645 2128 2677 Pruvino,
2152 2646 2324 2676 Senonensis

1313 2693 1450 2726 diocesis,
1467 2693 1583 2721 obtentu
1600 2693 1677 2720 Petri
1693 2695 1726 2720 de
1740 2693 1848 2725 Alatro‚
1865 2693 1966 2721 militis
1983 2694 2143 2729 apostolici,
2165 2695 2193 2722 in
2209 2697 2324 2724 canoni-

1314 2750 1383 2769 cum
1401 2742 1487 2778 recipi
1507 2742 1612 2770 faciant
1635 2742 1715 2777 eique
1737 2743 1770 2770 de
1792 2742 1952 2778 praebenda
1974 2743 2151 2778 provideant.
2176 2744 2256 2779 (nm.
2278 2746 2323 2778 29,

1315 2790 1428 2818 f01.179
1449 2797 1485 2822 ν’,
1504 2796 1533 2817 n⁰
1548 2791 1623 2824 815.)

1355 2913 1372 2933 ((
1394 2901 1444 2939 lt,
1467 2912 1490 2932 s.
1510 2901 1624 2942 Amycle*
1643 2901 1772 2933 diacono
1795 2902 1959 2940 cardinali,
1979 2909 2007 2933 et
2028 2927 2056 2934 ..
2075 2905 2176 2944 priori
2198 2915 2220 2935 s.
2246 2904 2324 2945 Lupi
