2659 3242
199 273 258 302 296

221 479 298 507 1262

198 530 262 556 oct.
282 528 334 556 31.

364 482 371 491 *
386 478 514 507 Ονυίεἰο.

219 772 297 800 1262
435 788 474 792 —

241 1018 302 1045 262
446 1034 485 1039 -

200 1074 275 1096 nov.
299 1067 347 1095 10.

220 1409 298 1437 1262
439 1423 477 1428 μ

200 1458 266 1487 dec.
292 1457 337 1486 13.

221 1840 299 1869 1263

222 2073 233 2099 l
240 2071 297 2099 263

224 2355 234 2381 1
241 2354 298 2381 263

226 2781 300 2809 1263

1039 267 1210 298 TABLES
1228 266 1289 298 DU
1308 265 1527 298 REGISTRE
1545 265 1757 297 D’URBAIN
1775 266 1820 296 1v

1125 360 1212 388 Ptges.
1230 359 1252 381 N
1254 359 1366 381 umeros.

1161 434 1225 454 tome
1246 431 1276 453 lv

604 479 836 506 Archidiacono
865 478 1044 512 Agennensi
1072 479 1178 510 man-l
1216 475 1369 509 7813006

565 528 619 555 dat
648 529 684 555 ut
711 528 793 554 bona
820 528 852 554 et
878 527 950 561 Jura
977 526 1105 554 abbatis
1130 528 1163 554 et

564 578 742 603 conventus
784 576 970 603 monasterii
1012 575 1164 602 Grandis-

563 626 665 652 silvae
697 626 807 652 contra
839 624 1062 651 molestatores
1094 630 1164 659 pro-

561 675 660 708 tegat.

1161 731 1224 750 tome
1246 728 1275 749 iv

599 773 758 798 Abbatem
771 769 1049 806 CisterciieJusque
1069 770 1180 801 coab-l
1220 780 1229 793 υ
1273 769 1276 800 l
1293 768 1373 794 3007

566 821 658 847 hales
685 820 805 847 ordinis
830 819 1049 847 cisterciensis
1075 826 1093 846 a
1120 825 1167 846 so—

563 870 685 897 lutione
729 869 934 902 pecuniarum
978 868 1091 895 eximit
1142 874 1160 894 a

566 919 637 945 sede
672 918 849 952 apostolica
885 916 1117 952 impositarum.

1161 974 1225 993 tome
1246 971 1275 992 lv

608 1017 764 1050 omioni,
808 1016 941 1051 plebano
986 1014 1086 1048 plebis
1127 1014 1184 1046 del
1220 1000 1377 1045 5012930

566 1066 720 1099 Rabatte,
737 1065 907 1092 Perusinae
922 1064 1064 1096 diocesis,
1080 1070 1163 1090 com-

560 1115 665 1142 mittit
687 1115 721 1141 ut
741 1113 920 1140 executioni
940 1112 1071 1139 mandet
1093 1118 1160 1139 sen-

562 1164 697 1190 tentiam
732 1169 788 1196 pro
822 1162 928 1193 Senso,
962 1161 1032 1187 cive
1064 1160 1159 1187 Peru-

563 1212 641 1244 sino,
684 1211 837 1238 adversus
877 1210 952 1236 Nam
968 1210 1077 1243 ienses,
1120 1209 1159 1236 ab

560 1262 611 1294 O.,
632 1268 656 1287 s.
675 1260 794 1286 Mariae
813 1260 845 1285 in
863 1259 922 1284 Via
942 1259 1008 1285 lata
1027 1258 1160 1285 diacono

563 1308 727 1341 cardinali,
759 1308 888 1335 editam.

1161 1365 1225 1383 tome
1247 1361 1276 1383 lV

603 1407 762 1442 Episcopo
785 1405 922 1433 Reatino
946 1405 1079 1432 mandat
1101 1405 1177 1436 ite-1
1213 1404 1247 1430 51
1267 1405 1271 1436 1
1289 1402 1371 1430 2932

563 1458 633 1483 rato
665 1456 744 1483 citet
784 1454 1004 1481 Offreducium
1036 1454 1075 1480 de
1105 1453 1162 1480 Mi-

566 1505 677 1538 randa,
704 1506 900 1539 potestatem
926 1503 1070 1530 vivimus
1085 1502 1165 1529 Bea-

565 1555 665 1587 tinae,
696 1560 805 1580 roccae
837 1553 875 1579 de
905 1552 1051 1578 Miranda
1082 1558 1163 1587 quae

566 1603 606 1630 ad
627 1602 806 1629 Romanam
828 1602 990 1628 ecclesiam
1012 1601 1161 1636 pertinet,

564 1653 756 1685 invasorem,
782 1652 817 1677 ut
840 1650 922 1677 infra
946 1651 1018 1677 octo
1042 1650 1108 1676 dies
1131 1656 1162 1676 a-

563 1701 719 1736 postolico
748 1699 931 1734 conspectui
959 1705 991 1726 se
1018 1704 1162 1732 praesen-

560 1752 620 1777 tet.

1163 1797 1227 1816 tome
1248 1795 1278 1816 lV

605 1839 763 1873 Episcopo
807 1837 971 1864 Sabinensi
1014 1836 1159 1864 concedit
1174 1836 1179 1867 1
1217 1836 1253 1863 79
1268 1837 1273 1869 1
1290 1835 1367 1863 3013

562 1888 751 1914 facultatem
790 1886 979 1921 legationem
1018 1892 1162 1912 exercen-

554 1937 589 1964 di
608 1937 640 1962 in
660 1935 806 1970 partibus
824 1935 960 1961 Walliae
980 1936 1011 1961 et
1042 1934 1154 1961 Hiber-

564 1986 635 2011 niae
663 1985 723 2011 sibi
749 1984 815 2018 jam
843 1983 1038 2010 commissae.

1170 2036 1220 2050 ome
1232 2030 1263 2049 IV

608 2069 721 2095 Eidem
753 2068 902 2099 Guidoni,
934 2067 1080 2101 episcopo
1112 2067 1184 2099 Sei-1
1219 2066 1368 2100 7913014

565 2118 687 2144 binensi
704 2117 849 2143 concedit
870 2116 1066 2148 facultatem,
1086 2115 1161 2142 dum

566 2167 598 2192 in
623 2166 756 2199 Angliae
782 2165 927 2199 partibus
952 2164 1107 2198 legatione
1133 2171 1163 2190 a-

564 2214 718 2249 postolica
759 2213 918 2247 fungatur,
959 2219 1052 2246 super
1091 2212 1163 2239 irre-

564 2263 738 2297 gularitate
781 2261 993 2296 dispensandi.

1164 2311 1227 2330 tome
1249 2309 1278 2330 lv

604 2352 761 2386 Episcopo
791 2351 966 2383 sabinensi,
997 2351 1029 2376 in
1060 2351 1157 2385 parti·
1190 2352 1193 2382 1
1224 2361 1234 2371 =·
1269 2350 1368 2383 13015

565 2402 623 2427 bus
651 2400 794 2434 Angliae,
824 2400 960 2426 Walliae
988 2401 1020 2426 et
1051 2399 1163 2426 Hiber-

563 2450 634 2476 niae
652 2445 845 2483 apostolicae
865 2449 946 2475 sedis
965 2448 1163 2482 legato,con—

563 2498 648 2524 cedit
679 2498 865 2524 facultatem
897 2497 935 2523 de
966 2496 1164 2531 poenitentiis

566 2553 663 2573 unum
707 2553 824 2572 annum
876 2547 907 2572 et
951 2545 1161 2580 quadraginta

564 2596 630 2621 dies
658 2594 821 2621 relaxandi
851 2594 998 2620 omnibus
1033 2594 1086 2628 qui
1116 2600 1163 2620 so-

564 2643 708 2670 lennibus
747 2643 835 2670 festis
875 2644 907 2670 et
948 2642 1163 2669 translationi-

566 2693 624 2719 bus
668 2693 848 2718 sanctorum
893 2691 1106 2718 interfuerint.

1163 2739 1228 2760 tome
1249 2737 1278 2760 lv

607 2781 764 2815 Episcopo
817 2779 980 2806 Sabinensi
1031 2780 1162 2806 mandat
1198 2781 1202 2812 1
1237 2790 1247 2803 »
1275 2779 1370 2812 13016

569 2830 715 2864 procuret
738 2835 846 2863 pacem
870 2829 952 2855 inter
974 2835 1077 2862 regem
1100 2829 1163 2854 An-

564 2878 646 2913 gliae
670 2880 702 2905 et
728 2878 758 2904 in
783 2885 853 2905 eum
879 2878 1020 2911 rebelles,
1046 2877 1165 2904 sedatis

566 2927 648 2954 inter
677 2933 730 2953 eos
759 2927 879 2953 exortis
909 2926 1082 2953 discordiis.

1447 461 1522 488 1263

1425 510 1512 543 janV.
1532 512 1569 536 2¹.»

1450 718 1525 746 1263

1431 767 1507 794 fevr.
1531 770 1547 793 '3

1454 941 1528 968 1263

1433 989 1510 1017 fevr.
1552 990 1582 1017 3.

1447 1357 1522 1383 1263

1426 1406 1504 1432 fevr.
1548 1406 1576 1432 9.

1448 1628 1522 1656 1263

1426 1685 1510 1705 mars

1551 1678 1568 1704 0'1

1448 1852 1523 1878 1263

1426 1907 1510 1927 mars
1531 1900 1580 1926 20.

1450 2121 1524 2148 1263

1427 2177 1511 2197 mars
1531 2170 1581 2196 28.

1450 2488 1523 2515 1263

1427 2538 1606 2564 mars-avril

1450 2876 1525 2904 1263

1427 2925 1507 2952 avril
1528 2925 1611 2951 6-12‘.

1608 461 1737 489 Orvielo.

2357 360 2445 387 Paga.
2466 358 2603 382 umbros.
2653 372 2659 403 ᾗ

2392 423 2456 443 tome
2476 421 2507 443 lv

1834 462 2073 496 subjectionem
2135 463 2321 490 monasterii
2354 463 2393 490 de
2428 461 2602 496 15112934

1795 511 1977 544 Ferentillo,
2012 511 2131 538 ordinis
2163 519 2187 538 s.
2218 511 2394 545 Benedicti,

1790 555 1981 589 spoletanae
2023 555 2165 588 diocesis,
2202 555 2394 582 monasterio

1788 598 1999 625 Claraevallis
2032 599 2070 625 de
2100 597 2224 632 Clento,
2255 597 2394 626 Cameri-

1791 643 1896 670 nensis
1920 643 2064 670 diocesis.
2089 645 2192 670 cassat
2218 645 2250 670 et
2274 643 2402 698 irritat}
2478 676 2509 699 w

2404 682 2458 699 ome

1828 719 2007 753 Eugubinis
2040 719 2096 746 dat
2131 719 2292 746 licentiam
2323 716 2393 745 Cal·
2427 717 2601 752 15212935

1799 768 1947 800 lensibus,
1993 768 2141 794 ccclesiae
2185 767 2321 795 inimicis
2362 768 2394 794 et

1793 817 1975 849 rebellibus,
2019 816 2130 842 duram
2173 818 2206 843 et
2249 823 2391 851 asperam

1793 873 1939 895 suerram
1954 866 2102 893 faciendi.
2392 900 2453 918 tone
2463 898 2497 918 Ν

1836 942 1995 975 Episcopo
2026 941 2199 973 Aversano,
2229 939 2413 973 coadjut0-!
2449 947 2461 962 ι
2495 938 2598 972 12936

1797 990 1823 1016 ri
1865 990 2005 1024 episcopi
2046 989 2219 1023 Eugubim',
2262 987 2395 1015 mandat

1792 1038 1920 1065 intimet
1984 1036 2193 1070 Callensibus,
2245 1036 2396 1064 ecclesiae

1792 1086 1959 1113 Romanae
2003 1087 2160 1118 hostibus,
2214 1092 2394 1120 processum

1788 1141 1849 1169 quo
1879 1134 2053 1169 episcopali
2080 1134 2240 1168 dignitate
2267 1134 2396 1168 privan-

1768 1182 1821 1209 ‘di
1854 1184 2057 1216 nuntiantur,
2090 1183 2151 1210 nisi
2182 1182 2264 1209 infra
2296 1189 2394 1209 unum

1791 1239 1930 1258 mensem
1970 1232 2009 1258 ad
2047 1232 2197 1258 ecclesiae
2239 1231 2394 1258 mandata

1793 1281 1895 1308 redire
1930 1281 2125 1307 curaverint.

2390 1316 2455 1336 tome
2475 1314 2505 1336 {V

1830 1356 2005 1390 Episopum
2038 1358 2069 1383 et
2104 1356 2276 1383 officialem
2298 1355 2409 1388 'solo-1
2447 1354 2597 1389 7913011

1793 1412 1887 1432 sanos
1923 1405 2104 1431 defensores
2140 1405 2310 1432 constituit
2344 1404 2393 1438 ju-

1790 1454 1871 1480 rium
1893 1455 1926 1480 et
1948 1453 2191 1481 immunitatum
2213 1454 2342 1480 abbatis
2360 1456 2393 1481 et

1791 1503 1970 1529 conventus
2000 1502 2240 1530 Grandissilvae
2269 1510 2394 1530 monas-

1792 1551 1876 1578 terii.

1829 1608 1831 1611 ,
2392 1588 2457 1609 tome
2477 1587 2508 1609 lv

1831 1628 2027 1655 Monasterio
2071 1628 2226 1661 Saxivivi,
2270 1627 2411 1660 ordinis!
2443 1627 2601 1661 5312937

1791 1684 1814 1704 s.
1841 1676 2020 1709 Benedicti,
2047 1676 2208 1711 quondam
2234 1676 2395 1711 Fuligina-

1788 1726 1830 1753 tis
1851 1725 1994 1759 diocesis,
2020 1725 2203 1753 libertatem
2225 1727 2257 1752 et
2280 1725 2394 1752 immu-

1789 1775 1923 1801 nitatem
1955 1774 2134 1801 confirmat.

2391 1810 2456 1830 tome
2476 1808 2506 1831 lv

1832 1850 1992 1876 Abbatem
2027 1851 2058 1876 et
2093 1851 2286 1877 conventum
2320 1850 2404 1881 mo-l
2443 1858 2454 1873 ι
2498 1849 2601 1881 12938

1793 1898 1924 1925 nasterii
1951 1898 1989 1924 de
2014 1896 2180 1930 Corneolo,
2208 1898 2395 1924 Praemons-

1789 1946 1940 1973 tratensis
1963 1946 2091 1977 ordinis,
2114 1946 2303 1973 Bisuntinae
2325 1946 2393 1973 dio-

1788 1995 1876 2028 cesis,
1898 1995 1955 2022 sub
1977 1994 2007 2021 b.
2028 1994 2117 2021 Petri
2136 1996 2168 2021 et
2189 2001 2245 2021 sua
2266 1996 2391 2029 protec-

1789 2044 1878 2071 tione
1900 2042 2045 2070 suscipit.

2391 2079 2456 2099 tome
2477 2076 2507 2099 lv

1825 2119 2029 2153 Praeceptori
2060 2120 2088 2145 et
2123 2118 2277 2145 fratribus
2305 2118 2406 2150 Mili-l
2444 2117 2600 2150 5412939

1793 2168 1856 2194 liae
1895 2167 2020 2202 Templi
2058 2167 2320 2201 Jerosolymitani
2360 2167 2392 2193 in

1789 2216 1965 2250 Aquitania
1988 2216 2128 2250 indulget
2154 2217 2185 2242 ut
2209 2215 2393 2243 exactiones

1790 2265 1867 2299 ipsis
1911 2265 1949 2291 ab
1995 2264 2196 2291 ecclesiarum
2241 2264 2393 2299 praelatis

1791 2315 1921 2349 petitas,
1959 2314 2083 2340 ratione
2119 2314 2259 2348 ipsarum
2297 2313 2393 2340 eccle-

1791 2363 1921 2395 siarum,
1959 2363 2043 2389 ultra
2080 2364 2265 2389 consuetam
2302 2364 2393 2389 taxa-

1791 2412 1923 2444 tionem,
1956 2411 2110 2443 denegare
2140 2411 2282 2437 valeant.
2390 2446 2399 2466 ί
2475 2443 2505 2466 w

2401 2449 2455 2466 ome

1832 2486 1952 2513 Abbati
1988 2488 2019 2512 et
2057 2486 2229 2513 conventui
2263 2487 2406 2518 monas-1
2444 2484 2599 2518 5512946

1792 2535 1865 2562 terii
1885 2542 1909 2562 s.
1930 2534 2018 2561 Petri
2038 2535 2258 2567 Pulleriarum‚
2278 2534 2393 2569 Lingo—

1788 2584 1894 2611 nensis
1925 2583 2068 2616 diocesis,
2104 2583 2248 2617 indulget
2282 2584 2317 2609 ut
2350 2583 2390 2609 ad

1789 2630 1942 2658 solvenda
1971 2623 2080 2657 debita
2108 2628 2320 2655 creditoribus
2347 2627 2404 2654 mi-

1790 2675 1874 2702 nime
1904 2675 2084 2705 teneantur,
2114 2672 2174 2699 nisi
2203 2678 2239 2698 ea
2269 2672 2300 2698 in
2330 2671 2392 2699 uti-

1790 2719 1916 2746 litatem
1943 2717 2084 2752 eJusdem
2110 2716 2295 2743 monasterii
2318 2722 2392 2743 con-

1787 2768 1879 2789 versa
1913 2768 1980 2789 esse
2012 2761 2152 2795 legitime
2187 2760 2391 2795 probaverint

1789 2806 1974 2834 creditores.

2388 2840 2451 2858 tou·
2464 2836 2493 2857 lv

1825 2877 1945 2904 Abbati
1974 2883 1997 2903 s.
2029 2875 2185 2909 Stephani
2213 2874 2404 2905 Divionen-1
2442 2871 2599 2905 5412940

1792 2925 1833 2954 sis
1855 2925 1988 2952 mandat
2011 2923 2138 2952 restitui
2160 2923 2254 2951 {aciat
2280 2921 2391 2949 abbati

2655 413 2659 440 1

2651 441 2659 594 l
