2659 3242
127 458 195 486 1261

109 508 227 537 decem.

159 857 173 872 ))

157 1106 172 1122 ))

153 1495 168 1510 ))

150 1740 164 1756 ))

147 2083 161 2099 ))

150 2278 164 2293 ))

247 858 261 872 ))

246 1106 260 1121 ))

243 1495 258 1510 ))

241 1739 255 1754 ))

239 2083 253 2098 ))

221 2268 266 2296 23.

273 458 391 485 Viterbe.

246 507 295 535 20.
323 522 354 526 —

943 216 1096 246 TABLES
1122 216 1174 247 DU
1198 216 1400 246 REGISTRE
1424 216 1616 246 D'URBAIN
1642 217 1681 245 IV
2463 222 2501 250 83

1065 311 1140 335 l'ngeu.
1172 310 1282 330 Numerus.

430 369 491 395 que
508 361 545 388 ad
561 360 751 388 audiendam
770 360 865 387 Verbi
878 360 934 386 Dei
950 359 1070 394 praedi-

430 410 586 437 cationem
603 417 635 435 se
658 410 799 436 conferre
819 409 997 442 contigerit.

466 458 602 492 Reginae
623 458 787 487 Franciae‚
806 458 1067 492 quotiescumque
1086 458 1090 488 1
1145 457 1174 482 12
1191 457 1195 489 Ι
1247 457 1277 483 31

430 515 497 534 eam
513 507 550 533 ad
567 507 704 541 alicujus
725 507 876 534 ecclesiae
897 506 946 532 vel
963 505 1067 540 capel-

429 556 475 583 lae
491 556 539 583 vel
556 556 667 582 altaris
680 556 908 583 dedicationem
927 563 980 582 seu
1001 562 1068 581 con·

429 605 638 632 secrationem
673 605 717 631 ire
744 605 791 631 vel
823 605 978 631 interesse
1010 603 1065 630 ibi-

428 654 497 680 dem
516 655 697 688 contigerit,
714 656 744 680 et
759 653 904 680 omnibus
921 652 993 680 aliis
1011 653 1065 688 qui

429 703 645 737 interfuerint,
662 703 698 729 de
715 702 865 736 injunctis
883 702 945 728 sibi
963 702 1067 736 poeni-

429 753 538 779 tentiis
574 760 690 778 annum
722 759 821 778 unum
862 753 891 778 et
927 750 1067 785 quadra-

429 801 516 834 ginta
532 801 599 827 dies
615 800 747 827 relaxat.

461 849 582 880 Eidem,
601 849 864 884 quotiescumque
880 848 918 875 ad
934 848 1062 875 audien·
1081 849 1084 879 Ι
1140 847 1170 873 12
1188 849 1192 879 1
1243 848 1277 873 32

423 899 496 925 dam
521 898 614 926 Verbi
639 898 695 925 Dei
724 897 992 932 praedicationem
1016 897 1062 923 ire

425 947 608 982 contigerit,
644 946 857 980 omnibusque
898 945 971 972 aliis
1010 944 1063 979 qui

424 996 640 1028 interfuerint,
655 995 691 1021 de
708 995 860 1029 injunctis
878 993 939 1020 sibi
958 994 1061 1028 poeni-

426 1045 534 1074 tentiis
550 1047 675 1072 centum
697 1043 763 1070 dies
783 1043 919 1070 relaxat.

459 1094 595 1129 Reginae
635 1093 805 1127 Navarrae,
848 1091 1082 1127 quotiescum-l
1103 1091 1133 1117 12
1187 1092 1191 1123 Ι
1241 1092 1274 1118 33

422 1152 483 1179 que
501 1151 568 1170 eam
595 1142 633 1168 ad
661 1141 797 1175 aliquus
829 1141 979 1167 ecclesiae
1013 1140 1061 1167 vel

423 1192 562 1227 capellae
596 1190 644 1217 vel
684 1190 795 1218 altaris
831 1189 1059 1217 dedicationem

423 1250 477 1269 seu
513 1239 779 1268 consecrationem
818 1239 864 1266 ire
896 1239 944 1266 vel
979 1238 1060 1265 inte-

424 1299 506 1318 resse
523 1289 642 1317 ibidem
662 1288 843 1322 contigerit,
863 1290 894 1315 et
916 1287 1062 1315 omnibus

422 1340 494 1367 aliis
515 1339 570 1373 qui
599 1336 817 1368 interfuerint,
846 1337 881 1362 de
910 1337 1062 1371 injunctis

421 1388 483 1415 sibi
512 1387 717 1422 poenitentiis
746 1393 864 1413 annum
897 1393 995 1412 unum
1031 1388 1061 1412 et

423 1437 637 1472 quadraginta
654 1436 723 1462 dies
740 1435 874 1461 relaxat.

458 1485 854 1519 Eidem,quotiescumque
875 1482 911 1509 ad
931 1483 1059 1509 audien·
1078 1484 1082 1515 1
1136 1483 1165 1509 12
1183 1483 1186 1516 Ι
1239 1483 1273 1509 34

420 1535 494 1561 dam
511 1533 608 1561 Verbi
632 1533 689 1560 Dei
719 1532 987 1567 praedicationem
1012 1533 1059 1558 ire

421 1583 602 1616 contigerit,
619 1581 830 1615 omnibusque
849 1580 922 1607 aliis
941 1580 997 1615 qui
1016 1571 1062 1606 ‘in-

421 1631 602 1665 terfuerint,
635 1630 672 1657 de
704 1629 856 1664 injunctis
876 1629 936 1655 sibi
957 1629 1060 1664 poeni-

417 1681 525 1708 tentiis
546 1682 673 1707 centum
692 1678 759 1705 dies
772 1678 906 1705 relaxat.

454 1729 530 1764 Regi
562 1729 722 1755 Navarrae
749 1727 786 1754 de
816 1727 970 1761 injunctis
997 1727 1079 1759 sibit
1134 1727 1185 1760 121
1237 1727 1272 1754 35

420 1778 616 1814 poenitentiis
630 1785 727 1804 unum
743 1784 862 1804 annum
880 1779 909 1804 et
926 1776 1060 1811 quadra-

420 1829 509 1861 ginta
531 1827 598 1855 dies
625 1827 759 1860 relaxat,
795 1824 1058 1860 quotiescumque

420 1885 492 1904 eum
520 1876 558 1903 ad
583 1875 721 1910 alicujus
742 1875 894 1902 ecclesiae
914 1874 964 1901 vel
991 1882 1060 1909 cap-

421 1926 523 1961 pellae
540 1926 591 1953 vel
614 1925 726 1952 altaris
753 1923 983 1952 dedicationem
1009 1923 1058 1951 vel

421 1976 689 2002 consecrationem
706 1973 752 2000 ire
768 1973 817 2000 vel
831 1973 982 2000 interesse
1000 1973 1058 2000 ibi-

416 2025 486 2051 dem
508 2023 686 2058 contigerit.

452 2072 561 2099 Eidem
578 2072 615 2098 de
646 2072 798 2106 injunctis
821 2071 881 2099 sibi
897 2071 1057 2106 poeniten·
1075 2072 1079 2104 1
1131 2072 1183 2104 131
1235 2071 1270 2099 36

418 2121 472 2148 tiis
497 2124 624 2148 centum
649 2121 718 2147 dies
750 2120 883 2152 relaxat,
919 2120 1055 2155 quoties-

418 2178 554 2205 cumque
588 2170 625 2196 ad
656 2169 848 2197 audiendam
878 2169 972 2197 Verbi
999 2169 1056 2196 Dei

417 2219 684 2255 praedicationem
700 2220 858 2246 intererit.

455 2268 634 2303 Loderingo
663 2267 699 2294 de
721 2267 853 2299 Andalo,
881 2268 1079 2301 Gruamonsl
1130 2268 1185 2301 431
1220 2268 1271 2295 ’120

417 2317 453 2345 de
475 2317 729 2348 (jaccianemicis,
747 2316 870 2343 civibus
886 2317 1060 2344 Bononien-

417 2367 517 2401 sibus,
532 2366 694 2397 Selancae‚
718 2366 780 2393 civi
806 2366 964 2400 Regiensi‚
989 2366 1058 2393 Rai-

417 2417 504 2443 neri«)
519 2415 556 2442 de
586 2415 765 2447 Adelarclis,
782 2416 843 2442 civi
869 2415 1054 2442 Mutinensi.

416 2468 445 2492 et
467 2464 539 2491 aliis
567 2464 714 2500 pluribus
747 2464 889 2498 regulam
915 2463 1054 2491 studiose

417 2514 621 2548 compositam
634 2513 790 2545 concedit,
803 2513 964 2548 perpetuis
981 2515 1057 2539 tem-

416 2562 546 2596 poribus
572 2561 811 2591 observandam,
834 2569 966 2595 eamque
999 2569 1054 2596 ap-

416 2611 540 2646 pellat«
559 2611 708 2638 Ordinem
732 2611 868 2638 militiae
886 2610 914 2637 h.
934 2610 1053 2638 Mariae

416 2658 559 2692 Virginis
588 2659 743 2694 gloriosae
763 2670 778 2684 »
796 2662 828 2686 ut
845 2660 899 2694 qui
916 2659 1052 2694 professi

417 2707 537 2734 fuerint
577 2709 655 2735 hanc
688 2711 838 2743 tanquam
868 2709 999 2742 speciali
1030 2711 1059 2735 et

419 2757 568 2789 perpetuo
582 2755 689 2782 ordine
706 2755 812 2782 taliter
829 2758 1052 2790 nuncupentur

415 2799 566 2831 videlicet
596 2814 609 2827 «
630 2805 758 2832 Fratres
774 2805 894 2832 ordinis
915 2805 1050 2832 Militiae

416 2853 445 2880 b.
489 2852 608 2879 Mariae
648 2853 788 2887 Virginis

416 2901 530 2933 (Tenor
549 2901 676 2935 regulae
692 2902 831 2928 insertus
852 2903 921 2933 est).

834 2853 1000 2887 gloriosae.
1042 2864 1055 2877 »

1356 359 1424 385 1262

1334 415 1418 442 Janv.

1371 662 1384 676 ))

1364 1736 1377 1749 ))

1363 2031 1376 2045 >i

1362 2373 1375 2388 ))

1360 2619 1375 2634 ))

1360 2863 1373 2877 ))

1439 407 1466 435 4.

1446 1102 1458 1115 Ι)

1438 1337 1478 1363 11.

1436 1726 1478 1754 13.

1450 2031 1487 2045 ))“

1435 2364 1476 2391 19.

1448 2862 1459 2877 1)

1501 359 1615 386 Viterbe.

2295 312 2365 337 rages.
2396 313 2503 332 >tumet-01.

1692 359 1883 385 Provinciam
1907 368 1941 387 ac
1968 360 2121 386 fratribus
2143 360 2309 393 Herculi-l
2360 363 2414 393 331
2452 362 2500 388 101

1660 409 1698 434 tis
1720 408 1840 436 ordinis
1861 418 1884 434 s.
1907 409 2090 443 Augustini,
2113 417 2166 443 per
2188 410 2286 435 Anco-

1659 457 1797 483 nitanam
1826 457 1999 484 Marchiam
2024 458 2217 491 constitutis,
2241 458 2290 484 in—

1655 505 1765 539 dulget
1807 510 1839 533 ut
1881 506 1911 532 in
1955 505 2030 533 locis
2071 506 2155 540 Justo
2198 507 2289 533 titulo

1656 554 1833 589 acquisitis,
1859 555 1966 581 domos
1981 558 2012 581 et
2030 555 2179 582 ecclesias
2202 563 2288 582 cons-

1658 606 1761 629 truere
1784 603 1891 637 ibique
1912 604 2026 630 murari
2047 604 2182 631 valeant.

1691 653 1852 679 Praesenti
1875 652 1975 679 edicio
1994 654 2117 681 statuit.
2138 654 2210 680 licet
2226 661 2287 679 ma·
2305 655 2309 686 1
2361 653 2393 679 13
2411 655 2415 686 1
2466 655 2501 680 39

1654 700 1787 733 gistrum
1810 701 1981 734 Simonem,
2009 703 2193 728 canonicum
2226 703 2288 728 Pa·-

1653 749 1804 777 duanum‚
1822 749 2066 783 promovendum
2086 750 2113 775 in
2128 751 2285 785 presbyte-

1652 805 1723 823 rum
1742 797 1936 824 cardinalem
1952 798 2106 825 Romanae
2125 800 2284 830 eccles-iae,

1651 845 1779 872 duxerit
1810 846 2013 875 evocandum,
2052 851 2084 874 ut
2121 848 2200 874 idem
2238 849 2286 875 Si-

1652 903 1733 929 mon,
1749 896 1936 930 priusquam
1956 897 1987 922 in
2006 896 2226 931 presbyterum
2246 898 2285 924 sit

1652 948 1823 978 promotus,
1845 953 2045 980 nequaquam
2065 947 2096 972 in
2117 946 2284 981 collegium

1650 1002 1704 1021 seu
1723 994 1915 1021 consortium
1939 995 1986 1021 vel
2005 996 2043 1021 ad
2062 998 2216 1023 tractatus
2234 999 2289 1022 aut

1650 1043 1782 1070 consilia
1801 1043 2009 1070 cardinalium
2028 1044 2229 1072 admittatur.

1685 1091 1933 1127 Archiepiscopo
1946 1093 2089 1119 Remensi
2107 1094 2231 1121 mandat
2251 1096 2286 1121 ut
2303 1094 2307 1127 1
2358 1094 2412 1126 221
2463 1094 2500 1121 68

1651 1141 1840 1167 monasterio
1870 1141 2083 1168 Andeciarum
2113 1150 2165 1168 seu
2200 1143 2285 1169 Vivi-

1652 1189 1769 1222 F'ontis,
1799 1189 1857 1215 sul)
1891 1197 1983 1216 onere
2023 1198 2192 1217 usurarum
2229 1200 2285 1226 op-

1650 1246 1766 1273 presso,
1787 1238 1822 1264 de
1847 1242 2021 1273 opportuno
2049 1239 2188 1266 remedio
2213 1248 2285 1274 pro-

1651 1287 1755 1314 videre
1775 1290 1873 1314 curet.

1686 1336 1881 1371 Philippum,
1898 1336 2078 1371 episcopum
2097 1337 2283 1371 Zagabrien-
2301 1337 2305 1370 1
2361 1337 2391 1363 13
2408 1338 2412 1369 1
2462 1338 2498 1364 49

1651 1394 1728 1419 sem,
1743 1378 1983 1420 procuratorem
2004 1386 2154 1413 ecclesiae
2168 1387 2285 1419 Strigo-

1647 1435 1748 1461 niensi
1772 1434 1928 1466 concedit,
1953 1442 2060 1462 curam
2083 1438 2113 1462 et
2134 1435 2281 1462 adminis-

1646 1483 1815 1510 trationem
1838 1483 1977 1517 ejusdem
2002 1485 2033 1510 in
2056 1484 2284 1518 temporalibus

1647 1535 1678 1559 et
1697 1532 1922 1568 spiritualibus
1951 1534 2011 1567 ipsi
2032 1534 2234 1560 committens
2256 1537 2287 1560 et

1645 1581 1773 1609 mandat
1797 1584 1832 1607 ut
1864 1582 1946 1608 infra
1974 1582 2087 1609 festum
2115 1591 2139 1609 s,
2170 1582 2281 1609 Jacobi

1645 1631 1779 1665 apostoli
1792 1631 1935 1665 proximo
1949 1631 2106 1666 futurum,
2120 1631 2159 1658 ad
2178 1631 2281 1658 sedem

1644 1680 1849 1714 apostolicam
1871 1680 2080 1714 personaliter
2104 1680 2244 1708 accedat.

1683 1728 1865 1756 Prioratum
1900 1737 1923 1756 s.
1958 1729 2071 1756 Lazari
2108 1729 2303 1764 Tripolim-1
2358 1729 2409 1764 151
2461 1730 2478 1756 4

1648 1777 1691 1807 ni,
1716 1777 1753 1803 ad
1780 1778 2008 1804 monasterium
2043 1786 2066 1805 s.
2102 1779 2215 1806 Lazari
2244 1778 2281 1805 de

1647 1825 1802 1853 Bethania
1826 1829 2032 1861 spectantem,
2050 1835 2066 1854 a
2087 1827 2282 1861 subjectione

1649 1875 1785 1909 episcopi
1814 1875 2006 1909 Tripolitani
2035 1878 2064 1902 et
2093 1876 2282 1903 Antiocheni

1647 1923 1849 1958 patriarchae
1876 1924 1988 1951 eximit
2018 1928 2047 1950 et
2079 1925 2283 1960 Jerosolymi-

1650 1976 1721 2000 tano
1738 1972 1940 2007 patriarchae
1958 1973 2129 2001 submittit.

1681 2022 1837 2055 Magistro
1864 2021 2002 2049 ,Iohanni
2032 2022 2152 2050 Mansei
2178 2023 2300 2058 capel-l

1646 2070 1715 2097 lano
1750 2071 1934 2105 apostolico,
1964 2068 2079 2097 clerico
2108 2071 2192 2106 regis
2219 2074 2282 2099 An-

1646 2119 1739 2154 gliae,
1768 2119 1917 2146 canonico
1949 2119 2110 2153 Wellensi‚
2139 2121 2281 2155 indulget

1646 2172 1679 2196 ut
1697 2176 1803 2195 omnes
1818 2169 2014 2204 praebendas
2032 2178 2122 2205 quas,
2138 2173 2276 2205 tempore

1647 2218 1983 2245 excommunicationis
2006 2220 2180 2246 sententiae
2197 2220 2228 2246 in
2247 2227 2277 2246 se

1646 2267 1748 2300 ipsum
1785 2267 1934 2300 prolatae,
1964 2267 2110 2299 hahebat,
2138 2267 2279 2294 detinere

1647 2315 1762 2342 valeat.

1682 2365 1835 2399 Episcopo
1852 2364 2078 2392 Silvanectensi
2098 2366 2225 2392 mandat
2246 2368 2280 2392 ut
2298 2367 2302 2398 1
2357 2365 2408 2398 181
2457 2366 2490 2392 51

1645 2413 1792 2447 Hem-ico,
1814 2413 1889 2440 olim
1909 2414 2017 2442 abbati
2039 2422 2062 2440 s.
2084 2414 2227 2449 Dionysii
2251 2415 2280 2440 iu

2479 1731 2496 1756 ,μ

2352 2023 2387 2050 45
2404 2025 2408 2055 ι
2444 2023 2495 2049 129

1630 2461 1847 2497 ,Ρτῐιι1ο13μ18
1867 2462 1973 2497 aliquo
2000 2463 2141 2497 prioratu
2172 2463 2280 2496 provi-

1645 2512 1729 2545 deat,
1746 2512 1799 2538 ubi
1822 2512 1967 2539 monachi
1987 2522 2057 2540 cum
2079 2513 2196 2546 quibus
2215 2514 2278 2547 ipsc

1646 2561 1772 2588 honeste
1793 2562 1972 2588 conversari
1998 2562 2104 2596 possit.
2128 2563 2276 2589 existunt.

1680 2610 1823 2637 Fratrem
1859 2610 2041 2637 Joffridum.
2078 2610 2298 2644 ι·;11-811·.111111111
2352 2611 2407 2644 161
2457 2611 2491 2637 49

1643 2659 1862 2693 apostolicum.
1883 2659 1912 2685 in
1931 2659 2073 2685 abbatom
2095 2659 2274 2686 ==··›nastcrii

1642 2716 1665 2733 s.
1696 2708 1825 2739 Urbani,
1851 2708 2112 2734 (luth:ilmina-usis
2136 2707 2278 2740 diocesi&

1642 2764 1659 2783 a
1685 2756 1900 2782 cardinalibus
1928 2757 2014 2783 tituli
2036 2766 2060 2780 s.
2088 2756 2221 2783 sabinae
2247 2759 2277 2783 et

1643 2814 1667 2831 s.
1692 2805 1820 2831 Adriani
1843 2805 1988 2836 electum,
2006 2805 2178 2832 coufirmat.

1678 2853 1852 2879 Abhutibus
1873 2853 1909 2879 dc
1936 2853 2083 2880 Escureio
2104 2858 2133 2881 et
2156 2862 2179 2881 s.
2201 2854 2274 2881 Leo—
2294 2855 2297 2886 Ι
2354 2853 2382 2880 18
2402 2854 2406 2888 1
2456 2854 2490 2881 50

1645 2902 1703 2928 uis.
1720 2902 2033 2933 'l'ulleusisdimo-esis,
2053 2903 2179 2929 mandat
2201 2911 2276 2937 qua-
