2519 3262
1082 285 1336 317 APPENDICE
1358 285 1384 316 Ι,

285 382 379 413 2851

228 473 355 506 Alfonso,
371 473 470 500 comiti
496 472 670 505 Pietavcnsi,
696 472 804 506 gratias
830 471 889 505 agit
917 472 950 497 de
976 470 1079 497 litteris
1101 469 1204 504 quibus
1237 478 1239 503 ς
1264 481 1414 511 defectus
1430 481 1586 520 proprios
1603 482 1818 518 meditamur,
1840 492 1904 513 non
1921 484 2140 522 presumimus
2161 487 2273 515 nostre

193 522 269 549 bona
295 530 394 556 papae,
413 529 504 556 nuper
520 522 549 548 in
569 521 734 556 pontificem
751 521 852 550 electo,
873 519 1037 553 auspicatus
1054 521 1124 544 erat.
1140 519 1206 544 Fra·
1237 530 1238 549 2

194 574 267 598 trem
288 571 450 605 Philippum
469 571 502 597 de
521 569 611 604 Clyst,
628 570 793 604 generalem
813 568 983 603 magistrum
1004 567 1158 601 Hospitalis
1177 567 1205 593 in

195 620 324 651 Francia,
345 620 393 654 qui
410 619 518 646 Alsonsi
535 619 645 646 litteras
666 620 908 652 praesentaverat,
923 617 1016 643 eidem
1038 616 1202 643 confirmat.
1236 631 1237 650 1
1272 650 1275 651 ⁷
1313 641 1318 646 .
1403 640 1408 645 .
1464 640 1469 645 .
1624 641 1633 646 ,
1660 641 1665 645 .
1972 643 1988 657 .·
2206 654 2211 657 ἢ

1264 649 1321 679 qiu
1338 641 1437 678 001111,
1461 648 1534 678 lpse
1554 642 1716 678 perficiat,
1735 643 1766 671 et
1786 641 1882 671 1101115
1899 650 1990 680 opeil
2014 651 2174 673 manuum
2198 653 2273 673 sua-

194 669 360 703 (Bonnfflux
372 669 433 701 761,
446 674 476 694 n⁰
489 668 555 699 5703
577 668 693 694 VALLm.
710 676 724 693 0
740 667 773 694 49
792 666 898 697 1102803
915 666 992 691 BmL.
1011 665 1100 691 vfflc
1122 665 1202 695 0735,

194 724 223 744 n⁰
243 719 286 750 113
303 718 381 744 Bmt-
399 718 470 744 NA‘r.
492 717 572 749 4311,
587 721 618 743 11ο
638 716 693 747 ll.)

192 871 249 900 tue
268 887 315 898 -.
338 879 352 898 ))

288 1031 385 1062 2852

231 1123 364 1158 Philippi,
386 1121 462 1156 regis
482 1121 658 1147 Francorum
669 1119 973 1154 primogeniti‚laudat
991 1119 1163 1146 modestiam
1178 1122 1205 1146 et

193 1172 397 1200 humilitatem,
410 1171 575 1205 (BonnEAux
587 1169 648 1201 761,
662 1174 692 1195 11Ο
706 1169 755 1196 571
767 1169 902 1200 3VA12L112.
917 1177 930 1195 c
942 1169 985 1202 49,
999 1174 1028 1194 11θ
1042 1168 1108 1200 281;
1124 1169 1203 1196 ΒιΒι.

195 1222 264 1248 νΑτ.
281 1220 360 1251 (3735,
376 1225 405 1246 u⁰
421 1219 474 1251 123
494 1218 573 1244 BlBL.
594 1218 666 1244 NAT.
682 1217 762 1251 4311,
774 1222 804 1244 n⁰
820 1218 869 1249 12,
888 1218 1046 1248 Porrussr,
1063 1217 1173 1251 19027.)

233 1326 247 1344 1(
269 1314 384 1344 Dilecto
399 1313 465 1354 filio
476 1314 636 1354 Philippo,
647 1313 853 1353 primoyenilo
866 1314 1016 1343 carissimi
1031 1314 1061 1342 iu
1081 1312 1204 1343 Christo

193 1368 255 1409 filii
274 1368 371 1398 nostri
387 1367 517 1397 illustris
539 1368 619 1406 reyis
639 1367 779 1397 Francie.
795 1367 949 1398 Dilectus
972 1367 1064 1397 filius
1085 1367 1207 1406 magis-

192 1424 244 1453 ter
261 1439 308 1450 —.
329 1432 343 1450 1)

285 1590 381 1621 2853

232 1682 297 1709 Duci
317 1682 497 1717 Burgundiae
510 1681 617 1716 gratias
633 1681 693 1716 agit
705 1681 780 1715 quod
796 1681 860 1716 ipsi,
876 1681 904 1707 in
916 1681 1080 1715 pontificem
1096 1681 1208 1708 noviter

196 1731 297 1763 electo,
325 1732 398 1757 bona
420 1731 585 1765 auspicatus
609 1732 653 1756 est
679 1738 801 1764 cumque
822 1729 954 1756 hortatur
977 1733 1017 1759 ut,
1044 1737 1208 1763 quanquam

194 1780 296 1807 electio
316 1779 456 1806 Eduensis
475 1779 600 1806 cantoris
621 1779 648 1805 in
670 1779 887 1805 Cabilonensem
908 1779 1073 1813 episcopum
1094 1779 1208 1805 admitti

194 1837 250 1855 non
278 1829 413 1863 potuerit,
441 1828 616 1863 magistrum
642 1827 834 1854 Theobaldum
863 1827 1045 1854 Cabilonensi
1070 1827 1208 1854 ecclesiae

195 1878 364 1905 auctoritate
378 1877 538 1911 apostolica
548 1876 739 1912 praefectum,
751 1877 871 1911 benigne
885 1876 1032 1903 admittat.
1043 1877 1210 1910 [BonnssAux
1240 1888 1242 1896 2

195 1928 256 1958 761,
270 1926 533 1960 n⁰5723VALL1QC
548 1926 592 1957 49,
608 1930 641 1952 n⁰
654 1926 720 1955 283;
731 1926 808 1952 131111..
825 1926 1208 1959 VAT1c.o735,n⁰13;BmL.

195 1976 265 2002 Nn.
284 1976 364 2005 4311,
382 1980 412 2001 n⁰
430 1975 485 2008 13.)

237 2084 252 2103 «
273 2072 390 2102 Dilecto
408 2072 473 2112 filio
488 2072 583 2102 nobili
600 2073 665 2101 viro
682 2071 750 2101 duci
771 2070 958 2110 Bwyzmdie.
977 2071 1095 2110 Magne
1111 2071 1210 2102 devo-

194 2127 299 2158 tionis
328 2128 359 2157 et
386 2126 592 2156 sinceritatis
611 2126 778 2161 affectum,
803 2125 980 2164 oportunis
998 2125 1211 2163 temporibus

198 2180 404 2212 evidentium
428 2188 567 2217 operum
593 2178 802 2208 exhibitione
819 2178 1087 2216 comprobatum,
1111 2187 1209 2217 quem

198 2234 239 2264 ad
255 2233 512 2272 predecessores
538 2234 674 2262 nostros
692 2233 723 2262 et
746 2232 936 2262 Romanam
963 2231 1141 2261 ecclesiam
1164 2232 1211 2261 di-

198 2287 348 2317 nosceris
361 2285 533 2319 habuisse,
550 2285 733 2315 missarum
752 2285 850 2315 nobis
866 2287 1000 2315 tuarum
1018 2285 1210 2315 litterarum

198 2339 305 2369 series
323 2339 486 2369 reseravit
500 2339 712 2378 eundemque
730 2339 770 2368 ad
782 2347 844 2368 nos
860 2338 1125 2368 continuandum
1140 2347 1209 2368 suc-

199 2393 343 2422 cessivis
371 2392 561 2431 augmentis
585 2401 622 2422 eo
648 2392 778 2431 gratius
800 2392 924 2422 obtulit
946 2400 1010 2430 quo
1028 2391 1211 2430 gratiosius

200 2445 386 2476 affectionis
415 2448 471 2475 tue
495 2445 798 2483 promptitudinem
812 2445 1034 2483 presentavit,
1061 2445 1212 2475 adiciens

198 2500 289 2529 tanto
306 2500 337 2528 te
357 2498 518 2537 maJ'orem
536 2498 728 2536 concepisse
747 2497 786 2528 de
804 2499 920 2528 nostra
937 2498 1149 2536 promotione
1167 2498 1210 2528 le·

201 2551 313 2582 titiam
328 2552 452 2589 quanto
471 2550 606 2589 plenius
618 2559 660 2580 ex
673 2550 733 2580 hoc
745 2550 911 2580 resultare
926 2550 1057 2581 dicebat
1069 2551 1212 2590 gloriam

199 2604 307 2644 patrie
338 2612 374 2633 ac
400 2603 518 2633 laudes
545 2602 618 2642 ejus
643 2603 701 2642 qui
724 2603 950 2633 miraculosus
979 2604 1070 2634 actor
1099 2604 1213 2634 extitit
1244 2606 1245 2610 ’

200 2656 424 2697 promotionis
436 2656 558 2695 ipsius.
569 2656 665 2692 Sane,
678 2655 727 2686 fili
739 2656 926 2692 carissime,
940 2657 1212 2696 recognoscimus

199 2709 364 2738 virtutum
386 2707 582 2741 Dominum,
600 2707 657 2746 qui
675 2708 787 2745 preter
801 2715 896 2745 spem
913 2708 944 2737 et
960 2709 1082 2738 merlta
1098 2710 1214 2738 nostra

201 2770 261 2792 sue
281 2762 417 2792 dextere
433 2760 669 2791 immutatione
685 2760 835 2790 mirabili
855 2760 1019 2791 humilem
1037 2762 1210 2799 exaltavit,

201 2823 337 2845 servum
353 2814 527 2844 constituit
543 2813 728 2848 dominum,
747 2822 807 2843 nos
828 2813 869 2843 ad
889 2813 1095 2844 universalis
1112 2815 1214 2845 eccle·
1245 2815 1246 2819 ’

201 2869 251 2899 sie
261 2868 410 2907 regimen
421 2867 601 2903 evocando,
617 2866 651 2896 in
665 2866 860 2905 hujusmodi
871 2868 986 2897 nostra
1000 2869 1212 2906 promotione

201 2921 394 2952 mirabilem
420 2920 587 2950 extitisse.
613 2920 774 2950 Fatemur
800 2919 866 2958 ipsi
897 2920 994 2959 cujus
1025 2921 1110 2951 mira
1135 2922 1213 2951 sunt

203 2984 304 3014 opera
328 2975 369 3016 de
392 2973 586 3014 dignatione
611 2982 671 3003 sua
687 2974 775 3004 circa
798 2973 1046 3011 promotionem
1072 2974 1213 3004 eandem

328 3028 467 3056 Urinam
489 3027 542 3058 IV,
563 3029 584 3054 t.
607 3025 660 3059 IV,
684 3027 749 3061 Rey.
769 3026 828 3054 ord.

2238 293 2275 322 ⁶25

1265 377 1383 407 laudes
1398 376 1432 405 in
1451 376 1549 405 corde
1566 376 1708 406 contrito
1723 379 1753 406 et
1768 377 1946 408 humiliato
1961 378 2083 416 spiritu
2098 379 2274 410 decantan-

1265 429 1336 459 das.
1354 429 1429 465 Sed,
1447 429 1526 458 dum
1542 428 1768 459 humilitatem
1788 432 1938 460 nostram
1957 431 2174 466 attendimus,
2194 432 2273 462 dum

1265 534 1406 573 originis
1423 534 1531 572 patrie
1552 534 1586 564 in
1608 535 1668 565 boc
1692 535 1833 573 gloriam
1852 536 1904 566 vel
1926 536 2086 567 honorem
2106 538 2273 568 ascribere

1265 587 1324 617 sed
1340 587 1564 625 imploramus
1589 587 1698 626 ipsius
1724 589 1948 626 promotionis
1973 592 2118 619 actorem
2141 592 2177 620 ut
2200 591 2272 628 ipse

1263 701 1338 722 rum
1364 693 1539 731 porrigens
1567 693 1806 729 dexteram,de
1830 694 2037 725 habundanti
2064 705 2124 725 sua
2148 697 2272 734 pietate

1236 758 1237 786 1
1263 746 1421 776 concedat
1437 746 1485 775 sic
1503 748 1716 784 assumptum
1733 746 1882 777 officium
1899 756 2013 786 gerere
2029 751 2063 778 ut
2083 749 2175 779 salus
2197 750 2272 780 inde

234 826 249 846 α
272 815 413 854 Alfomo²
430 813 715 844 comitil'ictavensi
731 818 758 842 et
785 811 963 842 qywlosmm¹
987 812 1090 841 Migge
1106 811 1205 841 nobis
1236 798 1237 838 J
1264 800 1379 828 nostra
1395 799 1580 837 populique
1602 799 1699 829 nobis
1725 800 1899 830 commissi
1918 802 2093 839 proveniat
2118 805 2148 832 et
2166 803 2274 841 gloria

1263 851 1391 881 nomini
1405 860 1466 881 suo
1484 851 1581 881 detur
1593 854 1624 882 et
1639 853 1715 882 tein
1733 852 1793 882 hoc
1806 853 1996 883 devotionis
2014 854 2143 888 alt'ectu,
2163 855 2193 884 iu
2212 855 2272 885 hac

1264 904 1458 934 sinceritate
1477 905 1553 934 fidei
1573 914 1632 943 per
1648 906 1801 944 tempora
1823 905 1983 936 diuturna
2002 909 2187 938 conservet.
2208 909 2274 938 Ha-

1263 957 1319 987 bet
1334 966 1478 996 namque
1493 958 1570 988 inte
1584 959 1691 988 mater
1703 958 1845 988 ecclesia
1856 960 1969 997 gaudii
1983 960 2022 989 de
2034 961 2272 998 preteritorum

1264 1011 1584 1041 commemoratione
1616 1011 1807 1048 materiam,
1832 1011 1930 1042 habet
1952 1014 1984 1043 et
2008 1014 2201 1043 securitatis
2233 1015 2272 1043 de

1237 1098 1238 1107 ἵ
1265 1063 1456 1093 futurorum
1467 1063 1636 1094 oblatione
1648 1064 1818 1100 fiduciam,
1831 1065 1929 1096 habet
1944 1067 1975 1096 et
1989 1066 2114 1096 Christi
2129 1067 2277 1098 vicarius

1265 1125 1302 1146 ac
1318 1116 1412 1146 Petri
1430 1125 1607 1147 successor
1624 1118 1712 1148 unde
1729 1118 1865 1156 plaudat
1886 1119 2054 1155 manibus,
2072 1119 2171 1150 habet
2187 1120 2274 1150 unde

1265 1170 1353 1208 apud
1364 1169 1487 1200 salutis
1497 1172 1667 1201 auctorem
1681 1171 1714 1201 in
1725 1171 1947 1202 exultationis
1959 1181 2040 1203 voce
2054 1173 2175 1212 jubilet
2185 1176 2216 1204 et
2228 1173 2274 1203 ‹li-

1265 1224 1316 1252 cat
1329 1223 1485 1254 exultans
1500 1233 1506 1252 :
1522 1232 1607 1262 «pro
1621 1224 1776 1262 patribus
1788 1234 1872 1264 quos
1883 1226 1923 1255 ad
1937 1225 2171 1256 fulcimentum
2187 1227 2275 1261 fidei,

1265 1276 1498 1307 defensionem
1515 1277 1670 1314 ecclesie,
1689 1278 1906 1308 inimicorum
1925 1279 2034 1317 ipsius
2051 1280 2277 1318 propulsatio-

1265 1337 1353 1366 nem,
1367 1330 1548 1360 tuitionem
1561 1331 1869 1361 ecclesiasticorum
1885 1332 2013 1370 jurium
2028 1333 2278 1363 ultramontana

1266 1383 1359 1421 regio
1375 1382 1416 1412 ab
1428 1383 1566 1421 antiquo
1580 1384 1750 1422 produxit,
1762 1384 1870 1414 incliti
1881 1385 1950 1414 nati
1961 1387 2039 1416 sunt
2049 1385 2109 1415 filii
2123 1387 2155 1415 et
2165 1386 2198 1415 in
2212 1386 2279 1416 hiis

1266 1437 1298 1466 et
1315 1436 1350 1465 in
1367 1436 1445 1466 aliis
1457 1436 1620 1466 virtuosis
1641 1437 1800 1476 operibus
1819 1437 1892 1468 suis
1909 1438 2106 1476 parentibus
2123 1448 2188 1469 non
2207 1440 2280 1470 imi-

1266 1497 1447 1525 memores,
1477 1498 1691 1520 successores
1719 1499 1785 1521 non
1814 1491 2039 1522 hereditatum
2066 1493 2279 1524 solummodo

1267 1542 1326 1572 sed
1339 1542 1514 1572 virtutum.
1529 1552 1544 1572 )>
1560 1543 1711 1578 Quorum
1730 1553 1870 1574 numero
1888 1553 1925 1574 eo
1940 1545 2048 1583 magis
2065 1547 2110 1582 te,
2125 1546 2195 1576 tuis
2211 1547 2280 1576 exi-

1267 1595 1424 1634 gentibus
1436 1596 1580 1631 meritis,
1594 1596 1809 1627 adnumerari
1820 1597 2006 1636 gaudemus
2016 1606 2122 1637 eoque
2133 1600 2280 1637 amplius

1239 1679 1240 1687 ¹
1267 1649 1422 1687 ipsorum
1452 1649 1625 1688 cathalogo
1656 1651 1688 1680 te
1714 1651 1884 1680 communi
1911 1651 2108 1682 testimonio
2135 1652 2280 1682 letamur

1267 1701 1393 1731 ascribi
1413 1710 1479 1740 quo
1496 1702 1624 1739 majora
1641 1704 1673 1733 et
1690 1703 1901 1741 promptiora
1918 1703 2084 1737 subsidia,
2103 1713 2177 1735 cum
2196 1707 2279 1735 tem-

1267 1763 1331 1793 pus
1348 1757 1556 1793 exposceret,
1569 1756 1608 1786 de
1627 1756 1871 1795 magnitudinis
1887 1758 1942 1787 tue
1959 1757 2122 1796 potentia,
2134 1758 2172 1787 de
2186 1760 2279 1797 grate

1268 1807 1366 1838 nobis
1385 1810 1416 1838 et
1440 1810 1573 1847 accepte
1590 1810 1646 1839 tue
1666 1809 1849 1839 oblationis
1866 1809 2071 1840 liberalitate
2090 1819 2279 1849 speramus,

1268 1869 1370 1898 super
1388 1869 1454 1898 qua
1469 1861 1657 1891 sinceritati
1673 1863 1729 1891 tue
1745 1864 1856 1900 grates
1873 1862 1995 1892 uberes
2011 1862 2207 1899 referentes,
2226 1872 2280 1893 vo-

1267 1913 1382 1942 lumus
1408 1915 1439 1943 te
1462 1913 1503 1943 ad
1527 1914 1704 1952 apostolici
1730 1915 1821 1944 sedis
1849 1916 1991 1954 gratiam
2016 1924 2054 1946 eo
2080 1916 2279 1954 promptiori

1269 1967 1450 1997 securitate
1478 1975 1651 1997 recurrere
1675 1976 1741 2006 quo
1761 1968 1896 2006 plenius
1922 1968 2032 2007 ipsius
2050 1968 2280 1999 benivolentia

1267 2020 1337 2050 tuts
1360 2019 1500 2050 debetur
1524 2020 1656 2050 meritis
1679 2022 1710 2051 et
1736 2030 1801 2060 quo
1823 2022 1897 2060 ipsa
1918 2021 1979 2052 tibi
2002 2031 2062 2060 per
2087 2023 2279 2052 continuate

1241 2061 1243 2094 '=
1268 2073 1458 2103 devotionis
1476 2073 1587 2103 studia
1606 2073 1744 2104 uberius
1763 2075 1961 2105 vendicasti.

1308 2128 1466 2158 Ceterum
1476 2128 1653 2166 prudentie
1663 2129 1720 2158 tue
1730 2129 1953 2160 mansuetudo
1966 2129 2107 2160 moleste
2119 2139 2184 2160 non
2196 2130 2280 2160 ferat

1269 2180 1358 2219 quod
1380 2189 1498 2219 preces
1518 2182 1650 2210 vestras
1668 2190 1727 2219 pro
1753 2181 1875 2212 dilecto
1898 2182 1968 2212 filio
1990 2207 1995 2211 .
2014 2206 2019 2211 .
2037 2183 2186 2212 Eduensi
2203 2191 2279 2212 can-

1242 2241 1243 2268 l
1269 2235 1351 2269 tore,
1372 2233 1545 2272 capellano
1563 2236 1692 2270 nostro,
1711 2236 1896 2272 porrectas,
1918 2243 2001 2273 quas
2018 2235 2167 2273 profecto
2188 2235 2280 2265 beni-

1269 2295 1331 2325 gne
1354 2287 1555 2325 recepimus,
1577 2287 1617 2316 ad
1639 2287 1869 2318 exauditionis
1891 2288 2058 2318 introduci
2077 2289 2219 2327 gratiam
2237 2289 2277 2318 ri-

1242 2351 1243 2373 1
1270 2348 1329 2378 gor
1344 2339 1476 2379 justitie
1493 2349 1559 2370 non
1585 2341 1753 2379 permisit,
1773 2341 1974 2379 Quanquam
1998 2341 2087 2371 enim
2107 2350 2209 2380 supra
2222 2342 2279 2380 jus

1242 2408 1244 2436 4
1268 2392 1382 2431 positi,
1402 2392 1510 2422 simus
1524 2394 1625 2430 ajure
1642 2393 1756 2429 soluti,
1776 2393 1902 2423 scimus
1913 2394 2027 2423 tamen
2044 2401 2081 2423 eo
2094 2394 2202 2432 magis
2219 2402 2280 2424 nos

1242 2449 1244 2484 g
1269 2445 1498 2476 observationi
1513 2445 1645 2484 justitie
1662 2446 1750 2484 apud
1767 2446 1874 2476 Deum
1895 2445 2061 2485 obligatos
2076 2455 2141 2485 quo
2160 2447 2200 2477 dc
2215 2456 2282 2476 ma-

1243 2491 1244 2535 }
1265 2498 1331 2538 jori
1348 2500 1513 2537 potestate
1536 2501 1668 2536 recepta
1686 2500 1839 2529 tenemur
1857 2499 1995 2529 reddere
2016 2500 2190 2530 rationem.
2211 2500 2280 2530 Nec

1243 2546 1244 2573 ἶ
1270 2561 1369 2591 grave
1388 2553 1523 2590 reputes
1540 2552 1641 2590 quod,
1664 2552 1827 2582 electione
1849 2552 1883 2581 in
1901 2552 2043 2582 ecclesia
2062 2552 2280 2583 Cabilonensi

1244 2637 1245 2642 ¹
1270 2604 1437 2635 celebrata
1453 2604 1493 2634 de
1512 2604 1601 2634 dicto
1623 2606 1770 2639 cantore,
1791 2605 1925 2643 justitia
1942 2605 2109 2644 exigente,
2135 2608 2278 2640 cassata,

1244 2646 1245 2712 ἒ
1269 2658 1379 2688 eidem
1403 2657 1531 2687 cantori
1550 2657 1590 2687 de
1611 2657 1686 2696 ipsa
1707 2657 1850 2688 ecclesia
1873 2658 2015 2697 gratiam
2033 2658 2118 2694 fieri,
2143 2659 2222 2690 licet
2240 2659 2281 2690 ad

1244 2715 1245 2745 ξ
1270 2711 1305 2741 id
1330 2719 1390 2740 nos
1414 2712 1549 2740 tuarum
1576 2718 1714 2748 precum
1740 2711 1966 2741 consideratio
1991 2712 2280 2750 quamplurimum

1245 2795 1246 2806 2
1270 2763 1440 2799 invitaret,
1466 2762 1558 2792 sedis
1582 2763 1766 2801 apostolice
1793 2766 1953 2794 consueta
1981 2763 2197 2794 observantia
2214 2773 2280 2795 non

1271 2817 1321 2846 est
1339 2824 1450 2854 passa,
1469 2824 1544 2845 cum
1562 2824 1627 2845 non
1653 2815 1759 2846 soleat
1776 2816 1893 2846 eadem
1912 2817 2009 2847 sedes
2034 2817 2067 2847 in
2086 2817 2281 2855 hujusmodi

1271 2868 1406 2898 casibus
1436 2868 1475 2898 de
1501 2868 1608 2898 altero
1632 2869 1906 2899 contendentium
1939 2870 2128 2908 providere.
2159 2871 2282 2901 Preces

1270 2922 1374 2960 igitur
1394 2923 1471 2952 tuas
1487 2930 1571 2960 quas
1590 2922 1738 2952 sacrario
1757 2924 1870 2953 nostre
1889 2924 2014 2953 mentis
2031 2923 2280 2962 impressimus,

1270 2976 1307 3005 ut
1323 2983 1380 3006 eas
1399 2975 1432 3004 in
1446 2975 1633 3014 gratiosum
1649 2977 1680 3006 et
1694 2978 1827 3015 gratum
1839 2976 1912 3014 tibi,
1932 2985 2008 3006 cum
2025 2977 2120 3007 locus
2137 2977 2281 3014 affuerit,

2143 3030 2160 3057 4
