2519 3262
255 271 293 300 72
957 266 1035 297 LEs
1057 264 1299 297 REGISTRES
1322 263 1534 295 D'URBAIN
1558 263 1614 293 IV.

253 361 369 398 ejusque
391 361 514 388 fautores
535 360 583 395 qui
609 359 784 387 horrendum
804 359 896 386 scelus
917 359 945 386 in
966 358 1124 393 capitulum
1150 358 1258 384 Laudu-

253 418 339 438 nense
355 409 572 437 commiserunt.
587 408 687 443 (Auca.
702 408 773 435 ΝΛτ.
793 415 807 433 L
822 408 884 439 256,
901 412 932 434 n⁰
946 408 1005 440 (37.)
1018 408 1037 434 ¹.

294 509 308 529 «
322 498 641 538 Urbanuscpiscopus,
657 506 918 526 servusservormn
930 496 995 532 Dei,
1007 494 1124 526 dilectis
1139 495 1213 535 filiis
1230 519 1235 525 .
1251 519 1257 525 .

254 553 365 582 decano
389 551 508 581 ecclesie
530 561 552 580 s.
572 550 725 590 Stephani
750 550 900 580 Trecensis
916 554 942 579 et
964 549 1108 587 7na51isl1·0
1122 548 1259 578 ,Iohanni

254 605 369 641 Garsie,
387 604 529 634 canonico
543 602 827 640 Trecensi,salutem
836 608 863 632 ct
873 602 1069 643 apostolicam
1080 601 1259 631 benedictio·

251 668 327 688 nem.
345 659 452 689 Casus
468 656 643 688 horribilis
659 658 691 687 et
709 656 865 687 horrendi
887 655 1059 691 facinoris,
1082 655 1171 693 quod
1192 663 1256 685 non

251 713 322 742 sine
338 710 431 750 gravi
447 710 546 750 culpa
559 711 591 741 et
608 718 749 741 excessu
765 718 829 739 non
847 709 1015 739 modico..
1037 707 1167 738 abbatis
1191 715 1258 737 mo-

252 764 391 794 nasterii
402 772 428 794 s.
444 763 607 794 Joliannis
619 763 653 793 in
664 762 807 793 Abbatia
823 761 1037 792 Laudunensi
1050 769 1257 799 suorumque

251 817 446 856 sequacium
459 817 626 856 patratum
644 824 750 854 nuper
762 815 965 849 audivimus,
980 814 1127 844 infausta
1138 814 1256 844 relatio

252 870 459 901 audientium
480 869 649 899 mentibus
668 868 841 899 horrorem
862 868 982 907 ingerit
999 867 1171 906 multaque
1190 875 1257 897 res-

251 923 359 962 pergit
382 922 606 953 amaritudine
626 930 745 951 sensus
761 923 905 951 nostros
926 921 1116 951 ,anxiantur
1133 920 1257 950 etenim

250 978 388 1014 paterna
405 975 534 1005 viscera
558 976 590 1004 et
605 982 645 1005 ex
662 983 699 1004 eo
715 974 874 1004 nimirum
897 982 1032 1004 causam
1054 972 1258 1004 turbationis

251 1028 354 1058 multe
377 1027 586 1065 concipimus
604 1027 693 1066 quod
714 1027 802 1057 idem
829 1026 943 1063 abbas,
966 1028 1083 1057 contra
1107 1025 1256 1056 debitum

250 1089 309 1111 suc
323 1080 497 1120 religionis
511 1079 685 1116 oberrans,
702 1079 964 1118 irregularitatis
977 1079 1153 1118 dispendio
1168 1080 1258 1109 nota-

250 1142 313 1173 que
329 1133 555 1171 dampnabilis
580 1132 717 1163 infamie
740 1141 805 1162 non
832 1132 959 1169 vitatis,
987 1140 1106 1162 manus
1125 1132 1165 1162 ad
1182 1140 1254 1162 exe-

249 1186 374 1217 crabile
410 1185 521 1216 scelus
542 1186 678 1216 laxasse
706 1185 861 1216 refertur.
887 1184 1044 1216 Profecto
1069 1185 1108 1215 de
1134 1184 1257 1223 patrati

249 1239 429 1270 dolendum
449 1240 499 1269 est
517 1238 698 1269 acerbitate
717 1238 830 1269 delicti
851 1239 901 1269 set
924 1238 1001 1269 inde
1020 1237 1146 1268 doloris
1170 1246 1258 1268 acer-

249 1292 353 1323 bioris
372 1291 512 1322 materia
530 1291 677 1322 evidenti
694 1292 823 1322 ratione
841 1291 1022 1331 consurgit.

288 1345 385 1381 Sane,
400 1345 486 1375 sicut
501 1345 615 1375 dilecti
629 1344 692 1375 filii
704 1367 710 1373 .
724 1367 729 1373 .
742 1345 900 1379 decanus,
914 1345 944 1375 ct
959 1344 1144 1383 capitulum
1156 1344 1256 1374 eccle-

249 1398 298 1429 sie
312 1398 545 1429 Laudunensis
563 1397 764 1428 lacrimabili
782 1397 880 1428 nobis
897 1398 1125 1428 insinuatione
1147 1406 1257 1428 mons-

249 1453 391 1488 trarunt,
409 1451 559 1482 cumduo
576 1451 727 1490 ipsorum
744 1451 898 1482 homines
915 1451 954 1482 (le
969 1460 1106 1490 corpore
1128 1452 1159 1481 in
1178 1451 1258 1481 villa

249 1505 287 1535 de
305 1505 472 1538 Creciaco‚
488 1504 721 1535 Laudunensis
736 1505 894 1541 diocesis,
907 1505 939 1534 in
953 1514 1018 1543 qua
1032 1505 1174 1544 predicti
1187 1513 1255 1535 mo-

249 1557 389 1588 nasterii
402 1557 505 1588 abbas
515 1558 546 1588 et
556 1558 1020 1597 conventusjurisdictionem
1035 1559 1255 1597 temporalem

250 1610 399 1641 obtinere
411 1610 578 1647 dicuntur,
590 1611 630 1640 ad
640 1610 784 1640 invicem
798 1611 1002 1646 rixarentur,
1016 1611 1155 1650 contigit
1168 1611 1256 1650 quod

248 1664 332 1694 alter
342 1665 390 1694 ter
400 1663 592 1702 percutiens
602 1663 756 1700 alterum,
768 1664 879 1702 ipsum
891 1664 1073 1702 prostravit
1083 1665 1123 1694 ad
1133 1666 1256 1695 terram

248 1717 386 1755 ejusque
402 1717 516 1755 guttur
535 1716 682 1747 violenta
697 1726 799 1747 manu
816 1717 1049 1756 constringens
1072 1721 1104 1747 et
1124 1719 1254 1754 tenens,

249 1769 416 1800 nitebatur
426 1769 589 1800 suffocare
600 1771 820 1809 prostratum,
834 1770 949 1809 sicque
962 1771 1165 1801 constrictus
1180 1771 1255 1802 tali-

248 1824 297 1853 ter
315 1823 441 1861 patenti
459 1823 577 1861 patens
589 1823 738 1861 periculo
750 1824 839 1862 quod
852 1823 949 1854 aliter
962 1824 1068 1854 vitare
1082 1824 1252 1863 nequibat,

247 1875 370 1906 cutello
388 1876 611 1915 opprimentis
627 1878 772 1915 arrepto,
791 1885 826 1907 se
842 1876 1050 1907 defendendo
1074 1886 1148 1907 cum
1168 1877 1253 1916 ipso,

248 1929 343 1958 illum
361 1928 393 1958 in
411 1929 545 1967 inguine
564 1929 711 1960 letaliter
729 1929 929 1961 vulneravit.
955 1931 1120 1960 Percusso
1142 1932 1252 1962 autem

248 1982 379 2019 magnis
396 1981 605 2013 exclamante
620 1982 769 2016 vocibus,
787 1982 941 2014 homines
960 1983 1052 2013 illius
1067 1984 1147 2014 ville
1167 1985 1254 2014 voci-

249 2033 351 2064 tantis
368 2034 573 2065 clamoribus
593 2035 733 2070 incitati,
752 2035 850 2066 illum
875 2036 932 2075 qui
955 2044 989 2065 se
1015 2037 1126 2067 taliter
1143 2037 1255 2067 ‹lefen-
1285 2042 1287 2055 t

248 2085 345 2117 debat
364 2087 546 2126 capientes,
571 2088 691 2127 majori
710 2088 877 2127 etjuratis
899 2089 985 2119 dicte
1009 2089 1088 2120 ville
1108 2090 1253 2120 tradide-
1285 2104 1287 2142 Ξ
1313 2107 1384 2136 sius
1402 2107 1541 2145 capituli
1569 2107 1769 2138 renitentem
1797 2110 1829 2139 et
1850 2108 1994 2139 invitum
2018 2109 2145 2140 faciens
2161 2110 2324 2150 suspendi

249 2141 324 2169 runt
341 2140 495 2170 eundem.
514 2141 653 2178 Verum,
672 2150 747 2171 cum
764 2141 851 2172 inter
875 2142 1030 2172 eosdem.
1050 2168 1055 2173 .
1076 2143 1251 2179 decanum,

247 2193 489 2231 etcapitulum,
505 2203 546 2223 ex
563 2195 656 2232 parte
676 2203 754 2229 una,
772 2195 880 2225 dictos
899 2204 1030 2234 quoque
1049 2195 1202 2226 abbatem
1221 2199 1251 2227 et

247 2299 285 2328 de
300 2299 540 2330 consuetudine
560 2309 623 2339 quc
648 2300 836 2330 intercursus
853 2302 1036 2341 vulgariter
1056 2302 1191 2340 (licitur,
1209 2303 1253 2333 sit,

247 2350 418 2382 obtentum
447 2353 494 2389 ut,
516 2353 544 2383 si
573 2353 677 2393 aliqui
701 2353 855 2385 homines
880 2355 1047 2386 dictorum
1075 2356 1193 2386 (lemni
1219 2359 1249 2386 ct

246 2405 383 2444 capituli
410 2405 614 2445 deliquerint
650 2406 684 2437 in
712 2407 867 2438 districtu
889 2408 1036 2447 predicte
1065 2409 1154 2445 ville,
1189 2418 1252 2448 que

246 2458 287 2487 ad
314 2458 424 2497 ipsum
457 2458 613 2490 abbatem
642 2461 674 2490 et
701 2462 902 2492 conventum
927 2462 1095 2500 pertinere
1117 2463 1250 2500 dicitur,

246 2510 351 2550 major
372 2513 403 2542 et
419 2512 522 2551 ⁸jurati
542 2513 693 2553 ejusdem
713 2514 793 2544 ville
815 2514 909 2553 ipsos
926 2514 1064 2545 ballivis
1090 2516 1249 2555 predicto-

245 2572 318 2593 rum
334 2564 448 2595 decani
459 2566 490 2596 et
500 2566 639 2605 capituli
653 2567 692 2598 de
704 2566 880 2598 Mortieros
891 2569 924 2599 et
936 2568 974 2599 de
984 2568 1078 2608 Cepli
1088 2569 1250 2606 locorum,

245 2616 402 2648 videlicet
418 2617 451 2648 in
467 2618 590 2658 quibus
601 2619 701 2651 iidem
717 2620 863 2651 decanus
878 2623 909 2652 et
922 2621 1107 2661 capitulum
1124 2624 1249 2662 tempo-

245 2670 350 2701 ralem
370 2671 640 2709 jurisdictionem
665 2672 815 2704 obtinere
839 2676 1034 2710 noscuntur,
1061 2676 1250 2714 puniendos

245 2731 304 2762 per
324 2723 429 2762 ipsos
441 2724 539 2764 juxta
559 2725 757 2764 qualitatem
781 2727 907 2764 delicti,
924 2728 1056 2758 tradere
1072 2730 1250 2760 teneantur

246 2778 278 2808 et
301 2786 472 2815 converso,
493 2778 522 2808 si
544 2779 650 2818 aliqui
669 2780 708 2810 de
727 2780 815 2811 dicta
830 2782 1020 2812 communia
1037 2782 1070 2812 in
1086 2783 1249 2814 treffondo

246 2831 278 2860 et
295 2830 429 2869 justitia
456 2832 683 2870 predictorum
713 2833 863 2864 locorum
888 2834 927 2865 de
958 2835 1134 2866 Mortieres
1163 2837 1250 2868 etde

280 2915 299 2937 1.
313 2915 391 2939 Cette
409 2913 485 2939 bullo
501 2917 544 2939 est
560 2915 667 2941 donnee
686 2916 757 2941 dans
777 2924 815 2941 un
835 2918 966 2943 Vidimus
987 2919 1037 2943 des
1058 2919 1130 2944 deux
1150 2920 1250 2945 execu-

247 2959 325 2982 teurs
341 2958 374 2982 de
394 2960 464 2983 oette
478 2961 619 2986 sentence.

1315 355 1409 394 Cepli
1437 354 1653 394 deliquerint,
1673 353 1753 383 dicti
1771 352 1890 384 ballivi
1917 361 1974 384 eos
1996 353 2138 392 prefatis
2153 353 2272 393 majori
2291 355 2323 384 et

1311 408 1436 447 juratis
1454 416 1512 447 per
1529 407 1632 446 ipsos,
1649 407 1747 445 Juxta
1759 405 1958 445 qualitatem
1974 406 2097 445 patrati
2112 406 2238 441 delicti,
2256 408 2323 437 tra-

1314 461 1392 492 dere
1407 460 1550 491 debeant
1569 459 1769 499 puniendos,
1796 458 1961 489 nominati
1985 458 2131 490 decanus
2146 460 2178 490 et
2196 458 2322 498 capitu-

1314 514 1384 544 lum
1401 513 1588 552 predictum
1605 520 1839 552 percussorem
1855 520 1873 542 a
1889 510 2014 550 majore
2030 513 2062 542 et
2073 511 2196 551 juratis
2211 512 2323 550 requi-

1314 567 1444 598 sierunt
1460 566 1600 602 eisdem,
1619 567 1771 604 petentes
1785 566 1822 595 ut
1837 573 1915 595 eum
1937 564 2038 595 dictis
2056 564 2204 601 ballivis,
2226 564 2325 604 juxta

1313 619 1507 659 hujusmodi
1527 618 1817 653 consuetudinem,
1839 617 2049 652 exhiberent,
2067 618 2100 648 et
2118 617 2183 657 ipsi
2201 616 2262 648 hoc
2276 618 2324 648 sa-

1313 682 1387 704 cere
1409 681 1474 704 non
1492 674 1660 708 curantes,
1686 671 1814 702 dictum
1831 679 2076 711 percussorem,
2098 672 2175 710 post
2198 671 2324 702 multas

1314 726 1560 761 altercationes,
1582 725 1694 755 abbati
1713 724 1922 755 tradiderunt
1935 723 2057 755 eidem.

1352 780 1458 810 Porro
1475 779 1579 809 iidem
1604 778 1751 809 decanus
1775 779 1807 808 et
1832 777 2030 816 capitulum,
2053 776 2178 816 quihus
2205 786 2223 808 a
2247 777 2325 807 sede

1313 830 2080 872 apostolicaestindultumutininjuriatoreset
2090 829 2326 861 malefactores

1314 895 1394 917 suos
1412 888 1443 916 et
1459 885 1632 916 hominum
1653 893 1804 921 suorum,
1821 884 1851 914 si
1870 884 1910 914 ab
1925 884 1975 914 eis
1993 883 2114 914 moniti
2129 883 2326 914 satisfacere

1315 948 1380 970 non
1401 939 1562 975 curarint,
1581 937 1846 969 ecclesiasticam
1872 937 2005 975 possint
2031 945 2188 967 exercere
2207 945 2323 967 censu-

1314 1001 1397 1030 ram,
1414 1000 1472 1031 per
1485 992 1648 1031 quosdam
1662 1000 1702 1021 ex
1716 991 1886 1021 canonicis
1898 990 2008 1030 ipsius
2018 990 2158 1021 ecclesie
2171 989 2326 1021 abbatem

1314 1045 1440 1084 ipsum,
1458 1045 1618 1084 priorem,
1635 1044 1849 1083 suppriorem
1870 1045 1901 1074 et
1920 1044 2006 1074 alios
2025 1043 2176 1082 eJ'usdem
2193 1051 2327 1074 monas-

1314 1098 1392 1128 terii
1405 1097 1580 1132 officiales,
1592 1098 1721 1137 prefate
1732 1097 1987 1128 consuetudinis
2000 1105 2066 1127 non
2087 1097 2235 1136 ignaros,
2248 1105 2325 1127 cum

1315 1151 1354 1181 de
1373 1150 1439 1181 hiis
1463 1152 1643 1187 constaret,
1667 1151 1864 1181 auctoritate
1890 1150 2013 1181 indulti
2033 1149 2240 1189 hujusmodi,
2266 1158 2323 1189 pu-

1314 1203 1413 1240 blice,
1431 1203 1550 1234 multis
1565 1203 1756 1234 astantibus
1773 1205 1805 1234 et
1817 1203 2046 1240 audientibus,
2060 1205 2136 1234 ante
2150 1205 2265 1242 portas
2280 1203 2328 1242 ip-

1315 1257 1387 1287 sius
1403 1257 1613 1293 monasterii,
1628 1265 1703 1287 cum
1718 1257 1752 1287 in
1768 1257 1851 1287 illud
1865 1257 1950 1296 ipsis
1967 1256 2138 1287 canonicis
2157 1265 2223 1287 non
2237 1258 2328 1296 pate-

1315 1312 1365 1341 ret
1378 1311 1552 1349 ingressus
1569 1318 1628 1348 pro
1641 1318 1678 1341 eo
1694 1310 1782 1349 quod
1797 1310 1908 1341 claudi
1926 1310 2072 1341 fecerant
2087 1311 2202 1349 portas
2219 1310 2324 1349 ipsas,

1314 1372 1451 1394 monere
1471 1363 1621 1393 fecerunt
1640 1365 1675 1393 ut
1689 1363 1859 1402 prefatum
1877 1372 2113 1402 percussorem
2131 1364 2189 1402 qui
2209 1363 2242 1393 in
2260 1372 2326 1394 mo-

1314 1417 1462 1448 nasterio
1480 1416 1692 1447 detinebatur
1708 1417 1838 1453 eodem,
1849 1416 1946 1456 juxta
1960 1417 2238 1448 consuetudinem
2254 1417 2328 1447 red-

1315 1470 1430 1501 derent
1464 1470 1704 1509 supradictam.
1735 1471 1792 1501 Set
1820 1470 1910 1501 idem
1936 1469 2051 1506 abbas,
2073 1478 2133 1500 sue
2151 1470 2328 1510 religionis

1315 1524 1494 1554 immemor
1512 1525 1544 1554 et
1577 1523 1708 1562 proprii
1741 1524 1937 1562 persecutor
1963 1522 2108 1560 arbitrii,
2132 1531 2260 1554 necnon
2294 1525 2327 1555 ct

1315 1577 1395 1608 dicti
1414 1576 1578 1607 officiales
1593 1585 1658 1607 non
1674 1577 1785 1607 solum
1799 1577 1832 1607 id
1846 1576 1955 1607 facere
1972 1576 2191 1616 denegarunt,
2209 1585 2327 1608 verum

1314 1630 1416 1660 etiam
1433 1629 1561 1660 dictum
1589 1637 1836 1668 percussorem,
1857 1630 1897 1660 de
1913 1630 2056 1661 consilio
2076 1630 2281 1661 thesaurarii
2294 1631 2327 1661 et

1313 1682 1440 1717 Jacobi‚
1464 1683 1618 1714 monachi
1640 1683 1720 1713 dicti
1743 1683 1953 1720 monasterii,
1978 1684 2144 1723 prepositi
2161 1684 2195 1714 in
2209 1684 2326 1714 eadem

1314 1736 1396 1766 villa
1427 1745 1486 1775 pro
1519 1737 1593 1776 ipso
1623 1737 1841 1771 monasterio,
1864 1738 1895 1767 et
1917 1736 2046 1768 Galteri
2068 1737 2108 1768 de
2128 1738 2324 1777 Boquenay,

1313 1789 1464 1819 canonici
1481 1789 1751 1826 Suessionensis,
1765 1789 1987 1820 consiliorum
2000 1790 2081 1820 dicti
2096 1789 2241 1826 abbatis,
2260 1792 2325 1821 tra-

1314 1843 1470 1873 diderunt
1494 1843 1632 1874 Terrico
1656 1843 1745 1873 dicto
1771 1842 1807 1873 de
1828 1843 1924 1879 Mota,
1950 1843 2071 1883 majori
2098 1843 2178 1874 ville
2202 1844 2323 1883 ipsius,

1314 1895 1370 1934 qui
1391 1895 1577 1934 predictum
1594 1905 1840 1935 percussorem,
1859 1898 1973 1927 contra
1995 1897 2177 1936 justitiam,
2193 1905 2269 1928 cum
2289 1906 2325 1928 se

1313 1948 1521 1979 defendendo
1533 1948 1728 1988 hujusmodi
1745 1949 1966 1980 homicidium
1982 1951 2222 1989 perpetrasset,
2237 1950 2323 1981 trahi

1313 2001 1391 2031 fecit
1409 2001 1450 2031 ad
1469 2002 1609 2032 caudam
1632 2002 1709 2041 equi
1724 2004 1756 2033 et
1772 2011 1848 2033 eum
1864 2003 2092 2041 postmodum,
2111 2004 2183 2035 sine
2196 2004 2324 2043 judicio

1313 2056 1344 2084 et
1359 2054 1431 2092 lege
1448 2054 1568 2093 patrie,
1587 2063 1645 2093 per
1667 2055 1847 2093 quemdam
1870 2055 2041 2086 hominem
2059 2056 2099 2087 de
2119 2065 2258 2096 corpore
2275 2057 2321 2097 ip-

1312 2159 1476 2198 patibulo,
1491 2160 1601 2199 ipsius
1618 2161 1721 2191 vitam
1740 2161 1924 2201 suspendio
1937 2162 2034 2193 finire
2048 2163 2167 2203 coegit.
2182 2163 2324 2203 Propter

773 2247 778 2252 Β
890 2248 895 2254 .
987 2249 992 2254 ἱ
1285 2223 1286 2229 ’
1312 2213 1399 2252 quod
1417 2213 1496 2244 dicti
1515 2214 1662 2244 decanus
1682 2217 1714 2245 et
1728 2215 1915 2254 capitulum
1940 2216 1975 2245 in
2000 2216 2136 2247 eosdem
2155 2216 2321 2253 abbatem,

246 2247 447 2276 conventum
464 2254 591 2277 necnon
610 2256 802 2278 commuma
820 2249 947 2286 pretate
963 2248 1054 2281 ville,
1076 2258 1116 2279 cx
1135 2249 1251 2284 altera,
1285 2266 1286 2281 l

1311 2266 1471 2305 priorem,
1489 2267 1703 2306 suppriorem
1717 2270 1750 2298 et
1764 2268 1850 2299 alios
1867 2268 2019 2307 ejusdem
2035 2270 2233 2301 monasterii
2249 2271 2322 2303 ossi-

1311 2320 1414 2351 ciales
1429 2321 1459 2351 et
1475 2320 1690 2351 consiliarios
1713 2322 2076 2354 excommunicationis
2103 2325 2319 2363 sententiam,

1312 2373 1508 2404 auctoritate
1535 2373 1658 2405 indulti
1686 2374 1893 2414 hujusmodi,
1909 2375 2064 2415 exigente
2077 2376 2223 2416 justitia,
2249 2387 2322 2418 pro·

1313 2426 1515 2466 mulgarunt,
1530 2435 1631 2466 quam
1642 2427 1721 2458 dicti
1739 2428 1885 2459 decanus
1898 2431 1930 2460 et
1939 2429 2124 2468 capitulum
2137 2431 2322 2470 apostolico

1312 2479 1481 2518 petierunt
1498 2481 1686 2512 munimine
1706 2480 1871 2513 roborari.

1351 2533 1514 2568 Quocirca
1544 2533 1741 2565 discretioni
1767 2536 1879 2567 vestre
1903 2544 1963 2576 per
1984 2537 2170 2576 apostolica
2195 2539 2321 2579 scripta

1310 2586 1511 2617 mandamus
1528 2587 1689 2626 quatinus
1702 2596 1761 2619 vos
1777 2588 1830 2620 vel
1845 2589 1930 2620 alter
1944 2592 2109 2628 vestrum,
2121 2599 2181 2630 per
2193 2600 2253 2622 vos
2266 2592 2320 2624 vel

1310 2647 1370 2678 per
1385 2639 1489 2670 alium
1502 2648 1561 2671 seu
1580 2640 1677 2678 alios,
1696 2642 1900 2673 sententiam
1923 2643 2044 2683 ipsam,
2067 2644 2154 2675 sicut
2176 2646 2321 2676 rationa-

1309 2691 1424 2723 biliter
1443 2694 1495 2724 est
1512 2693 1655 2732 prolata,
1675 2694 1839 2726 facientes
1856 2697 2056 2728 auctoritate
2077 2699 2193 2729 nostra
2214 2707 2321 2738 usque

1309 2745 1351 2775 ad
1383 2746 1651 2778 satisfactionem
1682 2748 1895 2788 condignam,
1925 2749 2152 2789 appellatione
2177 2754 2317 2790 remota,

1310 2798 1553 2830 inviolabiliter
1582 2800 1768 2839 observari,
1805 2804 2011 2833 memoratos
2036 2825 2066 2834 ..
2099 2803 2267 2841 abbatem,
2288 2828 2316 2836 ..

1309 2851 1468 2891 priorem,
1488 2876 1514 2882 ..
1532 2853 1760 2892 suppriorem,
1791 2854 1956 2886 officiales
1976 2857 2008 2887 et
2035 2857 2263 2894 consiliarios,
2288 2857 2317 2888 si

1283 2921 1284 2924 =
1310 2905 1513 2936 sententiam
1535 2906 1644 2945 ipsam
1662 2907 1726 2938 rite
1744 2907 1848 2939 latam
1863 2908 2075 2947 inveneritis,
2090 2910 2235 2950 singulis
2252 2911 2319 2942 die—

1310 2957 1373 2988 bus
1389 2957 1568 2989 dominicis
1585 2960 1617 2990 et
1635 2959 1778 2997 festivis,
1800 2960 1946 3000 pulsatis
1965 2963 2138 3002 campanis
2156 2965 2187 2994 et
2203 2964 2318 2995 cande-
