2519 3262
162 226 219 256 106

912 223 1156 255 REGISTRES
1186 223 1400 254 D’URBAIN
1435 224 1492 254 IV.

157 308 308 348 jusmodi
338 307 487 338 mandati
522 308 642 343 nostri,
668 307 916 346 suspensionis,
945 307 1115 338 interdicti
1136 309 1167 338 et
1196 314 1200 355 1
1231 315 1290 337 seu
1316 307 1375 337 illa
1399 316 1500 346 quam
1529 307 1615 338 bone
1645 309 1807 339 memorie
1832 308 2032 340 Sabinensis
2049 310 2241 349 episcopus,

161 361 523 392 excommunicationis
552 361 743 396 sententiis,
766 360 961 399 hujusmodi
994 361 1169 391 occasione
1198 388 1199 395 ,

159 414 239 444 latis
257 414 290 444 in
314 414 419 445 dictos
442 414 636 453 episcopum
653 413 926 443 Mindunicnsem
948 415 980 444 et
1005 413 1169 444 archidia-
1198 406 1200 436 ἶ

160 476 281 497 conum
299 475 358 497 seu
382 475 599 506 quoscunque
624 466 709 496 alios
726 466 899 502 relaxatis,
924 469 955 497 et
973 467 1169 505 dispensato

160 528 234 549 cum
263 520 313 550 eis
342 528 444 558 super
470 519 718 558 irregularitate
749 519 776 549 si
810 528 910 558 quain
928 528 969 549 ex
994 519 1069 558 jure
1093 528 1168 549 con-

158 573 336 607 traxerint,
356 581 415 611 pro
446 572 533 602 bono
552 573 645 611 pacis
674 574 705 602 et
730 573 917 608 concordie,
941 572 980 602 de
1004 581 1169 603 consensu
1198 595 1199 603 1

157 626 318 664 partium,
332 625 492 655 ordinans
502 624 868 664 diffinivitutprefatus
879 625 1170 655 archidiaconatus
1198 648 1200 652 ,

159 678 199 708 de
225 679 447 717 Montenigro,
467 688 543 708 cum
567 678 725 708 omnibus
747 678 883 717 juribus
902 680 933 708 et
954 678 1169 717 pertinentiis

159 732 242 766 suis,
260 731 348 770 apud
370 731 641 761 archidiaconum
661 733 831 762 remaneat
854 733 1090 762 memoratum.
1110 731 1168 762 Or-

158 785 285 815 dinavit
312 785 413 815 etiam
439 784 528 823 quod
546 784 656 814 dictus
675 784 931 815 archidiaconus
945 784 1005 815 tibi
1024 785 1076 815 vel
1096 793 1169 823 pro-

158 837 304 868 curatori
335 839 392 867 tuo
418 846 478 876 pro
506 839 537 867 te
566 837 606 867 de
628 837 850 876 proventibus
877 838 1168 868 archidiaconatus

157 891 309 930 ejusdem
332 891 555 929 quadraginta
573 890 678 921 libras
699 891 906 930 legionensis
934 893 1066 921 monete
1086 892 1168 921 tam-

158 945 215 974 diu
231 944 412 983 persolvat,
432 944 532 974 certis
548 944 620 974 loco
640 945 671 974 et
690 944 846 980 termino,
866 944 1168 977 annuatim,donec

157 997 217 1028 tibi
236 998 276 1028 de
294 998 477 1036 personatu
497 997 550 1027 vel
569 997 744 1035 dignitate,
768 1006 843 1027 cum
858 997 1093 1036 prestimoniis
1108 1005 1167 1027 seu

156 1051 331 1081 beneficiis
345 1050 495 1081 cedentis
513 1050 566 1080 vel
580 1050 784 1086 decedentis,
805 1050 956 1088 exceptis
968 1050 1119 1094 judicatu
1135 1052 1168 1080 et

156 1104 369 1135 thesauraria
394 1103 566 1142 predictis,
589 1103 622 1133 in
641 1103 756 1133 eadem
775 1103 1007 1133 Minduniensi
1024 1103 1167 1133 ecclesia

157 1157 202 1187 sit
233 1157 407 1196 provisum
437 1158 468 1187 et
491 1156 600 1195 ipsius
634 1156 681 1186 sis
710 1156 884 1195 pacificam
913 1156 1167 1195 possessionem

157 1210 310 1249 adeptus.
326 1211 464 1243 Verum,
482 1218 523 1239 ne
540 1211 576 1240 tu
594 1218 696 1248 super
711 1209 799 1239 dicta
814 1210 1009 1248 provisione
1028 1218 1087 1248 per
1106 1218 1166 1239 nos

155 1263 218 1293 tibi
235 1263 274 1293 de
289 1262 562 1293 archidiaconatu
582 1262 669 1292 sacta
686 1263 848 1301 predicto,
868 1271 1062 1293 remaneres
1080 1263 1166 1292 t'rus-

154 1318 265 1347 tratus
281 1316 457 1355 dictusque
476 1315 731 1346 archidiaconus
749 1316 806 1345 diu
825 1318 983 1346 oneratus
1004 1316 1167 1346 existeret

156 1369 190 1400 in
209 1369 376 1400 solutione
402 1369 542 1408 pecunie
567 1371 763 1405 memorate,
784 1369 963 1407 episcopus
982 1369 1054 1407 ipse
1072 1369 1166 1399 [lix-

155 1422 335 1463 bonensis,
358 1423 397 1452 de
425 1422 624 1452 auctoritate
643 1423 675 1452 et
699 1422 859 1452 mandato
876 1422 1005 1452 nostris
1025 1431 1090 1460 que
1113 1421 1180 1452 sihi

155 1476 297 1506 fecimus
322 1476 399 1505 viva
418 1483 509 1511 voce,
528 1474 587 1505 tibi
604 1475 643 1505 de
665 1475 827 1513 dignitate
845 1475 899 1504 vel
922 1477 1116 1513 personatu,
1137 1475 1165 1505 si

153 1530 234 1559 tunc
263 1529 297 1558 in
322 1528 471 1567 predicta
493 1527 635 1558 ecclesia
652 1527 883 1558 Minduniensi
899 1527 1072 1561 vacabant,
1090 1536 1166 1558 cum

153 1581 388 1620 prestimoniis
400 1581 550 1611 cedentis
564 1580 617 1610 vel
631 1580 836 1617 decedentis,
851 1581 1002 1619 exceptis
1013 1580 1166 1619 judicatu

155 1636 186 1666 et
205 1634 415 1665 thesauraria
430 1634 603 1673 predictis,
623 1634 788 1672 providit,
809 1634 838 1664 si
862 1642 940 1664 vero
963 1637 1166 1672 personatus

154 1688 208 1718 vel
224 1688 371 1726 dignitas
382 1686 575 1726 hujusmodi
590 1695 655 1716 non
666 1687 832 1723 vacarent,
844 1686 994 1724 primuni
1008 1695 1166 1725 persona-

154 1742 225 1772 tum
246 1741 299 1771 vel
316 1741 462 1779 primam
488 1739 687 1777 dignitatem
716 1740 908 1770 vacaturam
928 1739 1064 1777 ibidem,
1091 1749 1166 1770 cum

155 1794 389 1834 prestimoniis
416 1793 566 1824 cedentis
587 1793 641 1822 vel
663 1792 868 1826 decedentis,
898 1793 1060 1831 predictis
1079 1793 1166 1833 judi-

156 1850 231 1878 catu
246 1849 278 1878 et
288 1846 499 1877 thesauraria
513 1847 676 1884 exceptis,
690 1846 875 1876 reservavit
888 1846 950 1876 tibi
968 1847 1166 1878 auctoritate

157 1900 342 1940 apostolica
366 1899 582 1934 conferenda,
608 1901 640 1929 et
666 1899 823 1929 inhibens
848 1900 1055 1938 supradictis
1080 1901 1168 1939 epis-

157 1962 239 1992 copo
255 1955 288 1984 et
303 1953 450 1992 capitulo
474 1952 774 1982 Mindunicnsibus
799 1960 840 1982 ne
866 1952 906 1982 de
932 1952 1095 1991 dignitate
1113 1953 1166 1984 vel

156 2008 350 2046 personatu,
369 2015 445 2036 cuin
470 2005 704 2044 prestimoniis
721 2007 752 2035 et
766 2004 941 2035 beneficiis
958 2005 1164 2044 hujusmodi,

157 2060 229 2091 sive
239 2059 462 2090 communiter
472 2059 542 2088 sive
554 2058 691 2088 divisim
702 2058 742 2088 ad
752 2058 967 2089 collationem
977 2059 1165 2097 pertineant

158 2113 480 2149 eorundem,contra
496 2111 689 2150 hujusmodi
708 2111 973 2141 reservationem
993 2120 1089 2142 suam
1107 2112 1167 2142 ali-

158 2166 240 2206 quid
258 2166 401 2196 audeant
424 2166 634 2203 attemptare,
653 2164 706 2195 vel
731 2165 912 2203 procedere
937 2165 978 2195 ad
1002 2165 1167 2204 provisio-

157 2228 234 2250 nem
263 2228 378 2249 eorum
403 2219 455 2248 vel
479 2218 623 2256 alicujus
656 2218 807 2257 ipsorum
836 2218 936 2248 alicui
965 2218 1165 2253 faciendam,

158 2273 305 2304 decrevit
331 2272 466 2302 irritum
489 2273 520 2302 et
549 2271 647 2301 inane
677 2271 837 2310 quicquid
862 2271 901 2301 de
927 2271 1090 2310 dignitate
1113 2272 1166 2302 vel

156 2327 339 2366 personatu
357 2327 387 2355 et
406 2324 640 2364 prestimoniis
656 2324 863 2364 huiusmodi,
882 2326 998 2355 contra
1014 2334 1166 2356 reserva-

155 2379 283 2410 tionem
303 2379 423 2417 ipsam,
443 2387 461 2408 a
478 2386 649 2417 quoquam
672 2377 773 2408 suerit
792 2379 1039 2416 attemptatum,
1061 2380 1090 2409 et
1109 2388 1166 2409 ex-

156 2434 235 2463 tunc
247 2433 279 2463 te
292 2432 443 2471 ipsorum
462 2440 578 2461 verum
597 2440 672 2461 esse
688 2431 793 2461 voluit
811 2440 1056 2470 possessorem.
1076 2432 1167 2463 Man-

157 2485 234 2516 dato
252 2494 384 2524 quoque
401 2487 431 2515 et
450 2484 648 2515 auctoritate
663 2484 836 2523 predictis,
856 2483 919 2514 tibi
935 2485 1101 2515 concessit
1118 2487 1164 2521 ut,

157 2538 343 2568 secundum
360 2538 501 2568 somnam
519 2537 684 2567 dictarum
703 2537 894 2567 litterarum
912 2539 1103 2568 nostrarum
1115 2548 1165 2568 su-

156 2598 216 2629 per
230 2591 317 2621 dicto
329 2590 600 2621 archidiaconatu
615 2590 695 2621 olim
709 2599 957 2626 concessarum,
971 2590 1164 2629 hujusmodi

157 2644 355 2683 dignitatem
366 2644 418 2674 vel
428 2645 657 2682 personatum,
668 2653 743 2674 cum
753 2644 997 2682 prestimoniis,
1014 2653 1164 2675 unacum

157 2696 287 2727 duobus
310 2697 388 2727 aliis
411 2696 584 2727 beneficiis
604 2705 718 2727 curam
733 2696 936 2727 habentibus
961 2697 1162 2733 animarum,

157 2757 258 2788 super
285 2758 428 2788 quorum
456 2749 646 2788 receptione
669 2758 706 2780 ac
726 2750 912 2791 retentione
930 2750 1039 2780 felicis
1056 2758 1163 2781 recor-

157 2803 304 2833 dationis
322 2803 525 2839 Alexander,
543 2812 640 2842 papa,
659 2804 879 2842 predecessor
893 2806 1019 2838 noster,
1038 2806 1160 2841 tecum,

1198 449 1200 464 ›

1198 571 1199 587 1

1198 605 1200 634 ἰ

155 2857 193 2887 ut
208 2856 345 2891 asseris,
362 2856 582 2895 dispensavit,
601 2856 714 2895 possis
740 2856 861 2887 habere
885 2857 977 2887 licite
1001 2865 1038 2887 ac
1061 2858 1162 2888 etiam
1192 2874 1193 2898 1

154 2908 312 2944 retinere,
330 2918 394 2939 non
410 2909 563 2940 obstante
577 2909 816 2940 constitutione.
830 2910 965 2941 concilii
979 2911 1159 2950 generalis,
1192 2905 1193 2916 ¹

1230 363 1309 390 tunc
1329 361 1362 390 in
1380 360 1536 399 partibus
1550 361 1700 399 Yspanie
1713 361 1897 400 apostolice
1909 362 2001 392 sedis
2013 363 2156 402 legatus,
2168 372 2245 394 con-

1230 415 1281 443 tra
1307 413 1496 444 detinentes
1519 413 1618 452 plura
1634 413 1798 444 beneficia
1821 414 1855 444 in
1879 415 2007 445 eisdem
2027 415 2182 454 partibus
2199 417 2248 447 di·

1230 467 1317 496 citur
1327 466 1486 504 edidisse,
1506 468 1562 497 aut
1572 467 1601 497 si
1618 469 1653 497 tu
1671 467 1756 497 alias
1766 467 1986 498 beneficiatus
2002 469 2131 499 existas
2149 470 2202 500 vel
2215 470 2245 500 si

1230 520 1358 550 eisdem
1374 520 1532 558 episcopo
1550 522 1581 550 et
1598 520 1746 559 capitulo
1763 521 2060 552 Minduniensibus
2074 531 2093 552 a
2109 522 2189 553 sede
2201 523 2246 554 sit

1230 573 1305 611 ipsa
1319 572 1488 603 indultum
1512 574 1548 602 ut
1575 573 1617 602 ad
1639 573 1866 612 receptionem
1884 576 1914 604 et
1935 574 2166 612 provisionem
2185 575 2246 605 ali-

1231 626 1326 664 cujus
1352 634 1410 664 per
1431 625 1562 656 litteras
1586 626 1698 664 ipsius
1725 626 1816 656 sedis
1838 626 1997 664 compelli
2014 635 2080 657 non
2100 627 2245 666 possint,

1231 680 1287 708 aut
1305 679 1333 708 si
1353 679 1387 708 in
1413 679 1502 709 dicta
1520 679 1663 710 ecclesia
1684 688 1784 718 super
1802 682 1986 718 personatu
2010 680 2064 710 vel
2081 680 2246 719 dignitate

1231 741 1290 762 seu
1317 732 1552 770 prestimoniis
1579 732 1683 762 simul
1709 734 1765 763 aut
1798 733 1936 763 divisim
1954 733 2179 768 conserendis,
2198 734 2247 764 di-

1231 786 1421 815 rexerimus
1433 794 1493 824 pro
1505 785 1583 816 aliis
1599 786 1725 824 scripta
1739 788 1865 816 nostra.
1876 786 2035 816 Decrevit
2051 789 2164 817 autem
2177 787 2247 818 dic—

1230 840 1284 868 tus
1303 838 1482 877 episcopus
1500 838 1786 869 L'lixbonensiste
1798 839 1831 869 in
1848 839 2062 869 assecutione
2077 840 2245 870 dictorum

1229 894 1433 930 personatus
1457 901 1517 922 seu
1536 892 1713 930 dignitatis
1737 895 1767 923 et
1784 893 2086 931 prestimoniorum
2100 892 2245 931 preferri

1229 945 1307 975 aliis
1325 945 1395 984 qui,
1422 947 1499 983 post
1525 945 1632 975 dictas
1655 945 1788 975 litteras
1807 948 1941 976 nostras
1965 954 2067 984 super
2087 946 2176 977 dicto
2194 954 2244 976 ar-

1229 998 1463 1028 chidiaconatu
1488 1007 1548 1036 pro
1565 1000 1597 1028 te
1616 998 1698 1028 011111
1721 998 1885 1032 obtentas,
1917 1007 2018 1037 super
2048 999 2245 1038 provisione

1229 1052 1339 1082 suain
1363 1052 1452 1081 dicta
1473 1051 1616 1082 ecclesia
1634 1051 1766 1082 litteras
1785 1052 2010 1090 impetrarunt
2037 1052 2110 1082 sine
2130 1051 2246 1091 aIIqua

1227 1105 1377 1144 predicte
1393 1105 1484 1135 sedis
1497 1105 1705 1135 revocatoria
1721 1105 1835 1135 littera
1849 1105 1901 1135 vel
1920 1105 2130 1144 indulgentia
2146 1113 2246 1145 gene-

1229 1159 1292 1189 rali
1310 1167 1369 1188 seu
1387 1158 1529 1197 speciali
1549 1158 1730 1196 impetrata
1752 1158 1804 1188 vel
1824 1159 2048 1197 impetranda,
2067 1159 2246 1197 cujuscun-

1229 1220 1292 1250 que
1306 1212 1433 1242 tenoris
1448 1212 1585 1247 existat,
1605 1219 1663 1250 per
1675 1220 1776 1250 quam
1791 1212 1929 1241 effectus
1946 1212 2171 1242 ordinationis
2187 1213 2245 1242 aut

1228 1265 1434 1303 provisionis
1472 1264 1668 1303 hujusmodi
1695 1264 1854 1303 impediri
1883 1265 1992 1294 valeat
2018 1264 2071 1294 vel
2102 1264 2242 1295 differri.

1227 1318 1383 1348 Ceterum
1403 1317 1628 1356 questionem,
1648 1317 1677 1346 si
1697 1326 1797 1355 quam
1813 1319 1848 1347 tu
1866 1317 1971 1347 habes
1987 1319 2103 1348 contra
2116 1318 2244 1348 dictum

1228 1370 1501 1400 archidiaconum
1518 1371 1549 1400 et
1567 1377 1798 1408 quoscumque
1815 1370 1901 1399 alios
1917 1378 2019 1409 super
2035 1369 2192 1409 dampnis
2213 1371 2246 1401 et

1228 1423 1363 1462 inJ'uriis
1382 1431 1446 1462 que
1463 1431 1522 1461 per
1547 1430 1625 1452 eum
1649 1422 1745 1452 illata
1762 1422 1824 1452 tihi
1847 1422 1954 1453 fuisse
1981 1423 2120 1458 asseris.
2138 1432 2246 1454 reser-

1226 1477 1317 1506 vavit
1330 1475 1403 1512 tibi,
1418 1478 1515 1514 prout
1527 1475 1706 1514 inpublico
1719 1475 1946 1506 instrumento
1956 1476 2107 1507 confecto
2121 1477 2245 1508 exinde

1227 1538 1264 1560 ac
1284 1529 1398 1568 sigillo
1414 1529 1565 1567 episcopi
1583 1528 1829 1559 Ulixbonensis
1846 1529 1989 1567 predicti
2010 1529 2154 1568 signato,
2174 1530 2244 1568 ple·

1227 1583 1305 1613 nius
1325 1583 1526 1613 continetur.
1548 1583 1620 1613 Nos
1638 1582 1763 1620 itaque,
1781 1582 1850 1612 tuis
1867 1582 2175 1621 supplicationibus
2195 1583 2245 1614 in-

1227 1637 1355 1672 clinati,
1382 1636 1472 1675 quod
1503 1635 1543 1665 ab
1572 1635 1690 1665 eodem
1718 1634 1945 1666 L'lixbonensi
1963 1636 2122 1675 episcopo
2141 1644 2245 1675 super

1227 1690 1407 1729 premissis
1421 1689 1561 1728 provide
1576 1689 1701 1718 factum
1715 1690 1778 1725 est,
1795 1691 1906 1719 ratuni
1922 1690 1954 1719 et
1971 1689 2106 1719 firmum
2121 1688 2246 1720 haben-

1226 1745 1289 1779 tes,
1310 1743 1343 1773 id
1367 1743 1568 1773 auctoritate
1586 1742 1773 1780 apostolica
1796 1742 2036 1772 confirmamus
2055 1744 2117 1773 etc.
2136 1751 2245 1782 usque

1227 1796 1490 1827 communimus.

1267 1851 1434 1880 Tcnorem
1453 1850 1567 1879 autem
1584 1848 1695 1887 ipsius
1712 1848 1982 1879 instrumentide
1999 1848 2103 1880 verbo
2120 1849 2161 1879 ad
2170 1858 2243 1880 ver-

1227 1903 1307 1933 bum
1326 1901 1542 1942 presentibus
1559 1901 1702 1932 fecimus
1721 1902 1888 1936 annotari,
1909 1902 1967 1940 qui
1983 1902 2064 1932 talis
2081 1904 2133 1933 est
2153 1912 2160 1931 z

1268 1966 1282 1985 (t
1301 1957 1340 1986 In
1355 1956 1491 1986 nomine
1513 1955 1664 1991 Domini,
1685 1964 1795 1985 amen.
1813 1956 1898 1986 Cum
1912 1964 2049 1986 causam
2067 1964 2132 1995 que
2154 1956 2244 1986 inter

1228 2010 1430 2048 magistrum
1448 2009 1599 2044 Petrum,
1616 2008 1745 2038 domini
1765 2017 1851 2047 pape
1875 2008 2100 2047 capellanum.
2117 2009 2241 2048 magis-

1227 2064 1316 2092 trum
1335 2062 1503 2092 scolarum
1521 2061 1738 2096 Lucensium,
1756 2068 1797 2091 ex
1816 2062 1910 2100 parte
1926 2069 2004 2095 una,
2018 2062 2049 2091 et
2066 2061 2243 2091 dominum

1228 2115 1443 2146 Fernandum
1455 2113 1628 2148 ι101111111113,
1645 2113 1917 2144 archidiaconum
1928 2113 2127 2150 Lucensem,
2139 2122 2181 2145 ex
2193 2113 2243 2144 al-

1227 2170 1310 2204 tera,
1323 2177 1424 2207 super
1441 2167 1713 2197 archidiaconatu
1731 2167 1770 2197 de
1787 2167 2010 2206 Montenigro,
2022 2175 2123 2206 quem
2140 2167 2176 2197 in
2191 2176 2242 2198 ec-

1229 2221 1331 2252 clesia
1370 2220 1599 2252 Mindoniensi
1638 2220 1747 2250 eidem
1786 2220 1962 2259 capellano
2002 2220 2243 2252 sanctissimus

1228 2278 1322 2314 pater
1338 2274 1496 2305 dominus
1514 2273 1670 2304 Urbanus
1686 2282 1773 2312 papa
1785 2273 1863 2306 1111,-
1879 2273 2078 2310 contulerat,
2096 2275 2243 2304 vertere-

1227 2330 1293 2365 tur,
1312 2328 1401 2358 idem
1415 2327 1573 2357 dominus
1587 2327 1717 2366 prefato
1737 2326 1913 2365 capellano
1931 2335 1991 2364 per
2005 2326 2121 2365 plures
2135 2335 2243 2357 annos

1228 2382 1261 2411 in
1289 2381 1381 2411 curia
1405 2380 1584 2416 laboranti,
1604 2379 1761 2419 pluribus
1784 2380 1942 2418 dampnis
1966 2381 1997 2410 et
2024 2379 2185 2418 expensis
2209 2381 2242 2411 et

1228 2434 1402 2465 laboribus
1421 2443 1522 2472 super
1546 2433 1606 2463 hoc
1624 2435 1655 2464 et
1673 2433 1751 2463 aliis
1769 2433 1920 2472 fatigato,
1934 2441 2064 2463 necnon
2081 2433 2241 2472 episcopo

1227 2488 1454 2519 Mindoniensi
1481 2488 1511 2517 et
1531 2486 1765 2517 archidiacono
1783 2486 1948 2525 predicto,
1967 2494 2053 2525 quos
2072 2486 2243 2526 continge·

1226 2540 1283 2571 bat
1299 2540 1496 2580 superfacto
1509 2540 1702 2578 hujusmodi
1714 2539 1900 2575 molestari,
1912 2539 2092 2570 intendens
2100 2540 2242 2578 paterna

1227 2594 1457 2624 sollicitudine
1479 2593 1669 2632 providere,
1689 2592 1787 2623 nobis
1806 2593 1862 2626 M.,
1881 2592 2101 2623 miseratione
2125 2592 2241 2624 divina

1226 2647 1451 2678 Ulixbonensi
1477 2647 1647 2685 episcopo,
1672 2645 1749 2675 viva
1777 2654 1855 2676 voce
1872 2645 2045 2676 mandavit
2061 2647 2098 2676 ut
2114 2647 2241 2676 contro-

1225 2700 1372 2731 versiam
1397 2708 1457 2731 seu
1485 2708 1621 2729 causam
1649 2699 1833 2738 predictam
1852 2699 2012 2737 expedire
2030 2706 2240 2733 curaremus,

1225 2753 1309 2784 dans
1325 2753 1424 2783 nobis
1436 2753 1571 2792 plenam
1588 2754 1789 2791 potestatem
1804 2751 2038 2790 componendi,
2051 2750 2241 2782 arbitrandi

1225 2814 1285 2836 seu
1301 2805 1480 2836 ordinandi
1497 2805 1585 2836 inter
1601 2813 1658 2835 eos
1675 2813 1711 2834 ac
1728 2804 1927 2843 providendi
1945 2804 2054 2834 eidem
2065 2803 2240 2843 capellano

1224 2859 1264 2889 de
1292 2859 1407 2898 aliqua
1428 2858 1591 2897 dignitate
1618 2866 1677 2888 seu
1694 2859 1890 2896 personatu,
1909 2865 1986 2887 cum
2005 2856 2240 2896 prestimoniis

1224 2912 1374 2943 cedentis
1389 2911 1442 2943 vel
1459 2911 1665 2944 decedentis,
1677 2911 1711 2941 in
1723 2910 1840 2941 eadem
1855 2910 2009 2946 ecclesia,
2022 2909 2174 2948 exceptis
2183 2909 2238 2949 Ju-
