2519 3262
187 216 226 245 66

189 301 288 331 domo
319 300 425 330 nostri
457 299 641 329 cardinalis
664 299 819 338 predicti,
850 298 912 328 sub
943 307 1030 328 anno
1057 298 1197 328 Domini

188 354 363 385 M⁰CC⁰LX
380 353 491 388 tertio,
506 352 688 383 indictione
701 356 769 388 vm,
788 360 902 382 mense
915 351 1085 382 decembri
1098 351 1151 381 die
1162 360 1196 381 Χ(

189 409 345 443 exeunte,
377 406 592 445 pontificatus
611 405 739 435 domini
758 404 885 435 Urbani
906 413 990 444 pape
1015 404 1088 441 1111,
1111 413 1198 434 anno

186 461 299 497 tertio,
314 459 530 499 presentibus
542 459 608 489 hiis
620 458 764 489 testibus
778 458 935 488 videlicet
944 457 1198 488 venerabilibus

189 514 272 544 viris
290 514 451 553 magistro
465 512 649 544 Gruillelmo
669 511 708 541 de
721 511 1015 547 Sancto-Maltino,
1033 510 1197 541 archidia-

188 576 270 598 cono
287 567 454 597 Roffensi:
468 566 627 602 Yoberto,
641 565 764 595 decano
782 565 978 595 Rosetensi:
993 564 1130 594 domino
1144 564 1199 594 Al-

188 621 283 652 berto
309 621 349 651 de
379 620 510 653 Parma,
530 619 664 648 doctore
683 618 812 656 legunt:
832 617 994 656 magistro
1011 617 1198 648 Guillelmo
1227 658 1229 662 .

189 675 228 705 de
247 673 417 708 Bontolio3
451 672 656 703 Thomasino
686 671 806 710 spada,
840 672 1057 709 procuratore
1077 671 1111 700 in
1135 671 1199 701 Ro-

189 736 287 758 mana
297 727 400 759 curia,
418 725 544 756 vocatis
561 726 592 755 et
606 724 744 763 rogatis.
761 724 801 754 Et
811 732 871 763 ego
882 723 1087 755 Guillelmus
1099 724 1198 754 Nico-

188 781 246 816 lai‚
274 780 472 809 auctoritate
503 780 616 808 sancte
642 779 793 809 Romane
819 777 960 807 ecclesie
985 777 1138 807 notarius
1161 786 1198 807 ac

189 832 308 872 prefati
326 832 453 862 domini
469 830 651 861 cardinalis
665 830 788 867 scriba,
808 830 991 869 prolationi
1006 832 1037 861 et
1054 838 1199 868 pronun·
1228 849 1230 864 ,

188 885 321 916 tiationi
339 884 574 921 ordinationis,
595 884 803 923 provisionis
821 885 852 914 et
871 883 1016 914 aliorum
1034 883 1198 922 predicto-

189 948 263 969 rum
283 947 423 978 presens
439 938 498 975 fui,
519 940 561 975 et,
579 939 615 968 ut
633 946 736 977 supra
763 937 897 976 legitur,
916 937 956 968 de
973 937 1131 968 mandato
1150 938 1199 976 ip-

189 992 261 1022 sius
273 992 400 1022 domini
418 991 614 1026 cardinalis,
632 991 755 1030 scripsi
772 991 803 1020 et
819 991 853 1020 in
868 990 1038 1029 publicam
1053 990 1198 1020 formam

188 1045 313 1083 redegi,
334 1053 476 1083 meoque
494 1044 590 1083 signo
609 1043 753 1083 signavi.·
779 1055 793 1071 »

229 1098 323 1129 Nulli
343 1107 421 1137 ergo
446 1099 559 1128 nostre
578 1097 856 1133 confirmationis
883 1098 943 1127 etc.
965 1097 1090 1127 Datum
1109 1096 1199 1135 apud

189 1151 477 1186 Urbemveterem,
498 1160 520 1181 11
538 1151 615 1181 idus
631 1150 723 1187 maii,
747 1158 834 1181 anno
853 1151 961 1180 tertio.
983 1161 997 1177 »

282 1320 373 1350 1071

769 1317 894 1344 Orvieto.
914 1318 930 1344 9
946 1317 1009 1352 juin
1029 1317 1106 1344 1262.

224 1395 447 1423 Thesaurarium
478 1396 615 1423 ecclesiae
645 1395 817 1423 Nivcilensis
843 1395 1008 1430 praedictae
1037 1395 1198 1422 sententiae
1228 1396 1230 1416 ’1

188 1449 369 1472 executorem
387 1446 546 1473 constituit.
566 1446 644 1478 (Rae.
663 1446 708 1477 29,
728 1444 775 1471 sol.
794 1445 828 1472 53
850 1450 885 1475 v⁰,
905 1450 934 1470 11⁰
952 1445 1023 1476 120.)

232 1559 246 1574 ι(
274 1546 476 1576 Thesara-ario
500 1544 621 1575 ecclesie
642 1543 834 1581 Nivellensis,
864 1544 1040 1574 Leodiensz's
1061 1544 1198 1574 diocesis.

191 1600 316 1631 Petitio
338 1599 451 1629 dilecti
475 1599 538 1629 filii
566 1616 615 1628 -‚
642 1598 767 1628 Datum
795 1598 883 1636 apud
909 1597 1198 1633 Urbemveteren]⁷

192 1663 209 1682 v
229 1654 304 1683 idus
318 1653 417 1692 junii,
438 1661 524 1682 anno
541 1652 652 1683 tertio.
679 1664 693 1679 »

788 1813 912 1840 Orvieto.
932 1813 961 1839 11
976 1812 1033 1839 mai
1051 1812 1129 1840 1204.

284 1815 379 1847 1072

229 1892 408 1919 Sententiam
423 1893 599 1927 praedictam
619 1894 649 1919 G.
669 1893 743 1920 tituli
764 1902 786 1920 s.
804 1893 891 1919 Marci
912 1892 1091 1927 praesbyteri
1111 1892 1202 1919 cardi·
1232 1893 1233 1932 Ῐ

193 1940 278 1972 nalis,
299 1941 326 1968 iu
345 1944 483 1976 quantum
499 1941 631 1976 Raynerii
646 1942 680 1968 de
698 1942 769 1968 llum
789 1942 919 1975 interest,
937 1942 1099 1967 confirmat.
1121 1942 1202 1974 (11Εο.

193 1989 238 2021 29,
254 1988 305 2016 sol.
322 1990 366 2021 54,
385 1993 416 2016 11ο
434 1989 507 2024 121.)

233 2100 250 2120 «
265 2090 420 2130 Raynere'o
437 2090 472 2120 de
491 2090 582 2127 Ham,
600 2090 783 2120 subdiacono
807 2096 920 2125 nosci-0,
937 2090 1097 2130 capellano
1115 2090 1205 2120 dilcc-

192 2148 290 2174 torum
303 2143 438 2182 filiorum
456 2149 624 2173 nostrorum
638 2145 691 2180 A„
711 2144 795 2174 [iculi
811 2154 834 2174 s.
850 2143 1002 2174 Praaeedis
1017 2149 1044 2173 el
1058 2144 1106 2178 G.‚
1122 2144 1204 2173 tituli
1232 2150 1233 2171 1

191 2207 216 2227 s,
229 2195 327 2226 Marci
337 2197 573 2237 presbiterorum
586 2197 802 2235 cardinalium,
819 2198 962 2228 canonico
973 2197 1095 2227 ecclesie
1108 2198 1203 2227 Seno-

190 2249 314 2289 9iensis,
335 2250 558 2281 Cameracensis
574 2251 711 2282 diocesis.
731 2252 779 2282 Ea
797 2260 861 2291 que
874 2251 1002 2291 judicio
1014 2269 1063 2281 —.
1078 2251 1202 2282 Datum
1232 2265 1233 2289 i

193 2304 281 2342 apud
299 2303 586 2342 Urbemveterem,
608 2315 629 2335 u
650 2305 727 2336 idus
741 2305 833 2342 maii,
851 2313 937 2336 anno
955 2305 1066 2336 tertio.
1088 2317 1102 2332 »

1232 2322 1233 2344 1

1232 2363 1234 2437 ἷ

285 2466 378 2498 1073
793 2465 918 2498 Orvieto,
933 2466 965 2494 31
978 2466 1036 2493 mai
1052 2466 1131 2494 1204.
1232 2460 1234 2548 l

228 2544 363 2580 Magistro
391 2545 467 2573 Adae
486 2546 520 2573 de
549 2545 637 2572 Filebi
659 2547 827 2580 perpetuam
848 2545 986 2573 vicariam
1001 2546 1140 2574 ecclesiae
1167 2548 1202 2574 de
1232 2553 1234 2577 1

193 2592 303 2627 Stancs,
322 2594 527 2621 Londoniensis
550 2594 682 2624 diocesis,
702 2603 718 2621 a
734 2594 875 2629 magistro
894 2595 1006 2622 Andrea
1025 2596 1136 2630 Spiliati
1154 2597 1201 2623 ad-

189 2641 358 2678 judicatam,
376 2643 538 2670 confirmat.
557 2643 635 2678 (Ritu.
653 2644 697 2675 29,
717 2643 765 2671 fol.
785 2644 829 2674 52,
852 2651 882 2671 no
901 2645 973 2677 122.)

936 212 1179 243 REGISTRES
1212 213 1427 244 D'URBAIN
1460 213 1518 244 IV.

1259 298 1386 328 dudum
1397 300 1561 337 perpetua
1572 297 1699 328 vicaria
1708 297 1849 328 ecclesie
1859 298 1898 328 de
1911 298 2042 334 Stanes,
2057 298 2269 330 Londonien·

1259 352 1308 382 sis
1322 352 1480 385 diocesis,
1498 351 1612 382 dilecti
1628 351 1715 382 filii..
1730 350 1846 384 abbas,
1858 353 1889 382 et
1901 354 2085 382 conventus
2097 352 2270 383 XVestmo-

1259 405 1399 435 nasterii
1426 404 1686 441 Lomloniensis,
1716 404 1757 434 ad
1788 413 1873 443 quos
1890 405 2097 443 presentatio
2113 405 2268 444 perpetui

1258 458 1377 488 vicarii
1397 458 1437 487 ad
1467 457 1627 487 vicariam
1648 457 1757 496 ipsam
1786 457 1944 496 pertinet,
1965 457 2149 488 venerabili
2173 458 2271 489 fratri

1259 514 1373 542 nostro
1391 535 1396 539 .
1411 534 1416 540 .
1439 511 1667 541 Londoniensi
1685 511 1855 549 episcopo,
1869 512 1900 540 te
1920 510 1960 540 ad
1978 510 2139 541 vicariam
2158 511 2268 550 ipsam

1259 564 1417 595 canonice
1432 565 1681 602 presentarunt,
1699 572 1735 593 ac
1750 564 1836 594 idem
1852 563 2033 602 episcopus
2043 566 2074 594 te
2089 564 2130 594 ad
2146 564 2270 595 dictam

1259 618 1420 648 vicariam
1437 619 1554 647 contra
1567 617 1735 656 justitiam
1752 625 1913 647 recusans
1932 617 2122 650 admittere,
2138 617 2273 648 willel-

1259 679 1352 702 mum
1366 671 1405 700 de
1417 670 1629 704 Sanun-100¹,
1640 669 1878 709 presbyterum
1890 670 2148 700 Cantuariensis
2164 670 2273 701 dioce-

1228 761 1230 768 )
1259 724 1320 760 sis,
1330 724 1370 754 de
1381 723 1480 760 facto,
1493 732 1568 753 cum
1581 723 1703 761 dejure
1716 731 1782 753 non
1795 725 1920 761 posset,
1934 723 2082 754 instituit
2097 723 2131 753 in
2141 723 2271 760 eadem,

1259 779 1395 816 propter
1413 777 1502 816 quod
1531 779 1565 807 tu
1590 777 1631 806 ad
1649 777 1764 807 sedem
1786 777 2007 815 apostolicam
2025 776 2206 815 appellasti
2227 778 2270 812 et,

1256 831 1355 870 juxta
1385 827 1661 860 constitutionem
1688 829 1797 859 felicis
1816 829 2061 860 recordationis
2083 829 2273 860 Innocentii

1260 893 1344 923 pape
1359 884 1436 917 1111,
1452 882 1703 922 predecessoris
1716 882 1835 918 nostri,
1853 891 1954 921 super
1969 882 2031 912 hoc
2044 883 2182 917 editam,
2199 891 2272 922 per-

1260 937 1423 967 sonaliter
1450 937 1622 966 adsedem
1642 936 1753 975 ipsam
1780 936 1954 971 accedens,
1979 935 2141 966 dilectum
2164 935 2274 966 filium

1259 992 1415 1021 nostrum
1432 990 1486 1026 R,
1506 990 1613 1020 sancti
1631 989 1753 1028 Angeli
1772 989 1952 1019 diaconum
1969 989 2274 1024 cardinalem,dari

1260 1043 1438 1074 obtinuisti
1451 1052 1469 1074 a
1487 1043 1584 1073 nobis
1601 1043 1635 1072 in
1651 1051 1755 1073 causa
1767 1042 1962 1081 hujusmodi
1981 1042 2182 1073 auditorem.
2201 1042 2274 1078 Quo

1259 1097 1383 1128 dilecto
1401 1097 1471 1127 filio
1488 1096 1664 1132 Riccardo,
1683 1095 1772 1126 dicto
1791 1095 1897 1131 Tusca,
1918 1096 2079 1126 canonico
2097 1096 2272 1132 Remensi,

1259 1151 1381 1190 primo,
1392 1152 1424 1181 et
1434 1150 1569 1180 tandem
1585 1149 1702 1179 eodem
1712 1149 1872 1179 canonico
1882 1149 2058 1179 recedente
2068 1149 2108 1179 de
2119 1148 2275 1180 Romana

1259 1204 1352 1235 curia
1376 1206 1408 1234 et
1433 1212 1468 1234 se
1493 1203 1534 1233 ad
1552 1204 1666 1242 partes
1695 1203 1781 1232 alias
1804 1202 2041 1238 transferente,
2060 1202 2183 1232 dilecto
2202 1202 2274 1233 filio

1259 1258 1423 1297 magistro
1459 1257 1592 1286 Andree
1621 1256 1769 1295 Spiliati,
1802 1255 2008 1285 subdiacono
2038 1258 2069 1286 et
2096 1255 2273 1295 capellano

1228 1340 1229 1347 ,
1259 1313 1387 1348 nostro,
1407 1318 1545 1340 causam
1561 1310 1791 1339 committente
1806 1309 2004 1347 predictam,
2023 1309 2113 1339 idem
2129 1308 2275 1348 capella·

1260 1373 1335 1399 nus,
1351 1364 1444 1394 nullo
1463 1372 1576 1393 coram
1598 1363 1672 1401 ipso
1693 1371 1753 1401 pro
1770 1362 1899 1392 eisdem
1917 1362 2075 1401 episcopo
2090 1365 2122 1393 et
2137 1361 2275 1402 preshy-

1260 1420 1343 1453 tero,
1355 1417 1387 1447 in
1401 1418 1528 1447 statuto
1538 1415 1578 1446 ab
1591 1416 1706 1446 eadem
1718 1415 1958 1445 constitutione
1974 1415 2131 1450 termino,
2142 1424 2275 1454 compe·

1230 1504 1231 1507 Ἰ
1261 1472 1350 1501 tente
1363 1470 1588 1508 comparente,
1607 1477 1813 1507 quamquam
1833 1468 1899 1507 ipsi
1916 1470 1991 1507 post
2003 1468 2146 1498 eundem
2160 1468 2276 1498 termi-

1230 1518 1231 1525 ’
1262 1532 1341 1554 num
1357 1523 1390 1553 iu
1407 1521 1736 1560 audientiapublica,
1750 1523 1785 1551 ut
1797 1521 1903 1551 moris
1913 1524 1975 1557 est,
1991 1521 2218 1560 peremptorie
2231 1521 2275 1552 ci·

1230 1584 1232 1586 ·
1261 1577 1323 1607 tati
1340 1575 1487 1611 fuerunt,
1502 1576 1534 1604 et
1551 1574 1680 1604 diutius
1697 1574 1877 1612 expectati,
1900 1574 2026 1604 auditis
2043 1576 2074 1604 et
2091 1574 2276 1604 intellectis

1263 1638 1326 1669 que
1343 1631 1379 1659 tu
1389 1636 1576 1667 proponere
1588 1627 1739 1661 voluisti,
1753 1635 1789 1657 ac
1801 1627 1886 1657 visis
1895 1626 2031 1665 juribus
2050 1627 2118 1657 tuis
2128 1636 2165 1658 ac-
2176 1627 2275 1666 plene

1263 1683 1442 1718 discussis,
1455 1681 1571 1720 eisque
1580 1680 1678 1711 nobis
1690 1682 1720 1710 et
1731 1680 1819 1711 dicto
1828 1680 1992 1711 cardinali
2006 1680 2149 1711 fideliter
2157 1681 2276 1711 recita-

1262 1737 1319 1773 tis,
1329 1738 1362 1766 te
1380 1743 1513 1774 quoque
1527 1735 1694 1774 presente,
1715 1743 1751 1764 ac
1763 1733 1907 1773 prefatis
1920 1734 2076 1773 episcopo
2089 1736 2119 1764 et
2135 1733 2276 1773 presby-

1263 1793 1333 1821 tero
1350 1790 1470 1820 iterato
1490 1788 1523 1818 in
1543 1788 1715 1818 audientia
1729 1787 1842 1817 citatis
1859 1787 1900 1817 ad
1917 1787 2119 1817 sententiam
2137 1787 2277 1818 audien-

1232 1850 1233 1861 *
1263 1840 1340 1873 dam
1355 1844 1385 1873 et
1404 1842 1538 1872 nemine
1556 1842 1770 1880 comparente
1790 1850 1850 1879 pro
1868 1841 1929 1876 eis,
1948 1840 2062 1871 habito
2081 1841 2275 1880 sapientum

1263 1895 1417 1932 consilio,
1436 1895 1476 1925 de
1495 1894 1635 1933 speciali
1652 1894 1809 1924 mamiato
1827 1894 2008 1924 cardinalis
2028 1894 2278 1933 ejusdempre·

1232 1973 1233 1998 ἶ
1263 1950 1387 1980 dictam
1398 1948 1559 1978 vicariam
1575 1947 1636 1978 tibi
1655 1947 1904 1978 sententialiter
1914 1947 2131 1985 adjudicavit,
2145 1949 2176 1977 et
2189 1947 2230 1977 ad
2245 1950 2276 1978 te

1264 2003 1359 2033 illam
1378 2002 1418 2032 de
1430 2002 1506 2040 jure
1520 2001 1689 2039 pertinere
1706 2000 1865 2036 decrevit,
1879 2009 1980 2038 super
1993 2000 2119 2030 vicaria
2140 2000 2214 2039 ipsa
2231 2000 2278 2030 ei-

1232 2060 1233 2065 ’
1264 2056 1340 2086 dem
1361 2055 1562 2094 presbytero
1579 2055 1781 2093 perpetuum
1806 2053 1980 2083 silentium
2003 2053 2220 2092 imponendo,
2239 2062 2277 2084 ac

1232 2123 1233 2127 =
1264 2107 1430 2148 ipsostibi
1451 2117 1511 2147 pro
1530 2107 1690 2146 expensis
1710 2106 1808 2137 factis
1827 2107 1862 2137 in
1882 2107 1952 2143 lite,
1971 2107 2142 2137 taxatione
2160 2106 2278 2146 preha-

1232 2174 1233 2190 1
1263 2161 1333 2192 bita
1348 2162 1579 2201 etjuramcnto
1593 2169 1611 2190 a
1624 2162 1656 2190 te
1667 2160 1820 2198 prestito,
1838 2160 1871 2189 in
1886 2162 1977 2190 certa
1991 2168 2125 2190 summa
2135 2160 2276 2199 pecunie

1263 2215 1505 2246 nichilominus
1535 2213 1824 2252 comieiupnando,
1852 2215 1953 2252 prout
1984 2215 2015 2243 in
2047 2214 2276 2244 instrumento

1262 2269 1398 2308 publico
1411 2267 1493 2309 ,inde
1505 2267 1667 2302 consecto²
1686 2267 1839 2305 ipsorum
1857 2266 2040 2297 cardinalis
2057 2269 2089 2297 et
2107 2266 2276 2306 capellani

1264 2322 1389 2362 sigillis
1415 2321 1558 2354 munito,
1576 2320 1711 2359 plenius
1736 2320 1938 2350 continetur.
1961 2320 2032 2350 Nos
2062 2320 2189 2359 itaque,
2207 2319 2277 2350 tuis

1263 2373 1572 2414 supplicationibus
1597 2373 1763 2407 inclinati,
1795 2372 1884 2411 quod
1915 2381 2018 2411 super
2048 2372 2108 2403 hoc
2135 2372 2277 2411 provide

1264 2429 1390 2459 sactum
1408 2429 1469 2464 est,
1490 2429 1602 2458 ratum
1620 2426 1782 2457 habentes
1802 2427 1832 2456 et
1855 2427 2000 2465 gratum,
2022 2425 2056 2455 id
2075 2426 2276 2457 auctoritate

1264 2481 1451 2521 apostolica
1469 2480 1709 2511 confirmamus
1728 2480 1790 2509 etc.
1811 2487 1919 2518 usque
1937 2479 2199 2510 communimus.

1303 2536 1469 2566 Tenorem
1485 2535 1597 2564 autem
1612 2532 1754 2572 predicti
1770 2532 1989 2562 instrumenti
2004 2531 2221 2571 presentibus
2236 2531 2278 2563 de

1263 2588 1365 2619 verbo
1381 2587 1422 2618 ad
1439 2587 1578 2617 verbum
1595 2586 1737 2617 fecimus
1752 2586 1918 2620 annotari,
1937 2585 1995 2624 qui
2011 2585 2090 2616 talis
2104 2587 2174 2616 est:

1305 2653 1320 2667 u
1338 2641 1376 2671 In
1396 2641 1531 2671 nomine
1548 2640 1686 2671 Domini
1702 2648 1812 2669 amen.
1831 2639 2028 2669 Presidente
2048 2639 2191 2669 rationis
2215 2638 2278 2669 im-

1232 2692 1233 2698 ’
1264 2695 1357 2734 perio
1386 2697 1447 2725 etc.
1478 2702 1585 2732 usque
1602 2693 1808 2732 judicentur.
1838 2692 1924 2722 Sane
1943 2695 2080 2722 vacante
2113 2693 2278 2731 perpetua

233 2754 249 2774 ((
274 2744 421 2783 ⁴llaqc’stro
439 2745 504 2774 Ade
520 2744 556 2774 de
575 2744 682 2782 Filebt',
704 2745 886 2776 subdiacono
915 2751 1028 2781 nosiro,
1051 2752 1202 2786 perpetuo

193 2797 307 2826 vicario
323 2798 443 2827 ecclesie
454 2798 490 2828 de
500 2798 622 2833 Stanes‚
634 2799 851 2829 Lonclonicnsis
868 2798 1006 2830 diocesis.
1024 2800 1133 2830 Justis
1149 2808 1203 2838 pe-

193 2850 337 2880 tentium
355 2850 535 2882 desideriis
559 2854 620 2882 etc.
643 2860 750 2891 usque
768 2853 948 2892 complere.
975 2851 1136 2883 Exhibita
1160 2853 1203 2882 si·
1234 2842 1235 2850 ¹

195 2903 331 2942 quidem
361 2903 459 2934 nohis
488 2907 544 2935 tua
572 2905 690 2944 petitio
717 2905 909 2936 continebat
935 2906 1039 2945 quod,
1066 2908 1204 2936 vacante

1263 2748 1389 2778 vicaria
1405 2747 1547 2778 ecclesie
1563 2746 1602 2777 dc
1616 2748 1747 2782 sumes,
1765 2745 2015 2776 Londoniensis
2029 2744 2186 2780 diocesis,
2198 2744 2277 2775 reli-

1264 2801 1350 2841 giosi
1370 2800 1459 2831 viri..
1489 2799 1604 2835 abbas,
1631 2801 1660 2829 et
1686 2801 1871 2829 conventus
1894 2797 2278 2829 Westmonasteriensis

1302 2914 1320 2937 1.
1337 2913 1374 2937 Cc
1391 2919 1453 2936 nom
1472 2914 1514 2936 cst
1534 2911 1604 2936 ecrit
1622 2911 1686 2942 plus
1704 2911 1755 2935 bas
1773 2910 1941 2935 Sanan-mco.
