2519 3262
199 208 257 237 0222

199 291 239 321 ad
249 298 388 329 presens
398 289 450 320 vel
463 288 714 328 quamprimum
726 287 765 317 ad
783 287 816 317 id
828 295 863 317 se
879 286 1023 316 facultas
1035 285 1206 321 obtulerit,

200 345 397 374 auctoritate
412 344 527 373 nostra
541 344 640 381 perte
654 341 707 372 vel
717 350 776 380 per
789 340 894 370 alium
903 339 1081 378 providere
1091 347 1208 378 procu-

199 405 264 427 105.
287 396 559 427 Contradictores
582 396 643 425 etc.
674 402 780 432 usque
804 392 1058 432 compescendo.
1083 392 1207 422 Datum

198 450 287 489 apud
304 449 592 485 Urbemveterem,
607 447 798 477 vkalendas
814 446 945 485 apriliS,
963 454 1050 476 anno
1064 445 1178 475 tertio.
1193 455 1207 473 »

782 617 906 648 Orvieto,
925 618 942 644 3
961 615 1033 643 avril
1059 615 1135 642 1204.

288 623 302 652 r1
311 621 383 653 530

233 704 354 732 Johanni
368 705 401 730 de
419 704 683 737 Inter-duas-aquas
701 704 729 728 et
741 701 861 736 Syinoni
875 702 908 728 de
923 700 1080 731 l'utheolis,
1092 699 1208 726 canoni—

197 754 237 781 cis
255 753 475 783 senonensibus,
494 752 612 779 mandat
637 754 666 778 ut
688 750 792 781 (issoni,
821 750 897 777 dicto
921 751 1052 780 cornuto,
1070 749 1208 775 canonico

196 802 376 835 Nivernensi,
391 802 424 828 de
435 801 529 836 aliquo
545 802 701 835 personatu
715 800 758 827 vel
774 799 914 834 dignitate
929 799 958 825 in
974 798 1097 825 ecclesia
1111 797 1209 824 Niver-

197 851 275 878 sensi
294 851 473 886 provideant.
491 850 570 885 (11110.
587 851 631 881 29,
650 849 698 877 sol.
717 849 766 876 140
782 854 821 883 v0,
843 854 872 874 11ο
890 848 965 883 580.)

238 969 252 984 «
283 957 418 987 ,Iohanni
436 956 470 986 de
487 955 771 994 Inter-duas-aquas
790 959 816 984 ct
836 954 966 993 Symoni
986 953 1021 983 de
1040 952 1207 987 Putlceolis,

197 1011 353 1040 canonicis
377 1009 614 1039 Senonensibus.
641 1008 785 1047 Adjutos
808 1008 974 1038 virtutum
1005 1006 1137 1037 meritis
1158 1023 1207 1035 —.

197 1064 285 1093 Hinc
301 1065 352 1094 est
364 1063 453 1101 quod
468 1071 539 1098 nos,
553 1062 765 1092 attendentes
779 1060 949 1091 laudabile
960 1060 1207 1094 testimonium,

197 1117 285 1156 quod
300 1117 422 1147 dilecto
439 1116 506 1146 tilio
521 1115 684 1154 magistro
700 1114 825 1150 Giloni,
842 1114 930 1144 dicto
949 1113 1096 1149 Cornuto,
1115 1122 1210 1143 cano-

197 1170 272 1200 nico
290 1169 506 1205 Nivernensi‚
523 1169 562 1199 de
580 1169 756 1199 honestate
772 1176 904 1198 morum
921 1168 953 1197 et
978 1167 1046 1197 vite
1063 1176 1100 1197 ac
1118 1166 1209 1196 litte-

197 1231 312 1253 rarum
330 1222 472 1252 scientia
484 1221 772 1261 perhibetur,tum
790 1220 1007 1259 propterhoc,
1019 1222 1089 1250 tuni
1108 1220 1208 1250 etiam

198 1275 337 1306 obtentu
355 1275 471 1306 dilecti
490 1275 552 1305 filii
570 1274 724 1313 magistri
736 1274 841 1310 Petri,
860 1273 1087 1303 archidiaconi
1105 1273 1209 1302 Seno-

198 1330 325 1365 nensis,
356 1329 535 1359 camerarii
564 1329 597 1358 et
615 1327 779 1366 capellani
796 1327 916 1362 nostri,
937 1326 993 1365 qui
1010 1326 1209 1356 canonicum

198 1383 311 1421 ipsum
327 1381 425 1412 nobis
439 1381 633 1412 affectuosis
649 1380 806 1419 precibus
817 1379 1076 1415 commendavit,
1094 1379 1209 1409 volen-

198 1437 249 1466 tes
268 1435 332 1465 sibi
351 1435 494 1474 gratiam
520 1434 630 1464 facere
655 1433 850 1472 specialem,
880 1433 1075 1463 discretioni
1098 1434 1209 1462 vestre

198 1489 399 1519 mandamus
414 1489 580 1526 quatenus
595 1496 655 1517 vos
667 1486 720 1517 vel
733 1487 818 1516 alter
832 1488 996 1523 vestrum,
1010 1495 1069 1524 per
1084 1494 1143 1516 vos
1156 1485 1209 1516 vel

198 1542 284 1571 alios
302 1550 361 1571 seu
382 1541 498 1577 alium,
519 1540 629 1570 eidem
649 1539 807 1570 canonico
831 1539 870 1570 de
894 1539 1007 1578 aliquo
1026 1540 1209 1577 personatu

198 1595 250 1624 vel
269 1594 431 1633 dignitate
449 1595 505 1623 aut
523 1593 634 1623 officio
649 1593 891 1628 ecclesiastico,
912 1592 953 1622 ad
967 1592 1209 1630 cujuscumque

198 1648 413 1678 collationem
433 1648 616 1686 spectante,
636 1647 665 1676 si
683 1646 717 1676 in
731 1645 873 1676 ecclesia
890 1645 1095 1676 Nivernensi
1115 1646 1210 1675 vacat

200 1701 239 1731 ad
257 1709 396 1739 presens
420 1700 473 1730 vel
491 1709 591 1739 quam
608 1700 672 1730 cito
698 1708 735 1730 se
761 1699 906 1729 facultas
924 1698 1097 1733 obtulerit,
1115 1698 1208 1728 dum-

199 1754 297 1784 modo
316 1753 423 1790 1111115,
445 1753 485 1783 ad
503 1762 602 1792 quem
621 1754 750 1791 spectat
774 1752 909 1782 collatio
926 1751 1120 1791 hujusmodi
1138 1760 1210 1790 per-

199 1809 338 1838 sonatus
357 1807 409 1836 vel
435 1806 611 1845 dignitatis
637 1807 693 1836 aut
725 1806 841 1842 officii,
873 1805 1007 1835 accedat
1036 1813 1209 1841 assensus,

200 1860 397 1890 auctoritate
415 1862 528 1890 nostra
555 1859 733 1898 providere
750 1859 887 1894 curetis,
906 1867 1050 1896 eumque
1067 1858 1119 1888 vel
1136 1867 1208 1896 pro-

200 1915 389 1943 curatorem
408 1922 518 1948 51111111,
534 1913 607 1951 ejus
624 1913 771 1944 nomine.
793 1912 827 1941 in
844 1912 1097 1950 possessionem
1116 1911 1210 1941 illius

201 1966 369 1996 inducatis
388 1968 419 1996 et
438 1966 630 1996 defendatis
650 1966 835 2001 inductum,
859 1965 1021 1994 facientes
1040 1964 1152 2003 ipsum
1170 1964 1211 1994 ad

200 2019 400 2058 dignitatem
424 2018 477 2049 vel
504 2020 723 2057 personatum
752 2018 808 2048 aut
835 2017 984 2047 officium
1002 2017 1208 2054 hujusmodi,

201 2072 240 2102 de
259 2080 324 2110 quo
342 2072 407 2102 sibi
426 2072 595 2110 provideri
624 2071 811 2110 contigerit,
831 2079 908 2100 cum
935 2069 1060 2100 debitis
1086 2071 1117 2100 et
1134 2078 1210 2100 con-

201 2125 308 2155 suetis
323 2122 634 2163 sollempnitatibus
651 2124 784 2154 admitti
804 2124 837 2153 in
852 2123 995 2154 ecclesia
1013 2125 1209 2154 memorata.

202 2179 276 2209 Non
292 2178 446 2208 obstante
463 2179 492 2208 si
516 2195 563 2207 —.
583 2178 853 2208 Contradictores
886 2178 962 2213 etc„
986 2185 1093 2215 usque
1121 2186 1213 2206 com-

199 2232 377 2270 pescendo.
392 2233 517 2262 Datum
538 2232 625 2270 apud
639 2231 927 2265 Urbeniveterem,
948 2240 983 2259 111
1001 2238 1108 2260 nonas
1125 2231 1212 2268 apri-

201 2285 257 2321 lis,
275 2293 360 2315 anno
379 2285 490 2315 tertio.
511 2294 527 2314 >›

799 2451 925 2483 Orvicto,
939 2451 956 2477 9
971 2450 1042 2477 avril
1064 2450 1139 2477 laci.

295 2454 386 2484 1531

236 2536 401 2570 Praeposito
425 2535 562 2562 ccclesiae
594 2534 786 2567 sicliniensis,
812 2534 1002 2562 'tornacensis
1030 2533 1166 2568 diocesis,
1185 2538 1210 2562 ct

201 2585 341 2620 magistro
360 2584 499 2615 Wiberto,
519 2584 660 2611 canonico
678 2584 871 2618 Atrebatensi,
901 2583 1058 2619 capellanis
1078 2583 1212 2618 apostoli-

201 2634 252 2666 cis,
268 2634 387 2661 mandat
403 2635 434 2660 ut
448 2633 636 2660 Guillclmum
657 2634 690 2660 dc
710 2633 808 2660 Liskes
829 2632 857 2660 in
876 2631 997 2660 ccclesia
1014 2632 1167 2659 Morinensi
1186 2632 1212 2659 in

201 2683 373 2710 canonicum
417 2682 504 2717 recipi
534 2681 640 2709 saciant
667 2682 747 2717 eique
778 2682 812 2708 de
842 2682 1004 2716 praebenda
1033 2682 1210 2716 provideant.

204 2732 280 2766 (uuo.
299 2732 342 2762 29,
362 2731 410 2757 fol.
431 2731 480 2758 146
496 2736 533 2764 v⁹‚
553 2736 582 2757 11θ
598 2731 674 2765 581.)

244 2847 259 2866 (1
275 2861 281 2867 .
299 2861 303 2866 .
321 2837 476 2876 preposito
496 2836 617 2866 ecclesie
632 2836 835 2873 Sicliniensis,
856 2835 1052 2866 Tot-viacensis
1075 2835 1214 2871 diocesis,

204 2895 232 2920 el
250 2890 395 2929 mayistro
418 2889 561 2926 Wiberto,
579 2890 723 2920 canonico
741 2889 947 2927 Atrebalensi,
967 2888 1130 2928 capellanis
1148 2899 1213 2919 nos-

949 201 1193 233 REGISTRES
1221 202 1250 232 D
1257 201 1437 232 'URBAIN
1468 202 1526 232 IV.

1268 285 1334 316 triS.
1349 286 1451 316 Lecta
1461 294 1573 315 coram
1587 285 1684 316 nobis
1700 285 1813 316 dilecti
1827 286 1889 316 filii
1901 286 2078 317 Guillelmi
2093 287 2276 325 deLiskes,

1267 338 1420 368 canonici
1438 339 1579 369 ecclesie
1597 347 1624 368 s.
1650 339 1809 369 Vulfrani
1828 339 1862 369 in
1881 339 2122 376 Abbatisvilla,
2143 340 2281 372 Ambia-

1267 392 1384 421 nensis
1407 392 1566 428 diocesis,
1590 392 1833 431 consanguinei
1859 393 1973 423 dilecti
1999 393 2060 423 tilii
2086 393 2277 431 Guillelmi,

1268 445 1433 483 capellani
1450 446 1570 481 nostri,
1587 446 1751 484 prepositi
1770 446 1969 483 anensis,
1993 447 2111 485 petitio
2128 448 2278 478 contine-

1267 497 1323 527 bat
1341 498 1429 536 quod
1443 506 1505 528 nos
1521 498 1606 528 bone
1617 499 1779 529 memorie
1794 521 1800 527 .
1818 499 2025 529 .M0rinensi
2039 500 2211 539 episcopo,
2226 501 2280 531 de-

1267 551 1380 580 dimus
1390 559 1449 589 per
1461 553 1595 582 nostras
1610 551 1742 582 litteras
1755 552 1788 582 in
1805 552 1976 582 mandatis
1990 554 2026 582 ut
2042 553 2114 592 ipse
2129 553 2164 582 in
2175 553 2280 584 eccle-

1268 604 1319 633 sia
1331 604 1530 641 Morinensi,
1546 605 1581 634 in
1598 613 1664 643 qua
1675 605 1925 643 prebendarum
1937 605 2074 636 collatio
2089 606 2278 644 pertinebat

1267 656 1308 687 ad
1323 666 1412 693 eum,
1431 657 1541 688 eidem
1558 657 1596 688 G.
1615 658 1655 688 de
1669 658 1790 688 Liskes
1810 658 1849 689 de
1864 658 2047 697 prebenda,
2066 659 2095 689 si
2117 668 2183 698 qua
2201 661 2281 691 tunc

1267 710 1408 741 vacabat
1422 711 1475 741 vel
1496 711 1666 749 quamcito
1686 711 1829 741 facultas
1850 714 2052 747 occurreret,
2074 713 2279 751 provideret,

1268 763 1395 794 faciens
1412 772 1488 794 eum
1507 764 1541 794 in
1558 764 1700 794 ecclesia
1725 765 1800 803 ipsa
1823 765 1864 794 ad
1890 764 2096 803 prebendam
2125 765 2278 802 eandem,

1266 819 1445 856 postquam
1463 817 1529 847 sibi
1552 818 1591 848 de
1614 818 1674 848 illa
1690 820 1830 848 vacante
1859 819 2037 857 provisum
2053 819 2229 855 existeret,
2247 819 2283 849 in

1267 871 1466 901 canonicum
1483 871 1587 910 recipi
1604 874 1634 902 et
1650 871 1683 901 111
1696 872 1847 902 fratrem.
1864 872 1935 902 Nos
1946 873 2058 903 autem
2074 871 2282 911 prebendam

1266 925 1346 954 tunc
1362 924 1518 963 proximo
1538 927 1733 955 vacaturam
1755 925 1789 955 in
1808 925 1897 955 dicta
1916 925 2057 956 ecclesia
2082 925 2281 960 Morinensi,

1267 977 1504 1008 conferendam
1523 978 1672 1017 predicto
1690 978 1729 1009 G.
1748 978 1787 1009 de
1805 979 1939 1013 LiskeS‚
1960 979 2134 1009 donationi
2151 980 2284 1018 aposto-

1267 1030 1330 1061 lice
1361 1034 1586 1068 reservantes,
1617 1032 1753 1062 irritum
1768 1034 1799 1062 et
1820 1032 1918 1062 inane
1944 1041 2003 1070 per
2034 1032 2167 1063 litteras
2187 1033 2281 1071 ipsas

1267 1084 1479 1114 decrevimus
1496 1085 1525 1115 si
1541 1085 1581 1115 de
1597 1084 1767 1124 prebenda
1783 1085 1977 1124 hujusmodi
1999 1094 2097 1116 secus
2114 1086 2284 1125 continge-

1267 1139 1318 1168 ret
1336 1138 1544 1177 attemptari.
1563 1138 1660 1174 Sane,
1680 1139 1830 1177 predicto
1849 1139 2007 1177 episcopo
2025 1140 2101 1177 post
2116 1140 2281 1178 receptio-

1267 1199 1344 1221 nem
1364 1191 1557 1222 litterarum
1574 1191 1727 1230 ipsarum
1736 1192 1825 1221 viam
1836 1192 1993 1222 universe
2002 1193 2114 1222 carnis
2127 1193 2280 1231 ingresso

1267 1253 1303 1275 ac
1322 1245 1409 1275 inter
1423 1245 1566 1275 eundem
1582 1246 1621 1275 G.
1636 1245 1675 1275 de
1693 1245 1814 1275 Liskes
1825 1248 1855 1275 et
1869 1246 2069 1284 magistrum
2087 1246 2283 1276 Dionisium

1268 1298 1559 1335 Lemovicensem,
1575 1299 1774 1328 canonicum
1788 1299 1898 1337 ipsius
1909 1299 2049 1329 ecclesie
2062 1299 2281 1336 Morinensis,

1268 1360 1370 1390 super
1386 1351 1557 1390 prebenda
1572 1359 1636 1390 que
1653 1352 1764 1381 medio
1778 1353 1930 1390 tempore
1944 1360 2005 1391 per
2020 1355 2165 1383 mortem
2178 1361 2281 1392 quon-

1269 1404 1344 1434 dam
1363 1404 1518 1442 magistri
1535 1404 1712 1440 Johannis,
1729 1405 1809 1435 dicti
1832 1404 1942 1441 Colon,
1968 1405 2120 1443 ejusdem
2140 1405 2282 1436 ecclesie

1268 1457 1474 1488 Morinensis
1501 1457 1666 1493 canonici,
1698 1458 1829 1488 vacavit
1865 1458 2003 1494 ibidem,
2031 1460 2103 1489 orta
2139 1459 2283 1490 materia

1269 1511 1471 1550 questionis,
1482 1519 1544 1541 nos
1552 1511 1689 1541 demum
1702 1511 1932 1542 venerabilem
1943 1512 2085 1542 fratrem
2092 1514 2248 1543 nostrum
2258 1538 2263 1544 .
2275 1535 2282 1541 .

1268 1564 1467 1603 episcopum
1483 1564 1725 1601 Albanensem,
1746 1565 1779 1594 in
1798 1565 1977 1604 questione
1996 1565 2202 1604 hujusmodi,
2223 1575 2283 1605 per

1270 1618 1534 1656 appellationem
1563 1619 1605 1648 ad
1625 1619 1740 1648 sedem
1766 1619 1988 1657 apostolicam
2018 1619 2170 1658 legitime
2186 1620 2284 1651 devo-

1269 1671 1352 1707 luta,
1367 1671 1525 1702 dedimus
1540 1672 1695 1711 partibus
1713 1672 1916 1707 auditorem,
1933 1673 2003 1712 qui,
2020 1673 2166 1712 cognitis
2183 1683 2284 1705 cause

1270 1725 1404 1755 meritis
1431 1727 1463 1755 et
1489 1725 1577 1764 juris
1597 1726 1714 1756 ordine
1731 1725 1921 1764 observato,
1941 1726 2149 1765 prebendam
2172 1727 2283 1766 ipsam

1269 1779 1436 1818 Dyonisio
1454 1779 1659 1817 adjudicavit
1677 1780 1797 1816 eidem,
1816 1779 1905 1810 dicto
1922 1780 1961 1810 G.
1980 1780 2020 1810 de
2041 1780 2165 1810 Liskes
2182 1789 2284 1820 super

1269 1840 1307 1862 ea
1323 1834 1525 1871 perpetuum
1549 1833 1725 1862 silentium
1746 1833 1962 1872 imponendo.
1981 1833 2091 1868 Quare
2107 1833 2284 1865 humiliter

1270 1885 1404 1924 petebat
1422 1894 1439 1915 a
1463 1885 1561 1915 nobis
1581 1888 1628 1921 ut,
1655 1895 1731 1916 cum
1749 1886 1822 1924 ipse
1846 1886 1979 1916 nullum
1996 1895 2037 1917 ex
2051 1887 2214 1926 predictis
2231 1887 2286 1918 lit-

1269 1938 1352 1968 teris
1369 1939 1413 1968 sit
1432 1939 1646 1969 commodum
1665 1942 1856 1976 assecutus,
1875 1940 1935 1970 sed
1946 1940 2061 1978 potius
2078 1948 2211 1979 graveS,
2231 1949 2281 1972 oc-

1270 1992 1406 2021 casione
1422 1991 1628 2030 hujusmodi,
1647 1991 1780 2022 labores
1799 1993 1943 2023 subierit
1959 1995 1990 2023 et
2012 2001 2192 2032 expensas,
2210 2002 2286 2032 pro—

1270 2044 1385 2074 videre
1396 2053 1497 2083 super
1506 2044 1567 2075 hoc
1576 2045 1606 2075 ei
1617 2045 1656 2075 de
1664 2045 1874 2084 benignitate
1884 2046 2285 2084 apostolicacuraremus.

1269 2098 1340 2128 Nos
1357 2097 1484 2137 itaque,
1504 2098 1698 2137 hujusmodi
1719 2099 1791 2128 suis
1811 2099 1985 2129 laboribus
2000 2101 2031 2129 et
2048 2100 2208 2138 expensis
2226 2109 2283 2140 pa-

1270 2153 1365 2181 terno
1380 2151 1624 2190 compatientes
1640 2152 1759 2182 affectu
1775 2161 1811 2182 ac
1826 2152 1980 2183 volentes
1991 2153 2081 2191 quod
2097 2153 2127 2183 ei
2141 2153 2181 2183 de
2197 2153 2284 2185 litte-

1270 2204 1318 2234 ris
1334 2204 1420 2243 ipsis
1437 2205 1568 2235 utilitas
1585 2205 1697 2235 debita
1714 2206 1930 2243 producatur,
1949 2206 2149 2236 mandamus
2167 2209 2282 2246 quate-

1271 2267 1346 2295 nus,
1367 2258 1396 2288 si
1413 2260 1464 2288 est
1482 2258 1541 2294 ita,
1558 2258 1685 2288 dictum
1699 2259 1738 2289 G.
1758 2259 1797 2289 de
1815 2259 1938 2289 Liskes
1956 2259 2118 2290 facientes
2138 2268 2180 2290 ex
2195 2269 2285 2292 nunc

1271 2311 1305 2341 in
1330 2312 1448 2342 eadem
1479 2311 1622 2342 ecclesia
1639 2312 1838 2346 Morinensi,
1856 2312 2039 2343 dummodo
2057 2321 2124 2343 non
2138 2309 2206 2344 nisi
2223 2322 2285 2353 pro

1270 2364 1380 2395 tribus
1393 2365 1427 2394 in
1439 2365 1556 2395 eadem
1567 2365 1794 2395 direxerimus
1807 2366 1934 2405 scripta
1944 2367 2072 2403 nostra,
2085 2367 2286 2398 auctoritate

1271 2419 1398 2452 nostra,
1409 2427 1469 2456 per
1479 2426 1539 2448 vos
1549 2418 1601 2448 vel
1615 2418 1720 2448 alium
1734 2427 1794 2449 seu
1807 2419 1906 2455 alios,
1921 2419 1955 2449 in
1967 2419 2166 2450 canonicum
2179 2420 2286 2460 recipi

1271 2472 1303 2501 et
1321 2471 1355 2500 in
1383 2470 1533 2506 fratrem,
1561 2471 1627 2501 sibi
1652 2471 1692 2502 de
1722 2471 1893 2510 prebenda
1911 2471 2037 2502 ibidem
2061 2473 2284 2511 provideatis,

1267 2524 1365 2563 juxta
1378 2524 1545 2554 dictarum
1561 2524 1803 2555 continentiam
1818 2524 2022 2555 litterarum.
2040 2525 2116 2556 Non
2129 2525 2284 2557 obstante

1273 2578 1302 2608 si
1320 2595 1368 2606 —.
1388 2577 1663 2608 contradictores
1681 2580 1742 2608 etc.
1762 2586 1870 2617 usque
1886 2579 2141 2617 compescendo.
2159 2579 2285 2610 Datum

1272 2631 1360 2670 apud
1380 2630 1669 2666 Urbemveterem‚
1687 2640 1706 2660 v
1724 2631 1801 2661 idus
1820 2631 1951 2670 aprilis,
1969 2640 2056 2662 anno
2072 2632 2183 2662 tertio.
2210 2642 2225 2661 »

1364 2809 1461 2841 ‘1532
1846 2807 1972 2839 Orvieto,
1995 2808 2026 2834 12
2041 2807 2114 2834 avril
2134 2808 2211 2835 1264.

1309 2892 1447 2927 Episcopo
1460 2892 1620 2926 sabinensi,
1635 2891 1809 2926 apostolicae
1823 2892 1898 2919 sedis
1915 2891 2010 2927 legato
2023 2894 2051 2919 et
2068 2891 2285 2928 archiepiscopo
