2519 3262
1073 283 1328 315 APPENDICE
1350 285 1377 315 I.

186 375 335 412 petraret
350 382 411 413 per
427 382 512 412 quas
525 375 584 404 tua
600 375 750 413 provisio
770 375 803 405 in
816 375 966 414 predicta
982 375 1124 406 00010313
1136 375 1198 405 im-

186 426 297 464 pediri
312 428 427 465 posset
444 429 499 457 3111
515 427 617 457 0113111
637 428 812 458 retardari.
835 428 961 458 Verum
982 428 1196 467 postmodum

185 480 357 518 predictus
375 480 568 519 prepositus
587 480 652 511 sibi
676 489 694 511 a
712 481 810 511 nobis
832 481 977 511 faciendi
994 481 1099 520 recipi
1113 482 1198 511 duos
1227 479 1228 482 ’

186 532 372 563 0101·1003111
386 533 517 572 prefata
527 533 671 564 ecclesia
685 534 720 564 in
737 534 916 564 canonicos
928 536 960 564 et
977 534 1011 563 in
1027 533 1149 564 fratres
1167 536 1198 564 et

186 586 387 624 providendi
400 595 517 616 eorum
530 587 666 626 utrique
680 587 720 617 de
736 587 906 625 prebenda
920 587 955 617 in
968 586 1134 625 prelibata
1148 595 1198 617 ec-

187 639 301 673 clesia,
316 639 568 678 quamprimum
580 640 621 670 ad
633 640 666 669 id
681 639 843 670 obtulerit
857 649 892 670 se
903 640 1058 675 facultas,
1070 648 1197 669 necnon

186 692 446 731 preferendieos
462 692 621 723 omnibus
641 692 766 723 ibidem
785 701 984 732 quacunque
997 693 1196 723 auctoritate

186 745 331 784 receptis
347 746 382 775 in
403 745 675 776 assecutionibus
696 745 946 785 prebendarum
964 748 996 776 et
1014 746 1197 776 contradic-

186 799 277 828 tores
296 807 355 837 per
373 807 551 829 censuram
567 799 845 833 ecclesiasticam,
862 798 1088 837 appellatione
1107 801 1197 837 post-

186 851 308 889 posita,
328 852 574 890 compescendi,
591 852 727 882 concedi
741 861 800 891 per
814 853 949 882 nostras
964 851 1096 881 litteras
1115 851 1196 882 obti-

186 905 260 934 nuit
280 904 486 939 facultatem,
511 913 578 935 non
597 905 759 935 facientes
785 905 824 935 de
847 904 1028 943 premissis
1048 904 1195 943 aliquam

187 958 404 988 mentionem.
422 958 531 993 Quare
545 957 644 988 nobis
659 957 835 988 humiliter
852 957 1052 996 supplicasti
1068 959 1104 987 ut
1122 966 1196 996 pro-

186 1011 300 1041 videre
315 1011 376 1041 tibi
391 1019 493 1050 super
503 1011 565 1041 hoc
580 1012 720 1049 paterna
739 1010 969 1041 sollicitudine
987 1019 1193 1042 curaremus.

184 1064 256 1094 Nos
272 1065 397 1103 itaque,
416 1064 486 1094 tuis
498 1063 808 1102 supplicationibus
822 1063 988 1099 inclinati,
1002 1063 1066 1094 11111
1085 1065 1196 1094 311010-

185 1117 283 1148 ritate
299 1117 509 1156 presentium
519 1116 737 1156 indulgemus
748 1119 795 1153 ut,
810 1117 991 1156 premissis
1002 1116 1092 1147 veris
1108 1117 1195 1147 exis·

184 1169 347 1207 tentibus,
362 1178 422 1209 per
439 1169 634 1208 hujusmodi
655 1170 789 1200 litteras
807 1172 952 1206 nostras,
975 1170 1037 1200 tali
1052 1170 1195 1201 veritate

184 1223 297 1259 tacita,
317 1223 517 1262 impetratas
535 1232 637 1262 super
657 1224 869 1254 assecutione
888 1223 1057 1262 prebende
1073 1224 1109 1254 in
1126 1232 1195 1254 me-

183 1278 313 1307 morata
336 1276 478 1306 ecclesia
497 1276 630 1307 nullum
647 1278 757 1316 possit
786 1277 849 1307 tibi
866 1277 1020 1316 generari
1047 1277 1194 1317 prejudi-

183 1329 273 1360 cium
289 1329 343 1360 vel
359 1329 573 1360 obstaculum
591 1330 772 1369 interponi.
789 1330 885 1361 Nulli
903 1339 980 1370 ergo
999 1332 1061 1361 etc.
1084 1341 1099 1360 »

272 1473 370 1504 2825

216 1564 367 1592 Nicolaum
385 1565 420 1592 de
438 1565 630 1600 Montigniaco
648 1565 790 1600 magistro
807 1566 950 1600 Stephano
968 1566 1001 1592 de
1021 1566 1193 1593 Boscocom-

183 1613 274 1645 muni,
299 1613 448 1648 capellano
469 1614 640 1649 apostolico,
672 1613 894 1648 praeferendum
920 1622 982 1642 csse
1007 1614 1135 1642 declarat
1163 1615 1192 1642 in

181 1662 361 1690 assecutione
385 1663 567 1697 praebendae
596 1663 625 1690 in
653 1662 775 1690 ecclesia
806 1663 833 1689 b.
863 1663 978 1690 Martini
1005 1664 1190 1692 Turonensis.

181 1711 350 1746 (Bonnffiux
367 1713 428 1743 761,
443 1717 475 1738 n⁰
488 1712 557 1745 145,
578 1713 665 1740 Anca.
687 1712 786 1739 Varie.
806 1712 876 1739 11Εο.
893 1713 927 1740 29
940 1721 968 1745 Α,
984 1717 1015 1739 n⁰
1030 1714 1106 1747 229.)

223 1811 237 1830 «
248 1801 416 1830 Judicibus.
432 1801 587 1831 Dilectus
602 1801 694 1831 filius
704 1801 889 1832 Nicholaus
901 1802 940 1832 de
953 1802 1190 1842 Montigniaco,

181 1854 350 1894 presbiter
369 1854 575 1885 Senonensis
595 1855 752 1891 diocesis,
772 1855 968 1893 capellanus
986 1855 1193 1886 venerabilis

182 1908 297 1938 fratris
316 1907 424 1938 nostri
443 1931 448 1937 .
469 1932 476 1938 .
492 1907 700 1938 Albanensis
724 1908 886 1947 episcopi,
917 1908 1016 1938 nobis
1034 1910 1194 1948 exposuit

182 1962 281 2001 quod,
292 1969 380 1998 cum,
391 1961 531 1992 obtentu
542 1961 653 2000 ipsius
665 1961 827 2000 episcopi,
842 1963 1075 1993 canonicatum
1091 1963 1194 1993 eccle-

181 2015 230 2045 sie
245 2015 277 2044 b.
303 2015 441 2045 Martini
458 2015 669 2045 Turonensis
694 2017 726 2045 et
744 2015 962 2054 prebendam,
984 2016 1013 2045 si
1031 2025 1097 2055 qua
1115 2018 1193 2047 tunc

180 2067 320 2098 vacabat
342 2067 482 2104 ibidem,
504 2067 532 2098 ei
561 2068 803 2098 contulerimus
828 2072 859 2099 et
878 2069 1129 2107 providerimus
1153 2070 1193 2101 de

180 2122 252 2152 illis
269 2131 305 2152 30
321 2122 435 2161 ipsum
463 2122 742 2152 investiverimus
755 2131 814 2161 per
828 2124 982 2153 nostrum
997 2123 1137 2153 anulum
1153 2124 1193 2154 de

181 2175 321 2212 eisdem,
337 2175 385 2205 ita
403 2175 503 2214 quod,
518 2175 546 2205 si
564 2176 707 2214 quedam
721 2175 891 2214 prebenda
908 2176 942 2206 in
959 2177 1076 2206 eadem
1091 2177 1194 2207 eccle-

181 2229 233 2258 sia
250 2237 317 2259 non
333 2227 486 2264 vacabat,
512 2228 718 2267 prebendam
737 2229 893 2267 proximo
918 2232 1113 2260 vacaturam
1132 2230 1192 2260 ibi-

181 2281 256 2312 dem
276 2281 512 2312 conferendam
530 2282 618 2312 dicto
635 2282 800 2312 Nicholao
816 2283 990 2313 donationi
1008 2283 1194 2322 apostolice

181 2336 405 2371 reservantes,
429 2335 642 2366 decrevimus
660 2335 795 2366 irritum
813 2338 844 2366 et
867 2336 966 2366 inane
984 2337 1014 2366 si
1036 2345 1133 2367 secus
1153 2337 1193 2367 de

181 2388 351 2426 prebenda
366 2387 587 2428 hujus[modi]
608 2397 625 2418 a
638 2397 808 2428 quoquam
825 2390 1032 2429 contingeret
1052 2391 1194 2429 attemp-

182 2441 258 2478 tari,
276 2441 425 2480 predicto
440 2442 603 2472 Nicholao
622 2451 724 2480 super
736 2442 798 2472 11οο
815 2444 950 2473 nostras
968 2443 1100 2473 litteras
1115 2452 1195 2474 con-

182 2495 328 2525 cedendo
347 2497 377 2526 et
393 2494 490 2526 vobis
506 2494 538 2525 ei
554 2504 656 2534 super
670 2495 732 2526 hoc
750 2495 989 2526 executoribus
1009 2496 1190 2535 deputatis,

182 2548 398 2586 postmodum
407 2547 607 2587 magistrum
617 2548 822 2586 Stephanum
835 2549 874 2579 de
886 2549 1191 2585 Bosco—communi,

182 2601 392 2640 capellanum
418 2603 586 2636 nostrum,
615 2601 650 2630 in
668 2602 785 2632 eadem
816 2602 959 2632 ecclesia
982 2611 1042 2641 per
1060 2603 1192 2634 litteras

182 2657 313 2685 nostras
324 2654 429 2693 recipi
442 2654 679 2684 mandavaus
694 2654 729 2684 in
745 2655 945 2685 canonicum
961 2657 992 2685 et
1006 2656 1041 2686 in
1053 2656 1192 2688 fratrem

182 2716 219 2738 ac
232 2707 299 2738 sibi
314 2707 487 2747 provideri
503 2707 543 2737 de
557 2707 738 2746 prebenda,
757 2708 787 2738 si
802 2716 868 2747 qua
880 2710 960 2738 tunc
974 2709 1114 2740 vacabat
1131 2710 1192 2740 ibi·

181 2761 258 2792 dem
267 2760 320 2791 vel
334 2760 587 2799 quamprimum
598 2761 640 2790 ad
655 2759 690 2790 id
705 2759 867 2791 obtulerit
881 2769 916 2791 se
930 2761 1084 2798 facultas,
1101 2765 1191 2794 certo

182 2814 247 2845 sibi
260 2822 362 2853 super
372 2813 434 2844 11οο
448 2815 628 2844 executore
646 2822 816 2844 concesso.
827 2813 922 2844 Idem
933 2823 1013 2845 vero
1029 2816 1192 2855 magister

182 2867 384 2906 Stephanus,
403 2876 441 2898 eo
459 2868 617 2906 pre-textu
632 2867 721 2906 quod
736 2866 847 2906 primo
873 2867 1020 2906 capitulo
1041 2869 1191 2907 predicte

182 2920 324 2951 ecclesie
340 2929 421 2951 suas
434 2920 567 2951 litteras
584 2920 795 2958 presentavit
810 2923 842 2951 et
852 2919 892 2950 ab
908 2921 1026 2951 eodem
1043 2922 1191 2961 capitulo

183 2976 258 3004 ante
267 2974 395 3004 dictum
406 2973 608 3005 Nicholaum
624 2973 659 3003 in
668 2973 867 3004 canonicum
877 2975 927 3004 est
938 2976 1105 3013 receptus,
1119 2984 1190 3013 pre-

2223 296 2259 326 15

1256 376 1382 406 dictum
1398 376 1599 407 Nicholaum
1623 379 1793 409 contendit
1810 379 1844 409 in
1863 382 2074 412 assecutione
2092 384 2259 422 prebende

1227 457 1229 470 Ι
1254 428 1403 459 indebite
1420 430 1607 468 prevenire.
1621 431 1729 468 Quare
1747 432 1835 462 idem
1844 433 2029 465 Nicholaus
2042 435 2140 466 nobis
2153 437 2261 468 humi-

1254 482 1332 512 liter
1353 483 1558 521 supplicavit
1577 485 1624 518 111,
1652 493 1727 514 011111
1752 493 1818 515 11011
1842 486 2032 518 litterarum
2055 491 2260 527 presentatio

1255 536 1287 565 et
1302 535 1450 573 receptio
1468 536 1528 566 sed
1542 537 1657 575 potius
1673 539 1890 569 canonicatus
1908 540 2044 571 collatio
2063 544 2094 572 et
2111 543 2261 581 provisio

1254 587 1289 617 in
1303 587 1498 626 hujusmodi
1517 597 1597 618 casu
1615 590 1743 620 attendi
1760 590 1890 627 debeat,
1911 601 1986 623 cum
2006 593 2064 624 ille
2084 595 2200 626 statim
2218 597 2261 627 sit

1254 641 1436 671 canonicus
1450 641 1545 671 illius
1558 643 1700 673 ecclesie
1715 644 1768 674 cui
1781 645 1821 674 de
1834 646 2031 677 canonicatu
2043 648 2261 685 providemus

1254 693 1383 730 eodem,
1400 694 1578 733 providere
1596 695 1662 726 sibi
1681 705 1783 735 super
1800 698 1860 728 hoc
1878 700 2017 737 paterna
2033 701 2261 733 sollicitudine

1226 749 1227 790 l
1253 755 1461 777 curaremus.
1478 747 1641 783 Quocirca
1664 750 1863 781 mandamus
1884 754 2061 790 quatenus,
2080 754 2108 783 si
2127 757 2177 785 est
2203 755 2260 792 ita,

1225 795 1227 839 1
1253 808 1314 829 vos
1329 800 1382 830 vel
1401 800 1486 830 alter
1500 802 1664 838 vestrum,
1681 811 1741 841 per
1756 812 1816 833 vos
1829 804 1883 834 vel
1898 813 1956 842 per
1969 805 2073 836 alium
2085 816 2144 837 seu
2163 808 2260 842 alios,

1226 866 1227 873 1
1253 852 1403 891 predicto
1416 853 1580 885 Nicholao
1597 855 1636 885 (le
1651 856 1831 894 prebenda,
1847 858 1876 887 si
1891 867 1956 897 qua
1970 859 2000 889 ei
2014 859 2053 890 de
2065 860 2139 898 jure
2150 861 2263 892 debita

1254 906 1422 936 vacaverit
1439 906 1473 936 in
1490 907 1622 946 prefata
1637 909 1790 944 ecclesia,
1809 912 1989 949 postquam
2007 912 2046 942 de
2064 914 2262 944 canonicatu

1253 958 1364 997 ipsius
1378 959 1518 990 ecclesie
1535 960 1601 991 sibi
1611 961 1810 992 duxerimus
1819 964 2078 1002 providendum,
2099 968 2210 997 amoto
2221 966 2261 997 ab

1254 1020 1292 1041 ea
1308 1012 1459 1050 quolibet
1474 1013 1593 1044 illicito
1605 1015 1790 1051 detentore,
1807 1016 1969 1055 alioquin,
1987 1018 2017 1048 si
2032 1027 2097 1058 qua
2112 1019 2197 1049 inibi
2208 1029 2263 1051 va-

1253 1067 1305 1095 cat
1321 1066 1362 1095 ad
1378 1075 1519 1105 presens
1541 1067 1595 1098 vel
1613 1069 1866 1108 quamprimum
1882 1071 1923 1100 ad
1939 1071 1974 1101 id
1990 1071 2147 1104 obtulerit
2164 1082 2199 1104 se
2217 1074 2262 1104 fa-

1253 1119 1372 1156 cultas,
1398 1120 1576 1158 providere
1601 1123 1737 1158 curetis,
1762 1123 1861 1162 juxta
1877 1124 2030 1162 priorum
2058 1126 2261 1158 directarum

1252 1172 1350 1203 vobis
1376 1182 1437 1212 pro
1455 1183 1492 1204 eo
1510 1177 1704 1205 nostrarum
1727 1177 1971 1208 continentiam
1987 1179 2189 1215 litterarum,
2215 1181 2262 1211 fa-

1252 1226 1380 1257 cientes
1396 1235 1473 1257 eum
1492 1228 1643 1266 predicto
1668 1230 1830 1269 magistro
1849 1231 2017 1270 Stephano
2040 1232 2074 1263 in
2093 1233 2261 1272 prebende

1253 1280 1466 1312 assecutione
1482 1281 1638 1320 preferri.
1660 1283 1931 1315 Contradictores
1947 1286 2008 1316 010.
2031 1296 2046 1315 ))

1342 1458 1440 1490 282ss

1287 1554 1542 1589 Archiepiscopum
1561 1556 1827 1590 Composlellanum
1846 1557 1874 1583 in
1900 1557 1947 1592 jus
1963 1558 2090 1585 restituit
2114 1559 2261 1594 episcopos

1252 1604 1437 1630 consecrandi
1456 1606 1485 1630 et
1503 1604 1704 1638 confirmandi,
1721 1613 1737 1631 a
1751 1613 1806 1639 quo
1821 1608 1907 1632 antea
1921 1614 2076 1641 suspensus
2091 1610 2164 1635 erat.
2183 1609 2262 1642 (Bon-

1252 1660 1349 1679 nnaux
1370 1654 1432 1683 761,
1451 1659 1480 1678 n⁰
1495 1653 1562 1684 1463
1581 1654 1666 1680 Anca.
1683 1654 1782 1680 Vane.
1804 1654 1872 1681 REG.
1888 1655 1922 1682 29
1938 1663 1968 1689 A,
1983 1660 2015 1682 n⁰
2030 1656 2107 1690 230.)

1293 1758 1307 1777 ((
1318 1748 1556 1788 Archiepiscopo
1573 1748 1830 1788 Compostellano.
1845 1750 2011 1782 Abulensi
2022 1753 2175 1787 ecclesia,
2187 1753 2263 1784 sub-

1249 1802 1337 1840 J'ecta
1349 1801 1413 1831 tibi
1427 1802 1674 1840 metropolitico
1684 1803 1772 1841 Jure,
1785 1804 1934 1842 pastoris
1949 1805 2070 1836 solatio
2088 1806 2259 1842 destituta,

1252 1855 1389 1885 fuerunt
1405 1855 1439 1885 in
1457 1863 1495 1885 ea
1510 1855 1576 1885 duo
1594 1855 1787 1891 electiones,
1809 1865 1876 1887 una
1890 1857 2049 1888 videlicet
2065 1859 2104 1889 de
2123 1868 2260 1891 venera-

1252 1908 1314 1938 bili
1330 1908 1432 1939 fratre
1450 1910 1577 1944 nostro,
1589 1908 1692 1939 fratre
1707 1910 1898 1947 Dominico,
1912 1910 2076 1942 Abulensi
2091 1913 2259 1952 episcopo,

1253 1962 1319 1992 alia
1335 1962 1374 1992 de
1390 1985 1415 1992 ..
1429 1962 1554 1992 decano
1570 1962 1746 2001 Burgensi,
1759 1963 1793 1993 in
1810 1963 1991 2000 discordia,
2007 1966 2043 1995 ut
2057 1966 2260 2005 accepimus,

1252 2014 1431 2046 celebrate.
1459 2015 1663 2054 Hujusmodi
1682 2017 1794 2046 autem
1818 2016 2041 2048 electionibus
2058 2020 2262 2057 presentatis

1251 2069 1326 2106 tibi,
1344 2077 1424 2107 pars
1439 2077 1503 2108 que
1515 2069 1659 2099 eundem
1675 2069 1838 2099 decanum
1854 2069 2012 2110 elegerat,
2031 2074 2093 2102 ate
2110 2081 2151 2103 ex
2168 2073 2263 2103 suffi-

1222 2139 1224 2152 .
1253 2122 1355 2153 0101111
1370 2122 1565 2162 gravamine
1576 2122 1617 2152 ad
1631 2122 1747 2152 sedem
1763 2123 1985 2162 apostolicam
1995 2125 2188 2164 appellavit,
2209 2135 2263 2157 cu-

1249 2177 1305 2216 Jus
1317 2175 1535 2215 appellationi
1545 2175 1720 2206 humiliter
1730 2176 1895 2213 detulisti,
1912 2177 2028 2216 sicque
2041 2178 2260 2220 hujusjmodij

1222 2241 1225 2267 1
1253 2230 1388 2268 negotio
1408 2229 1449 2259 ad
1468 2229 1617 2268 ejusdem
1644 2229 1736 2259 sedis
1754 2238 1897 2260 examen
1916 2231 2067 2269 legitime
2091 2233 2260 2269 devoluto,

1253 2291 1315 2313 nos
1333 2282 1494 2312 dilectum
1510 2282 1619 2312 filium
1635 2284 1790 2312 nostrum
1808 2283 1859 2319 0„
1881 2292 1908 2313 s.
1926 2284 2068 2314 Adriani
2084 2285 2262 2316 diaconum

1253 2336 1471 2371 cardinalem,
1489 2335 1644 2366 dedimus
1670 2335 1704 2365 in
1721 2336 1839 2366 eodem
1853 2337 1986 2375 negotio
2002 2337 2156 2376 partibus
2172 2339 2262 2368 audi·

1253 2392 1373 2420 torem.
1390 2390 1477 2420 Sane
1495 2397 1606 2418 coram
1626 2389 1742 2418 eodem
1762 2389 1927 2420 cardinali
1944 2390 2077 2429 negotio
2093 2391 2166 2430 ipso
2184 2401 2260 2430 pen-

1253 2443 1362 2476 dente,
1380 2442 1530 2481 predicta
1550 2450 1628 2480 pars
1646 2441 1838 2480 hujusmodi
1860 2442 2080 2481 appellationi
2102 2446 2133 2474 et
2151 2444 2261 2475 dictus

1253 2497 1399 2526 decanus
1411 2495 1490 2534 juri,
1507 2495 1638 2534 siquod
1651 2495 1716 2524 sibi
1732 2503 1773 2524 ex
1782 2495 1944 2526 electione
1957 2496 2122 2526 celebrata
2135 2497 2174 2527 de
2187 2498 2260 2536 ipso

1254 2549 1458 2589 acquisitum
1471 2548 1590 2583 suerat,
1612 2548 1895 2578 renunciaverunt
1907 2557 2067 2587 expresse
2085 2551 2199 2589 tuque,
2219 2551 2261 2581 ad

1252 2602 1477 2641 multiplicem
1508 2601 1707 2631 instantiam
1739 2602 1771 2631 et
1803 2601 2087 2640 supplicationem
2119 2604 2259 2642 capituli

1252 2656 1338 2686 (11010
1348 2654 1499 2685 ecclesie.
1511 2654 1718 2684 confirmasti
1729 2654 1915 2692 predictam
1926 2655 2126 2686 electionem
2135 2657 2175 2687 de
2184 2657 2259 2696 ipso

1251 2709 1410 2748 episcopo
1440 2707 1643 2738 celebratam
1669 2709 1700 2737 et
1723 2707 1921 2746 impendisti
1949 2717 2072 2739 munus
2088 2718 2261 2740 consecra-

1251 2763 1354 2792 tionis
1370 2762 1491 2792 eidem.
1508 2761 1599 2791 Licet
1619 2762 1731 2791 autem
1749 2769 1821 2797 1103,
1840 2762 2050 2793 considerato
2069 2763 2158 2802 quod
2173 2765 2210 2794 tu
2225 2764 2259 2794 id

1251 2815 1360 2845 facere
1377 2815 1590 2854 nequiveras,
1616 2815 1798 2852 postquam
1821 2814 1862 2844 ad
1886 2815 2038 2846 eamdem
2055 2816 2170 2847 sedem
2188 2819 2258 2848 erat

1253 2877 1310 2908 per
1326 2868 1588 2907 appellationem
1610 2866 1830 2907 hujusjmodi]
1849 2868 2025 2907 negocium
2048 2869 2256 2905 devolutum,

1251 2921 1537 2952 confirmationem
1559 2921 1669 2959 ipsam
1686 2922 1718 2951 et
1741 2921 1903 2960 quicquid
1920 2930 1962 2952 ex
1984 2930 2023 2952 ea
2042 2922 2151 2953 fuerat
2166 2932 2256 2954 secu-

1250 2976 1333 3011 tum,
1354 2975 1536 3006 cassantes,
1555 2975 1587 3004 te
1603 2976 1739 3013 propter
1754 2973 1815 3004 hoc
1826 2974 1867 3004 ab
1885 2975 2122 3014 episcoporum
2138 2976 2257 3007 confir-
