2519 3262
1073 193 1312 231 TROISIEME
1340 191 1502 229 ANNEE.

248 285 487 320 ThomasinuS,
520 285 630 315 dictus
670 284 794 320 Bueces,
823 285 930 314 laicus
958 283 1138 313 familiaris
1165 291 1264 313 vene-

248 338 368 368 rabilis
383 339 497 368 fratris
515 338 622 368 nostri
642 363 647 368 .
674 362 679 368 .
701 338 849 377 episcopi
873 336 1069 373 Tusculani,
1096 336 1128 365 in
1148 336 1264 365 nostra

249 392 427 430 proposuit
454 392 626 430 presentia
661 390 867 421 constitutus
899 389 989 427 qnod
1016 397 1088 423 nos,
1113 388 1261 417 conside-

249 445 379 475 ratione
406 445 516 483 ipsius
537 444 732 477 Tusculani,
758 445 789 473 et
810 442 947 473 obtentu
969 441 1174 471 venerabilis
1198 440 1263 470 fra-

248 499 312 528 tris
339 498 457 534 nostri,
493 497 640 536 episcopi
669 495 871 526 Penestrini.
901 503 960 532 pro
982 503 1020 523 eo
1042 494 1263 532 apostolicam

249 551 393 590 gratiam
425 549 655 588 implorantis,
686 549 772 578 bone
809 547 983 580 memorie,
1018 570 1023 575 .
1052 572 1056 576 .
1090 547 1260 585 episcopo,

250 606 281 634 et
305 628 333 634 ..
365 603 600 633 archidIacono
628 599 926 633 Macloviensibus,
954 600 1082 629 nostris
1106 600 1263 629 dedimus

250 657 373 687 litteris
399 658 431 685 in
451 655 618 685 mandatis
637 655 672 684 ut
699 653 765 692 ipsi
793 653 845 683 vel
868 662 984 683 eorum
1008 653 1092 684 alter
1114 653 1142 682 ei
1173 652 1235 682 ab.
1257 677 1261 682 .

234 742 237 744 ,
253 709 371 739 abbate
389 710 420 738 et
439 709 603 738 conventu
622 706 820 736 monasterii
839 706 964 736 Montis
990 706 1097 736 sancti
1119 705 1264 735 Michae-

252 762 295 791 lis
311 762 350 791 de
363 760 519 791 Periculo
535 760 650 793 maris,
670 759 799 789 ordinis
813 759 919 788 sancti
938 758 1124 794 Benedicti,
1140 757 1264 788 Abrin—

251 815 361 844 censis
389 813 547 848 diocesis,
582 812 730 842 facerent
762 812 794 841 in
820 812 981 850 pensione
1013 820 1124 841 annua
1149 811 1263 841 decem

250 919 316 950 sibi
347 928 426 950 suas
453 921 608 958 patentes
638 919 770 948 litteras
790 927 892 956 super
916 917 1110 957 hujusmodi
1129 918 1263 956 pensio-

249 973 303 1003 nis
342 972 551 1003 exhibitione
585 972 734 1008 concedi,
768 971 1033 1002 contradictores
1062 973 1123 1001 etc.
1157 979 1264 1010 usque

250 1026 504 1064 compescendo.
524 1026 589 1056 Sed
614 1025 731 1055 eodem
757 1025 916 1063 episcopo
935 1024 1155 1054 Macloviensi
1173 1024 1264 1054 viam
1294 1025 1295 1059 ἶ

1294 1075 1295 1078 ’
1320 1082 1380 1112 per
1400 1075 1553 1103 nostrum
1574 1073 1713 1103 anulum
1731 1073 1770 1103 de
1789 1073 1930 1103 eisdem.
1946 1073 2121 1111 Alioquin,
2139 1072 2333 1110 lnrjusnwdi

250 1079 407 1109 universe
425 1079 537 1108 carnis
564 1079 716 1118 ingresso
741 1079 771 1108 et
795 1078 946 1117 predicto
966 1077 1200 1108 archidiacono
1225 1077 1265 1107 ad

251 1132 365 1163 sedem
391 1132 612 1171 apostolicam
631 1132 819 1167 accedente,
839 1131 1010 1170 predictus
1036 1131 1265 1161 Thomasinus
1294 1171 1295 1175 Ἰ

250 1185 383 1215 nullum
410 1187 460 1215 est
482 1194 522 1215 ex
539 1185 600 1215 hoc
619 1185 832 1215 commodum
851 1186 1040 1220 assecutus,
1059 1193 1265 1223 quamquam

251 1239 431 1278 episcopus
456 1240 486 1269 et
514 1238 770 1269 archidiaconus
798 1238 941 1277 predicti
965 1247 1067 1277 super
1087 1237 1148 1267 hoc
1165 1237 1265 1268 abba-

250 1293 317 1322 tem
335 1294 366 1322 et
383 1294 585 1322 conventum
604 1292 797 1322 monuerint
815 1291 1040 1330 supradictos.
1060 1291 1172 1326 Quare
1190 1299 1265 1329 pre-

251 1345 361 1375 dictus
391 1346 429 1375 T.
460 1345 557 1375 nobis
591 1345 767 1375 humiliter
797 1345 1000 1384 supplicavit
1033 1346 1068 1374 ut
1102 1345 1131 1374 ei
1163 1352 1266 1383 super

251 1398 311 1428 hoc
339 1398 516 1436 providere
540 1400 680 1437 paterna
706 1398 938 1428 sollicitudine
962 1406 1170 1427 curaremus.
1194 1398 1266 1428 Nos

252 1451 367 1490 igitur,
386 1451 656 1482 consideratione
679 1451 863 1482 Tusculani
886 1455 916 1481 et
940 1451 1114 1481 Penestini
1138 1451 1266 1489 episco-
1296 1476 1297 1480 ,

252 1513 372 1543 porum
389 1504 609 1543 prefatorum,
628 1504 950 1534 discretionivestre
972 1504 1173 1534 mandamus
1186 1512 1265 1542 qua·
1297 1523 1298 1538 2

251 1559 363 1593 tenus,
392 1558 419 1587 si
440 1560 490 1588 est
509 1558 567 1592 ita,
589 1566 648 1587 vos
676 1558 728 1587 vel
756 1558 841 1587 alter
860 1559 1022 1592 vestrum,
1048 1566 1107 1595 per
1135 1565 1195 1586 vos
1214 1556 1266 1587 vel

252 1612 350 1648 alios,
368 1611 401 1641 in
419 1612 551 1650 negotio
571 1611 762 1649 hujusmodi
782 1611 983 1649 procedatis,
998 1611 1097 1647 juxta
1113 1610 1266 1648 priorum

253 1665 457 1695 directarum
480 1664 639 1703 episcopo
663 1666 694 1695 et
717 1664 954 1694 archidiacono
979 1662 1267 1694 Macioviensibus
1297 1687 1299 1691 ,

253 1718 415 1757 predictis
438 1718 678 1748 continentiam
702 1717 904 1750 litterarum,
927 1717 1088 1747 facientes
1116 1717 1267 1755 predicto

253 1771 459 1802 Thomasino
478 1771 677 1810 pensionem
701 1771 811 1809 ipsam
841 1780 859 1800 a
888 1773 1036 1808 tempore
1069 1769 1267 1799 monitionis

253 1825 448 1863 hujusmodi
463 1824 627 1855 exhiberi.
643 1825 767 1855 Datum
787 1824 875 1862 apud
889 1823 1178 1859 Urbemveterem,
1190 1823 1268 1852 idus

254 1879 381 1914 martii,
400 1887 485 1908 anno
504 1878 615 1908 tertio.
642 1888 656 1906 1)

346 2061 362 2091 l
370 2060 441 2091 405

827 2058 952 2089 Orvicto,
971 2059 1001 2085 ltJ
1022 2066 1101 2084 mars
1118 2058 1195 2085 1264.

289 2143 413 2169 Gerardo
440 2143 474 2170 de
504 2143 592 2174 Jotro,
617 2143 756 2170 canonico
782 2142 922 2169 ecclcsiae
944 2143 971 2169 b.
1004 2142 1109 2169 Mariae
1136 2142 1165 2168 in
1188 2142 1268 2169 Valle

255 2191 380 2220 Pruvini,
397 2192 553 2219 confirmat
570 2191 756 2219 collationem
779 2191 833 2226 ipsi
852 2191 958 2218 factam
980 2192 1008 2218 in
1029 2192 1129 2218 eadem
1146 2192 1269 2219 ecclesia

254 2241 288 2267 de
307 2241 470 2275 praebenda
486 2241 522 2268 ab
535 2241 751 2276 archiepiscopo
768 2241 924 2268 Senoncnsi
942 2242 960 2267 ¹.
977 2241 1056 2275 (Rae.
1075 2241 1120 2273 29,
1142 2240 1190 2267 fol.
1206 2241 1269 2275 127,

255 2295 287 2316 n⁰
302 2291 378 2325 455.)

297 2410 312 2430 «
332 2400 468 2431 Gerardo
481 2400 516 2430 de
529 2401 627 2435 Jotro,
644 2400 788 2430 canonico
802 2399 924 2430 ecclesie
934 2400 1017 2430 beate
1027 2400 1165 2430 Mariein
1187 2399 1271 2430 Valle

257 2453 401 2484 pruvini.
432 2454 629 2492 Exposcunt
654 2454 710 2484 tue
735 2453 926 2484 devotionis
949 2454 1072 2484 merita
1092 2456 1128 2485 ut
1146 2455 1178 2484 te
1198 2463 1270 2492 pro-

257 2515 441 2547 sequamur
467 2506 698 2537 benivolentia
727 2507 885 2546 gratiosa.
915 2507 1058 2546 Propter
1086 2507 1148 2538 hoc
1167 2507 1270 2546 siqui-

257 2561 333 2592 dem
362 2562 394 2591 et
422 2560 561 2590 obtentu
588 2559 796 2590 venerabilis
821 2560 938 2590 fratris
969 2561 1077 2591 nostri
1102 2585 1108 2591 .
1130 2585 1136 2591 .
1166 2561 1271 2592 Seno-

257 2614 374 2645 nensis
412 2613 670 2652 archiepiscopi,
706 2622 767 2651 pro
802 2614 834 2643 te
869 2613 1090 2652 apostolicam
1125 2615 1270 2653 gratiam

256 2667 487 2706 implorantis,
502 2674 682 2705 personam
694 2668 788 2695 tuam
803 2666 1011 2696 intendimus
1025 2668 1185 2706 prosequi
1196 2677 1267 2706 pre·

258 2721 410 2759 rogativa
429 2719 556 2750 favoris
576 2721 607 2749 et
632 2719 739 2758 gratie
763 2718 934 2758 specialis.
961 2719 1046 2750 Sane
1071 2720 1190 2759 petitio
1212 2724 1272 2751 tua
1301 2733 1302 2762 3

258 2773 356 2804 nobis
380 2772 531 2804 exhibita
549 2771 743 2803 continebat
761 2772 862 2811 quod,
882 2772 1050 2811 quondam
1069 2773 1214 2812 Symone
1231 2774 1270 2805 de

290 2895 312 2919 1.
328 2895 370 2919 Ε11
389 2901 485 2924 marge
499 2901 504 2917 :
521 2903 529 2915 α
550 2893 674 2917 Concessa
688 2894 725 2916 est
738 2892 842 2916 obtentu
858 2892 955 2916 domini
969 2893 1115 2917 camerarii.
1134 2903 1144 2915 »

2274 201 2326 229 197

1294 288 1295 325 1
1320 281 1476 316 Carnoto,
1496 280 1657 310 canonico
1675 280 1815 310 ecclesie
1832 280 1928 309 beate
1945 281 2050 310 Max-ie
2075 282 2105 310 in
2127 282 2223 311 vall-2
2251 283 2329 311 l‘ru-

1294 328 1295 335 ¹
1319 334 1401 369 vini,
1431 334 1637 364 Senoncnsis
1666 333 1824 369 diocesis,
1844 333 1931 362 viani
1962 333 2118 363 universo
2148 335 2257 363 cai-nis
2282 336 2329 363 in-

1319 395 1449 426 gresso,
1470 387 1558 417 idem
1587 386 1861 424 archiepiscopus
1886 386 2090 424 prebendam
2118 396 2217 424 quain
2245 387 2330 416 1110111

1320 439 1446 478 Syrnon
1464 439 1497 467 in
1514 438 1657 468 ecclesia
1674 438 1748 476 ipsa
1765 437 1921 472 obtinuit,
1939 438 1980 466 ad
1998 447 2093 467 suam
2117 438 2330 467 collationum

1321 493 1540 530 spectantem,
1572 491 1634 521 tibi
1664 491 1863 520 auctoritate
1889 491 2026 528 propria
2049 491 2145 521 duxlt
2174 491 2331 521 canc-nice

1321 544 1570 577 conferendam,
1592 545 1631 573 ad
1651 552 1752 582 quam
1783 543 1897 573 dilecti
1920 544 1981 573 tilii
1999 566 2005 572 .
2029 568 2032 572 .
2053 544 2211 577 decanus,
2233 546 2263 573 et
2282 554 2331 573 ca-

1321 598 1465 636 pitulum
1493 597 1602 635 ipsius
1628 596 1782 632 ecclesie,
1801 598 1898 634 prout
1916 597 1956 625 ad
1985 606 2042 626 eos
2067 597 2223 634 pertinet.
2245 600 2274 626 tc
2301 598 2332 626 111

1321 651 1459 680 fratrem
1478 652 1509 680 et
1532 649 1731 679 canonicum
1755 651 1966 688 receperunt,
1987 649 2047 679 tibi
2067 650 2165 680 stallo
2185 650 2214 679 111
2235 650 2332 679 choro

1321 705 1352 734 et
1368 703 1440 733 loco
1454 703 1486 732 in
1508 703 1655 741 capitulo
1673 702 1870 740 assignatis.
1887 704 2012 732 Verum
2033 712 2105 738 nos,
2126 712 2183 741 per
2199 706 2266 732 trus
2282 702 2332 732 vel

1294 755 1295 759 ’
1321 758 1465 795 quatuor
1482 756 1555 785 dies
1580 758 1656 785 ante
1683 755 1899 785 collationem
1924 755 2130 793 hujusmodi,
2160 756 2332 784 canonica-

1294 799 1295 820 3
1320 812 1391 839 tum
1410 809 1558 848 predicte
1576 808 1728 842 ecclesie,
1748 817 1823 837 cum
1838 808 2048 846 plenitudine
2062 809 2150 846 juris
2169 809 2332 844 canonici,

250 867 416 897 librarum
444 866 693 901 turonensium,
724 865 834 904 quoad
852 865 989 900 vixerit,
1016 865 1200 903 provideri,
1228 873 1264 894 ac
1294 900 1295 906 ¹

1294 911 1295 946 Ῐ
1321 915 1540 954 chiepiscopi,
1557 915 1642 945 nulli
1656 915 1695 944 de
1709 914 1784 953 jure
1805 914 1964 949 debitam,
1982 915 2079 953 siqua
2096 918 2174 945 tunc
2194 914 2333 944 vacabat

1322 872 1358 893 ac
1377 862 1583 901 prebendam
1607 862 1815 900 spectantem
1839 861 1880 890 ad
1907 862 2120 891 collationem
2148 863 2257 900 ipsius
2284 871 2333 891 ar-

1322 968 1460 1001 ihidem‚
1497 967 1623 998 Jacobo
1657 968 1696 997 de
1735 967 1966 1004 Villa-Mauri,
1999 968 2121 997 clerico
2155 968 2334 998 'l'recensis

1321 1020 1479 1053 diocesis,
1499 1020 1718 1056 contulimus,
1740 1020 1964 1050 investientes
1985 1028 2060 1049 eum
2082 1019 2335 1058 presentialiter

1321 1126 1525 1165 prebendam
1538 1126 1569 1155 in
1581 1126 1697 1156 eadem
1716 1126 1859 1156 ecclesia
1869 1126 2025 1164 proximo
2037 1129 2241 1156 vacaturam.
2259 1134 2330 1154 con<

1322 1179 1495 1209 ferendam
1528 1179 1616 1209 dicto
1644 1179 1781 1215 Jacobo,
1806 1179 1979 1209 donationi
2012 1179 2195 1217 apostolice
2230 1187 2333 1208 reser-

1322 1235 1450 1269 vantes,
1471 1233 1684 1263 decrevimus
1713 1233 1847 1262 irritum
1865 1234 1897 1262 et
1923 1233 2020 1262 inane
2041 1232 2070 1262 si
2087 1240 2185 1262 secus
2206 1232 2244 1261 de
2261 1241 2335 1270 pre-

1322 1285 1430 1316 benda
1450 1285 1535 1324 ipsa,
1556 1287 1672 1316 nostra
1693 1286 1745 1316 vel
1764 1286 1884 1324 quavis
1896 1285 2107 1319 auctoritate,
2129 1285 2335 1323 contingeret

1295 1331 1296 1353 t
1322 1339 1528 1378 attemptari,
1548 1339 1697 1377 predicto
1715 1339 1837 1369 .lacobo
1854 1341 1946 1369 certo
1965 1348 2066 1377 super
2080 1338 2140 1368 1100
2158 1340 2336 1368 executore

1296 1405 1297 1422 1
1323 1401 1495 1423 concesso.
1523 1395 1608 1422 511110
1636 1392 1809 1430 predictus
1835 1391 2333 1430 3110011115,111-01001101151111011,

1323 1445 1517 1484 hujusmodi
1544 1447 1658 1475 nostre
1691 1445 1883 1475 collationis
1917 1447 2080 1483 tempore,
2114 1453 2178 1483 11110
2211 1445 2333 1473 dictam

1323 1499 1538 1528 collationem
1555 1499 1696 1537 predicti
1708 1498 1951 1536 archiepiscopi
1971 1506 2030 1536 per
2043 1501 2111 1528 tres
2128 1498 2178 1527 vel
2193 1500 2335 1536 ‹piatnor

1324 1552 1396 1581 dles
1427 1551 1603 1590 precessit,
1624 1551 1773 1589 predicta
1801 1550 1980 1588 prebenda,
2010 1559 2072 1588 que
2096 1550 2158 1580 fuit
2175 1550 2252 1579 dicti
2274 1553 2335 1588 53·-

1324 1605 1446 1640 moniS,
1472 1604 1611 1634 vacabat
1629 1605 1662 1634 iu
1687 1605 1830 1634 ecclesia
1853 1605 2058 1642 supradicta,
2079 1606 2110 1634 te
2129 1604 2335 1642 superdicta

1324 1657 1494 1696 prebenda
1512 1666 1612 1696 quam
1631 1657 1829 1696 aliquandiu
1847 1658 2028 1695 antequam
2050 1657 2199 1695 predicta
2221 1659 2336 1686 nostra

1324 1710 1459 1740 collatio
1471 1710 1510 1739 ad
1522 1712 1553 1740 te
1566 1710 1788 1749 pervenisset,
1801 1710 2003 1748 possederas
2016 1710 2151 1748 pacifice
2165 1712 2194 1739 et
2210 1710 2334 1748 quiete,

1326 1763 1561 1802 multipliciter
1592 1763 1769 1801 inquietat.
1799 1763 1909 1798 Quare
1937 1762 2035 1792 nobis
2060 1762 2235 1792 humiliter
2259 1771 2335 1800 sup-

1298 1808 1299 1831 *
1325 1817 1458 1855 plicasti
1483 1819 1530 1851 ut,
1552 1825 1625 1846 011111
1646 1816 1800 1846 videatur
1817 1816 2020 1846 conveniens
2040 1818 2074 1845 ut
2096 1815 2249 1845 obtineas
2268 1824 2338 1854 pre-

1298 1887 1299 1890 =
1325 1870 1448 1900 dictam
1469 1869 1675 1908 prebendam
1692 1869 1753 1900 tibi
1782 1869 1938 1899 collatam
1967 1878 2026 1908 per
2044 1869 2186 1899 eundem
2210 1869 2337 1899 archie-

1325 1924 1504 1962 piscopum
1530 1932 1589 1962 per
1613 1932 1717 1952 unum
1745 1931 1896 1952 inensem
1926 1924 1957 1953 et
1986 1922 2134 1961 amplius
2158 1924 2339 1961 antequam

1316 1976 1367 2009 ,ad
1388 1978 1420 2007 te
1446 1976 1597 2015 predicta
1625 1978 1740 2006 nostra
1768 1976 1903 2006 collatio
1929 1976 2133 2014 perveniret,
2161 1976 2339 2014 prm'idere

1325 2029 1387 2060 tibi
1417 2038 1518 2068 super
1540 2029 1602 2059 hoc
1630 2032 1768 2068 paterna
1792 2029 2023 2059 sollicitudine
2046 2038 2252 2059 curaremus.
2269 2029 2340 2059 Nos

1326 2083 1452 2122 itaque,
1480 2083 1694 2113 intendentes
1719 2082 1782 2112 tibi
1809 2083 1841 2112 et
1861 2082 1971 2112 eidem
1998 2081 2250 2120 archiepiscopo
2269 2091 2340 2120 gra-

1324 2137 1408 2166 tiam
1437 2136 1547 2166 facere
1564 2135 1759 2174 specialem,
1788 2135 1949 2165 volumus
1972 2137 2008 2165 ut
2030 2135 2179 2173 predicta
2206 2135 2340 2165 collatio

1327 2189 1413 2219 facta
1432 2189 1495 2219 tibi
1514 2198 1572 2228 per
1590 2189 1733 2219 eundem
1752 2188 2045 2227 archiepiscopum
2063 2188 2102 2218 de
2123 2188 2251 2226 prefata
2271 2196 2341 2226 pre-

1326 2242 1448 2279 benda,
1465 2251 1531 2272 non
1549 2241 1705 2273 obstante
1722 2241 1902 2272 collatione
1920 2243 2047 2274 nostra,
2070 2240 2172 2270 robur
2191 2240 2342 2271 obtineat

1327 2295 1512 2326 firmitatis.
1534 2296 1585 2326 Ita
1607 2297 1719 2326 tamen
1748 2295 1838 2333 quod
1864 2303 1924 2333 per
1952 2294 2013 2324 1100
2032 2294 2183 2332 predicto
2202 2294 2340 2331 ι1300110,

1327 2350 1437 2389 quoad
1456 2349 1705 2379 assecutionem
1729 2348 1871 2378 alterius
1888 2347 2068 2386 prebende,
2085 2347 2217 2377 nullum
2232 2348 2342 2385 possit

1327 2402 1553 2442 prejudicium
1579 2401 1733 2441 generari
1756 2401 1810 2431 vel
1840 2400 2055 2431 obstaculum
2082 2400 2223 2439 imponi.
2247 2400 2343 2431 Nulli

1328 2464 1406 2494 ergo
1430 2457 1544 2486 nostre
1571 2454 1756 2485 voluntatis
1786 2455 1848 2484 etc.
1868 2454 1995 2484 Datum
2019 2453 2107 2492 apud
2126 2452 2343 2484 [3111001νο10-

1328 2517 1411 2543 rem,
1433 2517 1465 2538 v1
1486 2508 1563 2538 idus
1581 2507 1707 2544 martii,
1728 2515 1815 2537 anno
1833 2506 1945 2537 tertio.
1966 2516 1981 2535 »

1906 2678 2032 2710 Orvieto,
2050 2679 2081 2705 12
2098 2686 2176 2705 mars
2195 2678 2270 2705 1204.

1421 2682 1516 2713 1406

1362 2766 1498 2800 Magistro
1517 2765 1639 2791 Roherto
1650 2765 1683 2791 de
1699 2764 1838 2793 eriniaco,
1855 2762 1993 2790 canonico
2008 2762 2147 2789 eeclesiae
2165 2771 2186 2788 s.
2206 2762 2343 2793 Quintini,

1301 2821 1302 2826 ¹
1326 2814 1527 2842 Noviomensis
1550 2813 1685 2845 diocesis,
1701 2813 1865 2847 praedictae
1883 2812 2042 2838 committit
2067 2811 2267 2838 executionem
2288 2811 2344 2837 col-

1326 2864 1452 2891 lationis.
1473 2864 1548 2898 (nssc.
1564 2864 1609 2895 29,
1627 2862 1676 2889 fol.
1696 2863 1745 2889 127
1762 2867 1803 2895 νο,
1822 2865 1854 2888 n⁰
1869 2861 1946 2896 456.)
