2519 3262
1079 174 1319 212 TROISIEME
1350 173 1515 210 ANNJJJE.
2289 190 2345 218 117

258 268 565 308 consanguinitatis
580 268 722 298 attinere
735 267 859 297 diceris
875 268 905 297 et
924 274 1021 305 (1110111
1039 266 1079 295 ad
1095 265 1156 295 hoc
1177 273 1274 302 repu-
1302 277 1303 281 =

256 323 340 353 tavit
358 323 540 362 ydoneum,
560 322 701 352 contulit
719 323 749 351 et
768 320 830 351 tibi
851 320 890 350 de
910 320 968 349 illa
983 319 1131 357 providit
1149 320 1180 348 et
1198 318 1274 356 Egi-

257 377 350 407 dium
376 376 474 406 Pauli
499 375 648 406 Hofl‘redi
671 375 710 404 de
731 373 833 409 Urbe,
851 372 1140 410 consanguineum
1162 373 1270 404 tuum,

257 430 393 460 nomine
405 431 474 464 tuo,
487 429 526 458 de
541 429 616 467 ipsa
632 427 774 458 ecclesia
788 435 848 465 per
865 434 965 455 suum
982 424 1120 454 anulum
1136 432 1273 462 presen-

256 482 385 512 tialiter
405 482 577 512 investivit
595 481 778 511 decernens
796 479 930 509 irritum
948 480 978 508 et
1000 478 1109 513 inane,
1129 477 1158 506 si
1174 485 1272 507 secus

257 535 297 565 de
314 535 388 573 ipsa
404 535 558 570 ecclesia,
571 533 758 573 apostolica
773 532 826 562 vel
842 531 909 561 alia
925 531 1044 569 quavis
1060 530 1270 563 auctoritate,

258 598 277 619 a
298 597 467 627 quoquam
490 587 668 626 contigerit
686 585 893 623 attemptari,
918 593 983 614 non
1005 583 1158 614 obstante
1183 583 1273 621 quod

257 650 293 672 es
308 642 343 671 iu
357 640 547 671 minoribus
562 638 738 670 ordinibus
753 638 970 673 constitutus,
987 639 1085 675 prout
1101 637 1135 666 in
1150 636 1274 666 instru-
1303 639 1304 658 i

257 696 370 725 mento
393 694 528 732 publico
555 693 632 722 inde
655 692 805 722 confecto
824 691 905 721 dicti
932 690 1117 720 cardinalis
1140 690 1272 720 munito
1302 724 1304 735 (

257 748 372 787 sigillo
386 746 522 786 plenius
537 745 738 776 continetur.
752 746 823 775 Nos
836 744 961 783 itaque,
972 744 1041 774 tuis
1054 743 1272 782 supplicatio·
1302 736 1304 773 J

258 800 359 831 nibus
386 799 553 834 inclinati,
573 799 662 838 quod
679 807 781 837 super
802 798 863 828 hoc
882 797 1006 827 factum
1026 798 1088 831 est,
1110 798 1221 826 ratum
1240 798 1272 826 et

255 854 388 884 firmum
406 852 580 889 habentes,
609 852 693 882 illud
720 851 920 882 auct-oritate
943 850 1129 889 apostolica
1152 850 1272 880 contir-

255 915 388 937 mamus
412 907 443 936 et
466 905 636 944 presentis
660 904 778 943 scripti
797 904 985 943 patrocinio
1007 903 1269 933 communimus.

254 960 423 991 Volumus
439 961 565 994 tamen,
579 959 668 997 quod
680 958 881 997 priusquam
895 957 1150 996 possessionem
1161 957 1272 996 ipsius

255 1013 398 1044 ecclesie
413 1013 555 1051 adeptus
568 1012 674 1042 fueris
691 1012 731 1041 ad
750 1020 865 1041 sacros
883 1011 1031 1042 ordines,
1047 1012 1146 1049 prout
1160 1010 1272 1049 requi-

255 1068 307 1097 ret
325 1075 410 1096 onus
429 1066 593 1105 ejusdem,
614 1067 644 1095 te
670 1064 775 1095 facias
800 1064 938 1094 statutis
960 1064 1172 1103 temporibus
1195 1073 1271 1102 pro-

254 1119 384 1150 moveri
410 1121 441 1149 et
468 1119 695 1158 personaliter
712 1118 864 1148 resideas
883 1118 918 1148 in
934 1118 1062 1148 eadem.

294 1173 461 1203 Tenorem
476 1174 588 1202 autem
606 1172 716 1211 ipsius
733 1171 951 1201 instrumenti
966 1171 1006 1201 de
1022 1170 1124 1201 verbo
1143 1171 1184 1201 ad
1203 1179 1273 1201 ver-

253 1225 334 1256 bum
350 1225 566 1265 presentibus
582 1226 689 1255 inseri
706 1225 862 1261 fecimus,
884 1225 942 1263 qui
958 1224 1038 1254 talis
1055 1227 1105 1255 est
1126 1235 1131 1254 z

297 1291 312 1309 t(
329 1279 471 1316 Jacobus,
491 1279 685 1308 miseratione
699 1278 804 1308 divina
821 1283 925 1307 sancte
945 1277 1042 1307 111ονἱο
1063 1278 1091 1307 in
1110 1277 1272 1308 Cosmcdin

254 1333 399 1363 diaconus
419 1332 599 1367 cardinalis,
615 1332 724 1362 dilecto
741 1331 825 1361 nobis
845 1331 875 1360 in
900 1331 1022 1361 Clu-isto
1041 1331 1178 1361 Johanni
1194 1331 1270 1361 Boc-

255 1387 388 1416 camacci
408 1386 444 1416 (Ic
462 1385 551 1422 Urbe,
577 1385 686 1415 clerico
707 1384 867 1426 capellano
886 1389 1001 1421 nostro,
1023 1384 1148 1414 salutem
1168 1385 1196 1414 in
1215 1385 1271 1415 Do-

255 1440 347 1470 mino.
366 1439 451 1470 Cum
467 1439 636 1469 discretus
652 1439 704 1469 vir
722 1457 771 1468 —.
788 1439 827 1468 In
843 1439 939 1477 quus
954 1438 1003 1468 rei
1022 1439 1222 1468 memoriam
1238 1440 1270 1469 et

255 1493 460 1523 evidentiam
480 1493 680 1531 pleniorem,
701 1494 877 1531 presentes
896 1492 1029 1522 litteras
1049 1500 1108 1530 per
1130 1492 1272 1522 Bernar-

255 1546 335 1576 dum
353 1546 480 1576 dictum
498 1545 679 1581 Bar-denier,
698 1545 953 1583 infrascriptum
968 1545 1150 1581 notarium,
1167 1545 1270 1575 scribi

255 1601 287 1630 et
305 1599 472 1638 publicari
485 1599 734 1636 mandavimus,
750 1600 781 1629 et
798 1598 904 1638 sigilli
917 1599 1023 1628 nostri
1042 1598 1186 1629 fecimus
1199 1608 1269 1629 mu-

255 1653 384 1683 nimine
405 1653 619 1683 communiri,
648 1654 731 1683 Acta
753 1654 830 1682 sunt
856 1652 915 1682 1100
940 1652 1029 1690 apud
1053 1651 1271 1683 [1110011010-

253 1715 326 1736 rem
341 1707 375 1736 in
386 1706 535 1744 hospitio
549 1708 679 1742 nostro,
698 1714 783 1735 anno
797 1705 935 1736 Domini
951 1705 1135 1735 millesimo
1149 1705 1270 1736 (1110011-

254 1761 375 1790 tesimo
386 1760 599 1798 sexagesimo
610 1761 741 1798 quarto,
754 1759 938 1789 indictione
954 1759 1110 1797 septima,
1123 1760 1270 1790 secundo

255 1813 332 1843 idus
355 1813 449 1850 maii,
466 1813 684 1851 pontificatus
709 1812 862 1852 ersdem
888 1812 1017 1842 domini
1036 1812 1165 1842 Urbani
1185 1821 1270 1852 pape

255 1867 379 1906 quarti,
391 1875 477 1897 anno
491 1867 603 1903 tertio,
615 1865 832 1905 presentibus
848 1865 915 1895 hiis
933 1866 1096 1904 magistro
1113 1866 1268 1905 Hugone,

255 1920 550 1959 archipresbytero
580 1920 620 1950 de
651 1919 810 1958 Rupella,
835 1919 995 1950 canonico
1019 1920 1269 1956 Xanctonensi3

255 1974 419 2013 magistro
446 1974 547 2003 Petro
577 1973 617 2003 de
641 1973 763 2010 Seleia,
797 1973 956 2003 canonico
989 1973 1131 2003 ecclesie
1163 1974 1271 2004 sancti

254 2027 434 2066 Gaugerici
459 2027 726 2063 Cameracensis,
753 2026 939 2065 capellanis
964 2027 1104 2061 nostris,
1123 2027 1271 2057 testibus

255 2080 297 2111 ad
311 2080 373 2111 1100
386 2080 581 2119 specialiter
599 2080 804 2110 convocatis.
818 2080 859 2110 Et
875 2088 934 2119 ego
950 2080 1144 2110 Bernardus
1160 2080 1271 2111 dictus

252 2132 438 2168 Bar-denier,
456 2133 613 2172 publicus
632 2133 817 2173 apostolice
837 2134 929 2164 sedis
955 2133 1155 2164 auctoritate
1178 2136 1270 2164 nota-

253 2187 326 2218 rius
339 2187 524 2226 predictus,
538 2187 596 2226 qui
613 2187 798 2223 collationi,
810 2187 1001 2226 provisioni
1018 2188 1050 2217 et
1068 2187 1270 2218 investiture

253 2241 416 2279 predictis
432 2248 491 2279 per
506 2240 737 2271 venerabilem
753 2242 884 2279 patrem
901 2241 1076 2271 dominum
1093 2240 1268 2277 <1300110111,

253 2293 368 2322 sancte
389 2292 495 2322 Marie
514 2293 548 2322 in
568 2293 750 2323 Cosmedin
771 2293 951 2323 diaconum
970 2293 1176 2324 cardinalem
1196 2302 1270 2332 pre-

253 2345 393 2382 dictum,
406 2345 505 2376 factis
522 2354 664 2385 presens
683 2346 834 2381 interfui,
846 2347 885 2376 de
902 2346 1060 2377 mandato
1075 2348 1107 2377 et
1126 2348 1270 2377 auctori-

253 2399 322 2428 tate
354 2398 507 2437 ejusdem
542 2399 670 2430 domini
706 2399 890 2430 cardinalis
926 2401 1103 2438 presentes
1136 2400 1270 2430 litteras

253 2451 393 2490 propria
414 2460 516 2482 manu
541 2453 664 2491 scripsi
684 2454 715 2484 et
739 2453 773 2483 in
793 2453 965 2492 publicam
987 2453 1133 2484 formam
1154 2453 1270 2492 redegi

253 2512 396 2543 meoque
414 2505 510 2543 signo
529 2506 675 2545 signavi.
700 2516 714 2535 n

294 2557 389 2587 Nulli
406 2565 496 2596 ergo,
517 2559 578 2587 etc.
596 2557 720 2588 Datum
739 2557 828 2596 apud
846 2557 1136 2595 Urbemveterem,
1160 2568 1194 2588 w
1212 2559 1270 2589 ka-

253 2609 482 2649 lendasjunii,
505 2618 591 2640 anno
610 2610 685 2641 1110.
706 2620 720 2639 »

350 2770 445 2801 1129
1045 2770 1102 2797 mai
1120 2771 1198 2798 1264.

290 2838 492 2872 lnsrascriptos
524 2837 687 2872 praedictae
717 2838 879 2866 collationis
911 2842 1077 2867 executores
1107 2840 1268 2868 constituit.

255 2886 336 2920 (Res.
357 2887 401 2919 29,
422 2886 471 2914 sol.
490 2888 534 2921 75,
551 2892 582 2913 11⁰
601 2887 675 2922 178.)

849 2769 973 2803 Orvieto,
994 2771 1027 2797 :27

1374 274 1388 291 ‹(
1405 263 1579 301 Sinihala'o,
1599 266 1743 294 curicitico
1757 266 2010 301 ΓαίΙιαΙαιιιὶΡηεί,
2025 270 2215 307 (10111091'31r11
2226 271 2346 301 Alatheo

1334 316 1370 346 cle
1397 316 1513 353 Fumo,
1542 319 1688 347 canonico
1711 318 1831 348 ecclesie
1856 330 1879 348 s.
1911 319 2039 350 Martini
2066 321 2102 351 dv
2127 322 2291 362 Cumpellis
2316 326 2346 354 in

1335 370 1422 406 Bria,
1445 370 1630 400 Parisiensis
1647 371 1783 402 diocesis.
1804 373 1936 403 Meritis
1955 374 2145 404 devotionis
2166 376 2277 406 dilecti
2297 396 2344 407 —.

1334 424 1458 454 Datum
1478 425 1565 462 apud
1596 424 1883 462 [rbei‘nvetereim
1907 435 1938 455 w
1957 427 2119 457 kalendas
2139 429 2239 466 Junii,
2260 438 2346 460 auno

1332 477 1444 507 tertio.
1466 486 1482 506 5)

1425 685 1521 715 1130

1828 685 1951 720 Orvieto,
1971 688 2004 714 :30
2023 687 2176 714 decembre
2196 689 2272 715 12133.

1369 767 1542 801 Episcopum
1565 770 1590 793 et
1615 767 1849 795 archidiaconum
1875 770 2008 797 Essexiae
2034 771 2061 798 in
2089 772 2210 799 00010513
2235 773 2347 800 Londo-

1333 815 1425 842 niensi
1442 820 1608 843 executores
1625 817 1775 845 coustituit
1794 819 1955 846 sentcntiae
1976 828 2027 854 pro
2051 821 2187 856 Gregorio
2211 823 2246 848 dc
2273 823 2346 849 Lon—

1332 865 1425 892 doniis
1442 865 1469 891 in
1485 865 1611 899 priorem
1627 868 1653 892 01
1670 870 1843 893 conventum
1862 868 2031 895 monasterii
2044 870 2077 896 de
2096 870 2344 906 Bereniundcseya

1334 914 1434 941 latam.
1457 915 1536 947 (lma.
1555 916 1598 945 2¹),
1618 914 1667 942 fol.
1686 917 1730 948 75,
1748 921 1778 942 11ο
1794 916 1866 947 179.)

1373 1030 1387 1047 ι(
1409 1045 1414 1050 ,
1435 1043 1440 1048 .
1459 1021 1613 1060 episcopo,
1631 1025 1657 1049 el
1675 1020 1785 1050 dilecto
1802 1021 1870 1060 filio
1890 1047 1895 1052 .
1913 1046 1918 1051 .
1937 1022 2155 1052 archidiacono
2172 1023 2298 1054 Essoirie
2317 1025 2348 1054 in

1333 1072 1459 1102 ccclesia
1476 1073 1693 1102 Londoniensi.
1716 1074 1877 1105 Exhibita
1896 1075 1995 1105 nobis
2014 1076 2126 1106 dilecti
2146 1077 2207 1106 filii
2225 1077 2348 1116 Grego-

1334 1127 1375 1156 rii
1398 1127 1438 1156 de
1458 1127 1644 1156 Londoniis
1662 1127 1751 1164 laici,
1772 1128 1953 1158 familiaris
1969 1130 2088 1164 nostri,
2110 1130 2228 1168 petitio
2245 1131 2347 1161 conti-

1333 1179 1431 1210 nebat
1449 1180 1538 1218 quod
1557 1179 1667 1210 felicis
1687 1181 1931 1211 recordationis
1950 1182 2144 1213 Alexander
2161 1192 2258 1222 papa,
2277 1193 2348 1222 pre-

1333 1234 1490 1264 decessor
1508 1235 1634 1269 noster,
1653 1233 1775 1264 dilecto
1797 1234 1867 1264 filio
1887 1259 1893 1264 .
1912 1258 1918 1263 .
1935 1235 2060 1265 decano
2077 1236 2218 1266 ecclesie
2240 1237 2347 1267 sancti

1332 1286 1432 1316 Pauli
1455 1286 1716 1322 Londoniensis,
1738 1287 1810 1316 suis
1836 1286 1898 1317 501)
1925 1290 2016 1318 certa
2042 1288 2151 1318 forma
2175 1289 2265 1319 dedit
2293 1290 2348 1320 lit-

1331 1340 1415 1370 teris
1446 1340 1480 1369 in
1507 1340 1676 1369 mandatis
1700 1342 1736 1370 ut
1753 1340 1830 1376 sibi,
1852 1341 1962 1379 quoad
1987 1343 2127 1378 viveret,
2146 1351 2163 1372 a
2185 1343 2297 1381 priore
2315 1345 2348 1374 et

1332 1394 1498 1424 conventu
1515 1393 1715 1423 monasterii
1732 1393 1771 1423 de
1790 1394 2096 1433 Beremundeseya,
2112 1395 2346 1427 Cluniacensis

1332 1446 1472 1482 ordinis,
1491 1446 1745 1476 wintoniensis
1765 1447 1922 1483 diocesis,
1948 1447 1981 1477 in
2009 1448 2201 1486 quindecim
2223 1450 2346 1480 marcis

1332 1500 1572 1538 sterlingorum
1592 1499 1716 1529 faceret
1735 1500 1833 1530 annis
1851 1500 1997 1539 singulis
2016 1502 2199 1539 provideri,
2216 1504 2345 1533 coutra-

1332 1553 1488 1588 dictores,
1515 1555 1588 1586 010,
1615 1561 1723 1591 usque
1749 1554 2003 1591 compescendo
2028 1554 2071 1585 Et
2090 1555 2238 1591 tandem,
2266 1556 2346 1594 quia

1331 1606 1435 1636 iidem
1461 1606 1554 1644 prior
1582 1607 1613 1635 et
1645 1607 1830 1636 conventus
1860 1606 1901 1637 ab
1927 1607 2044 1637 eodem
2070 1607 2195 1638 decano
2224 1609 2345 1640 moniti

1331 1660 1521 1699 diiigenter,
1542 1659 1651 1689 eidem
1679 1659 1869 1698 providere,
1886 1660 1984 1699 juxta
2011 1663 2163 1691 tenorem
2194 1663 2343 1693 mandati

1333 1713 1521 1752 apostolici,
1541 1721 1607 1742 11011
1630 1715 1800 1748 curarunt,
1827 1714 1937 1743 dictus
1965 1714 2111 1745 decanus
2141 1715 2176 1745 in
2201 1716 2345 1746 eundem

1332 1767 1480 1805 priorem
1505 1768 1536 1796 et
1554 1766 1701 1805 majores
1725 1767 1765 1796 de
1783 1767 1857 1805 ipso
1885 1770 2050 1797 conventu
2079 1770 2347 1799 excommunica·

1332 1820 1448 1856 tionis,
1473 1821 1503 1849 et
1523 1819 1556 1848 in
1575 1819 1766 1857 predictum
1792 1822 1994 1850 conventum
2018 1821 2189 1851 interdicti
2213 1825 2347 1852 senten-

1331 1873 1398 1904 tias
1425 1872 1665 1911 promulgavit,
1692 1873 1801 1902 citans
1831 1873 1967 1903 eosdem
1996 1875 2233 1913 peremptorie,
2250 1876 2347 1914 juxta

1330 1927 1484 1956 tenorem
1502 1925 1693 1956 litterarum
1712 1925 1876 1964 ipsarum,
1887 1927 1923 1956 ut.
1935 1926 2024 1956 infra
2040 1928 2107 1957 tres
2123 1936 2258 1958 menses
2272 1931 2349 1968 post

1333 1980 1527 2010 citationem
1541 1988 1650 2015 suam,
1670 1979 1773 2009 iidem
1792 1979 1885 2018 prior
1899 1982 1931 2010 et
1947 1980 2094 2019 majores
2109 1982 2346 2020 personaliter,

1333 2035 1518 2063 conventus
1535 2041 1614 2062 vero
1630 2041 1690 2071 per
1706 2035 1960 2071 procuratorem
1975 2033 2146 2072 ydoneum
2162 2035 2348 2073 apostolico

1333 2095 1369 2117 se
1386 2086 1581 2124 conspectui
1594 2087 1841 2124 presentarent.
1863 2086 1922 2116 Eis
1935 2086 2049 2125 itaque
2067 2095 2133 2117 non
2150 2088 2348 2118 curantibus

1333 2141 1367 2170 in
1393 2140 1588 2179 hujusmodi
1616 2140 1763 2170 termino
1788 2148 1995 2178 comparere,
2014 2141 2167 2179 prefatus
2190 2142 2348 2177 decanus,

1333 2194 1533 2225 auctoritate
1559 2193 1770 2232 quarundam
1801 2193 1993 2223 litterarum
2021 2193 2166 2224 aliarum
2196 2195 2348 2233 ejusdem

1332 2247 1585 2287 predecessoris
1600 2246 1667 2276 sibi
1680 2255 1782 2285 super
1794 2246 1855 2276 hoc
1872 2246 2089 2281 directarum,
2108 2270 2133 2277 ..
2148 2248 2310 2286 priorem,
2326 2271 2347 2278 ..

1333 2301 1560 2340 suppriorem,
1581 2323 1587 2330 .
1607 2323 1612 2329 .
1636 2299 1863 2335 cellerarium,
1883 2322 1889 2328 .
1908 2323 1915 2330 .
1934 2300 2124 2335 sacristam,
2142 2309 2178 2330 ac
2196 2301 2347 2340 ejusdem

1333 2353 1531 2384 monasterii
1568 2354 1782 2388 conventum,
1816 2352 1895 2390 quia
1926 2353 2047 2383 moniti
2077 2353 2257 2392 diligenter
2282 2354 2348 2384 sibi

1328 2408 1427 2448 juxta
1444 2407 1641 2437 mandatum
1656 2405 1881 2444 apostolicum
1896 2406 2075 2444 providere
2090 2415 2156 2436 non
2173 2410 2346 2444 curarunt,

1334 2461 1645 2492 excommunicatos
1666 2461 1697 2489 et
1715 2468 1901 2498 suspensos
1927 2459 2006 2490 fecit
2028 2459 2162 2498 publice
2185 2461 2347 2496 nuntiari,

1333 2514 1501 2553 predictos
1523 2513 1765 2543 nichilominus
1787 2513 1947 2551 priorem,
1969 2513 2194 2552 suppriorem,
2212 2514 2349 2544 cellera-

1332 2567 1434 2604 rium,
1455 2566 1633 2597 sacristam
1659 2566 1747 2604 quod
1774 2565 2010 2604 personaliter,
2040 2568 2241 2596 conventum
2268 2576 2347 2598 vero

1332 2630 1392 2660 per
1414 2622 1669 2659 procuratorem
1693 2619 1864 2658 ydoneum
1888 2621 1977 2649 certo
1994 2620 2141 2650 termino
2159 2620 2346 2659 apostolico

1333 2683 1368 2704 se
1381 2673 1576 2713 conspectui
1590 2674 1836 2711 presentarent,
1849 2673 2075 2711 peremptorie
2090 2673 2193 2703 citare
2203 2674 2344 2704 curavit.

1331 2728 1373 2758 Et
1386 2727 1465 2757 licet
1480 2727 1570 2757 idem
1581 2726 1620 2757 G.
1633 2726 1667 2755 in
1678 2725 1829 2764 predicto
1838 2725 1983 2755 termino
1996 2726 2221 2765 comparuerit
2233 2735 2345 2756 coram

1332 2780 1443 2817 nobis,
1468 2788 1596 2818 nosque
1624 2778 1690 2809 sibi
1715 2778 1944 2809 venerabilem
1972 2779 2111 2809 fratrem
2138 2781 2291 2810 nostrum
2313 2803 2318 2808 .
2337 2803 2344 2809 .

1331 2833 1572 2864 Penestrinum
1591 2832 1799 2871 episcopum,
1819 2831 2013 2862 dederimus
2030 2840 2132 2871 super
2150 2832 2344 2870 huJusmodi

1332 2886 1467 2925 negotio
1485 2885 1685 2922 auditorem,
1705 2884 1785 2923 quia
1801 2886 1912 2915 tamen
1930 2893 2009 2924 pars
2025 2885 2131 2915 altera
2147 2885 2181 2915 in
2197 2885 2342 2916 termino
