2519 3262
241 279 280 308 58
948 277 1026 307 LES
1049 277 1291 308 REGISTRES
1313 278 1528 309 D'UHBAIN
1552 279 1609 308 [v.

243 372 456 405 sententiam,
473 371 603 401 sublato
618 371 798 410 cujuslibet
809 371 984 401 dilationis
996 373 1026 402 et
1040 371 1250 401 difficultatis

244 423 428 459 obstaculo,
453 432 588 454 revoces
613 433 670 463 per
688 426 719 454 te
738 424 861 463 ipsum.
883 423 1043 462 Alioquin
1064 423 1250 454 venerabili

244 476 339 507 fratri
366 478 480 507 nostro
506 500 535 506 ..
557 477 765 507 Ferentinati
789 477 960 516 episcopo,
979 477 1103 507 litteris
1127 478 1252 507 nostris

245 530 454 569 injungimus
472 531 508 560 ut
526 530 597 568 ipse
617 530 813 560 mandatum
832 538 934 569 super
950 530 1011 560 hoc
1027 530 1251 569 apostolicum
1277 559 1279 575 z

244 584 440 620 exequatur,
467 583 730 613 contradictores
757 583 956 613 auctoritate
982 584 1108 616 nostra,
1139 582 1250 621 appel-

244 635 369 665 latione
382 636 581 673 postposita,
595 636 850 674 compescendo.
870 637 910 666 Et
926 636 1165 666 nichilominus
1183 643 1254 665 cas-

244 687 408 717 tellanum
418 689 450 718 et
462 688 625 718 officiales
636 688 805 727 predictos
815 688 939 723 taliter,
951 690 1085 718 auctore
1096 687 1251 724 Domino,

245 741 377 770 munire
395 740 590 771 curabimus
605 742 695 780 quod
711 743 786 772 tuas
802 741 960 780 deinceps
979 741 1164 771 sententias
1183 740 1255 770 nul·
1278 744 1280 750 '

245 794 379 824 latenus
408 794 648 825 formidabunt.
682 796 806 825 Datum
841 794 930 833 apud
961 794 1251 830 Urbemveterem,

246 857 267 876 ιι
286 846 448 877 kalendas
462 847 561 887 junii,
578 848 793 886 pontificatus
811 846 917 877 nostri
931 855 1018 877 anno
1035 847 1181 877 secundo
1199 848 1218 876 ¹.
1238 857 1253 876 J)

335 1002 431 1032 2950

851 1001 975 1033 Orvieto.
991 1002 1006 1027 2
1018 1000 1082 1035 juin
1102 1001 1179 1028 1203.

249 1087 254 1089 “
279 1084 415 1119 Magistro
439 1087 466 1111 et
483 1084 618 1111 t'ratribus
642 1084 760 1111 Militiae
777 1085 889 1119 Templi
908 1084 1144 1119 Jerosolymitani
1161 1084 1254 1111 indul-

243 1135 288 1165 get
307 1135 332 1158 ut
353 1133 380 1158 in
397 1132 489 1158 causis
506 1132 607 1159 fratres
626 1141 690 1159 suos
706 1133 815 1166 possint
829 1133 865 1159 ad
885 1132 1085 1160 testimonium
1102 1132 1251 1159 ferendum

243 1182 408 1215 producere.
428 1182 525 1213 (Aaou.
545 1190 576 1208 ιιι-ι
593 1190 627 1208 LA
644 1182 908 1213 [lauru-Gaiioxxffi
930 1190 945 1208 u
966 1183 1037 1211 loo.)

283 1286 297 1305 «
320 1275 460 1306 Urbanus
477 1277 646 1316 episcopus,
667 1287 768 1306 servus
786 1287 940 1307 servorum
961 1277 1025 1315 Dei,
1045 1278 1162 1307 dilectis
1178 1278 1253 1318 filiis

243 1330 386 1369 Ναθῶ-[νο
404 1335 430 1358 el
447 1330 597 1369 fratribus
613 1329 722 1359 Militie
743 1330 858 1371 Templi
872 1331 1112 1361 ,lerosolimimni
1126 1331 1252 1362 salutem

242 1388 268 1413 et
286 1383 484 1423 apostolicam
510 1383 758 1413 benediccionem.
782 1384 892 1415 Justis
914 1385 1100 1423 petentium
1123 1386 1253 1416 deside-

241 1437 303 1468 riis
318 1454 364 1468 —.
382 1437 579 1476 Eapropter,
596 1437 753 1467 dilectiin
765 1437 910 1468 Domino
923 1438 997 1474 filii,
1013 1439 1137 1469 vestris
1148 1439 1252 1478 justis

241 1490 529 1530 postulationibus
541 1492 634 1529 grato
647 1492 886 1521 concurrentes
906 1500 1060 1528 assensu,
1079 1492 1120 1522 ad
1139 1501 1253 1522 exem-

241 1543 315 1582 plar
330 1543 438 1574 felicis
452 1544 696 1574 recordationis
710 1544 852 1574 Honorii
868 1546 899 1575 et
916 1544 1113 1581 Alexandri,
1131 1546 1252 1576 Roma-

242 1605 360 1627 norum
376 1597 586 1635 pontificum,
598 1597 875 1635 predecessorum
886 1600 1090 1634 nostrorum,
1106 1599 1252 1629 auctori-

240 1651 308 1680 tate
336 1649 433 1680 vobis
465 1649 652 1688 apostoliea
684 1650 846 1680 duximus
874 1650 1117 1690 indulgendum
1150 1654 1186 1682 ut
1217 1652 1250 1682 in

240 1703 353 1734 causis
372 1703 494 1734 vestris
512 1703 634 1734 fratres
654 1705 783 1734 vestros
800 1704 941 1742 possitis
959 1705 999 1734 ad
1017 1705 1250 1735 testimonium

240 1754 416 1786 ferendum
442 1756 634 1795 producere,
661 1765 719 1787 nec
743 1765 803 1795 pro
825 1766 863 1787 eo
887 1758 976 1796 quod
998 1757 1120 1788 fratres
1146 1759 1251 1788 vestri

240 1810 330 1845 sunt,
346 1809 375 1838 si
391 1809 457 1839 alia
469 1818 570 1840 causa
579 1809 794 1840 rationabilis
805 1812 836 1841 et
848 1811 1029 1841 manifesta
1044 1820 1108 1842 non
1127 1811 1249 1848 obstat,

240 1870 258 1891 a
288 1862 425 1893 ferendo
456 1863 649 1893 testimonio
682 1864 902 1902 repellantur,
936 1865 1131 1899 dummodo,
1165 1866 1252 1896 sicut

239 1923 381 1946 censura
406 1925 571 1946 canonum
595 1918 626 1947 et
657 1917 767 1956 legum
788 1918 896 1948 sancit
921 1919 1118 1955 auctoritas,
1145 1919 1252 1949 velint

238 1968 473 1998 testimonium
491 1969 676 2007 perbibere.
694 1970 790 2000 Nulli
807 1979 885 2009 ergo
902 1989 951 1999 —.
972 1971 1005 2001 Si
1022 1972 1099 2010 quis
1117 1988 1167 2001 —-.
1188 1972 1250 2002 Da-

239 2022 311 2051 tum
328 2022 416 2060 apud
430 2022 719 2059 Urbemveterem,
734 2033 780 2053 ιιιι
800 2032 905 2053 nonas
917 2024 1016 2062 junii,
1033 2025 1250 2063 pontificatus

241 2075 348 2105 nostri
367 2084 454 2105 anno
473 2076 631 2106 secundo.
656 2086 670 2105 ιι

329 2228 424 2258 2951

832 2227 957 2260 Orrieto,
975 2229 1005 2254 122
1018 2227 1081 2263 juin
1100 2229 1176 2256 1203.

275 2309 376 2336 omniu
394 2310 543 2345 privilegia
560 2311 594 2337 ab
613 2311 777 2338 Innocentio
798 2320 870 2346 papa
887 2319 933 2344 111,
949 2313 1081 2340 Laterani
1099 2320 1182 2340 xv1111
1201 2315 1250 2341 ka-

239 2358 337 2385 lendas
354 2358 491 2394 januarii,
508 2360 690 2394 pontificatus
708 2360 749 2387 sui
768 2369 843 2387 anno
864 2366 966 2392 xv111⁰‚
981 2370 1117 2389 concessa
1134 2371 1184 2396 pro
1200 2371 1249 2389 uc-
1276 2371 1278 2375 ’

240 2407 317 2442 gotio
337 2407 439 2434 Terrae
457 2408 589 2442 Sanctae,
606 2417 782 2444 quorumque
806 2412 887 2436 tenor
908 2410 953 2437 bic
971 2410 1118 2445 inseritur,
1136 2411 1249 2439 innovat

239 2458 267 2483 et
288 2456 448 2484 confirmat.
465 2457 564 2492 (Anca.
582 2458 652 2484 Nar.
671 2466 685 2484 L
699 2458 762 2492 254,
778 2464 806 2485 [ν’
821 2460 876 2492 55.)

280 2564 294 2582 (ι
317 2552 456 2584 Urbanus
471 2555 640 2595 episcopus,
657 2565 758 2585 servus
771 2565 924 2586 servorum
942 2556 1009 2593 Dei,
1030 2557 1251 2587 venerabilibus

238 2607 387 2645 fratribus
410 2608 557 2637 universis
583 2608 818 2648 archiepiscopis
843 2615 870 2639 et
895 2610 1043 2650 episcopis
1074 2621 1109 2641 uc
1133 2611 1251 2642 dilectis

239 2661 313 2701 filiis
324 2661 478 2700 fratribus
500 2661 730 2692 Predicatorum
755 2668 781 2692 et
799 2662 950 2693 Minorum
967 2663 1107 2693 ordinum
1128 2664 1250 2694 ceteris-

240 2724 296 2755 que
316 2715 534 2751 executoribus,
556 2725 612 2754 per
637 2715 756 2746 diversa
779 2716 947 2746 christiana
971 2727 1065 2756 reqna
1087 2718 1194 2748 mundi
1211 2717 1251 2748 ad

241 2767 345 2798 Crucis
362 2768 515 2807 neqolt'um
527 2778 586 2808 pro
603 2768 692 2798 Terre
707 2768 821 2798 Sancte
835 2769 1028 2799 subventione
1045 2781 1062 2799 (ι
1080 2770 1148 2800 sede
1163 2781 1249 2811 opos-

240 2820 329 2850 tolicu
347 2821 500 2860 deputatis
514 2825 540 2850 et
558 2821 587 2850 in
604 2826 756 2860 posterum
771 2821 963 2862 deputandis,
977 2822 1101 2853 salutem
1116 2830 1142 2853 et
1162 2834 1249 2864 apos-

240 2873 359 2903 tolicam
375 2873 619 2903 benedictionem.
636 2874 719 2905 Cum
737 2876 909 2914 negotium
925 2876 1043 2907 Crucis
1062 2893 1110 2906 —.
1126 2877 1248 2908 Datum

271 2973 292 2994 l.
307 2971 388 2996 Bulle
402 2973 518 2996 retenuo
532 2978 584 3002 par
599 2979 652 2996 une
666 2972 748 2997 eorde
767 2973 799 2997 de
815 2973 951 2998 ehanvro.

1308 372 1395 410 apud
1417 371 1704 408 Crbemveterem,
1726 382 1746 401 ιι
1767 372 1843 402 idus
1857 372 1955 410 junii,
1975 374 2189 411 pontificatus
2209 374 2314 404 nostri

1309 433 1396 454 anno
1414 425 1572 455 secundo.
1590 434 1606 454 ι)

1400 590 1498 620 2952
1903 588 2026 619 Ori-ieie»,
2048 587 2150 623 l3juin
2171 588 2246 616 1203.

1344 672 1602 699 Mandatdominus
1620 672 1746 698 L'rbanus
1760 680 1808 707 per
1822 673 1907 699 istam
1921 672 2028 699 bullam
2044 672 2167 706 qualiter
2179 673 2318 708 magister

1308 721 1459 756 Gregorius
1475 722 1509 748 ‹le
1525 721 1640 755 Neapoli
1660 722 1763 748 debeat
1778 722 1931 755 procedere
1943 721 1971 747 in
1989 721 2150 755 recipiendo
2167 729 2318 748 commune

1309 770 1496 804 Spoletanum
1512 771 1546 796 ad
1561 770 1754 797 obedientiam
1765 770 1885 797 ecclesie
1900 772 2029 804 1.(Ᾱιιειι.
2043 770 2142 796 Vnae.
2159 772 2238 797 Arm.
2254 779 2318 803 xm,

1309 827 1386 853 caps.
1406 826 1460 852 vn,
1479 825 1508 845 n⁰
1525 820 1560 850 l.)

1350 928 1365 947 ι(
1390 917 1529 948 Urbanus
1549 919 1719 957 episcopus,
1742 927 1843 947 servus
1860 927 2013 947 servorum
2038 918 2104 955 Dei,
2126 918 2236 948 dilecto
2253 918 2320 958 filio

1311 971 1454 1010 magistro
1472 970 1618 1010 Greqorin
1634 971 1669 1000 de
1686 970 1828 1011 Neapoli,
1844 970 2024 1001 subdiacono
2037 976 2064 1000 el
2081 971 2241 1011 capellano
2256 981 2321 1001 nos-

1311 1028 1368 1060 tro,
1387 1023 1514 1053 sulutem
1531 1030 1557 1053 el
1576 1024 1775 1064 apostolicum
1794 1024 2041 1053 benedictionem.
2059 1025 2143 1055 Cum
2158 1047 2164 1053 .
2182 1047 2188 1053 .
2209 1027 2320 1064 potes-

1309 1079 1373 1113 tas,
1396 1101 1402 1106 .
1423 1101 1428 1106 .
1446 1078 1550 1116 prior,
1571 1077 1752 1108 consilium
1776 1079 1807 1108 et
1829 1086 2005 1108 commune
2021 1077 2208 1117 Spoletani‚
2235 1078 2322 1108 sicut

1311 1139 1371 1170 per
1386 1140 1502 1161 eorum
1522 1131 1755 1161 intelleximus
1780 1131 1971 1170 syndicum,
1993 1131 2083 1161 ducti
2102 1131 2227 1170 spiritu
2247 1140 2322 1162 con-

1310 1184 1381 1214 silii
1400 1184 1547 1214 sanioris
1564 1184 1669 1214 velint
1684 1184 1859 1214 humiliter
1877 1184 1917 1214 ad
1935 1184 2076 1214 ecclesie
2096 1184 2254 1215 mandata
2272 1193 2322 1215 re-

1310 1237 1383 1268 dire
1404 1246 1532 1276 nosque
1557 1238 1588 1268 te
1609 1238 1746 1276 propter
1768 1237 1830 1268 hoc
1853 1237 1893 1267 ad
1912 1238 2083 1268 civitatem
2104 1237 2322 1277 Spoletanam

1310 1291 1350 1321 de
1377 1291 1520 1321 fratrum
1544 1291 1739 1321 nostrorum
1757 1291 1900 1321 consilio
1923 1291 2144 1326 destinemus,
2165 1291 2323 1321 volumus

1311 1346 1342 1374 et
1359 1344 1569 1383 presentium
1585 1343 1647 1374 tibi
1664 1344 1863 1374 auctoritate
1881 1344 2080 1374 mandamus
2099 1344 2259 1383 quatinus
2276 1345 2324 1374 in-

1312 1397 1526 1436 frascriptam
1559 1397 1593 1427 iu
1623 1397 1818 1436 hujusmodi
1848 1397 1982 1436 negotio
2012 1397 2155 1427 formam
2186 1397 2324 1427 studeas

1311 1450 1502 1486 observare,
1519 1459 1621 1489 quam
1634 1450 1683 1480 eis
1703 1449 1918 1488 aliquatenus
1936 1458 2002 1480 non
2021 1450 2179 1480 ostendas
2197 1450 2255 1480 sed
2274 1451 2320 1488 ip-

1312 1513 1383 1534 sam
1411 1504 1453 1533 ad
1475 1504 1525 1534 tui
1552 1503 1812 1534 instructionem
1836 1503 1924 1542 apud
1948 1505 1980 1533 te
2004 1505 2133 1534 secreto
2155 1511 2322 1538 reserves,

1311 1557 1409 1587 nobis
1433 1557 1467 1587 in
1491 1559 1548 1587 tuo
1569 1557 1678 1587 reditu
1698 1557 1946 1595 resignandam.
1969 1557 2092 1587 Forma
2109 1559 2221 1587 autem
2245 1556 2324 1587 talis

1311 1612 1362 1641 est
1384 1622 1389 1640 :

1350 1663 1509 1701 Recipies
1531 1672 1549 1692 a
1566 1686 1572 1692 .
1590 1687 1595 1692 .
1617 1663 1757 1701 syndico
1777 1663 1968 1701 potestatis,
1985 1662 2167 1702 capitanei,
2188 1663 2324 1694 consilii

1310 1719 1342 1747 et
1366 1717 1476 1756 ipsius
1494 1716 1696 1752 communis,
1716 1717 1912 1746 eorumdem
1930 1716 2122 1755 potestatis,
2143 1716 2324 1755 capitanei,

1309 1769 1445 1800 consilii
1459 1771 1487 1800 et
1501 1769 1692 1799 communis
1710 1769 1857 1804 nomine,
1872 1769 2103 1808 juramentum
2120 1768 2210 1808 quod
2221 1768 2324 1799 iidem

1310 1825 1471 1862 potestas,
1497 1822 1706 1861 capitaneus,
1727 1822 1909 1852 consilium
1933 1825 1963 1853 et
1989 1831 2166 1852 commune
2187 1821 2324 1853 stabunt

1309 1877 1441 1914 precise
1454 1877 1485 1906 et
1497 1876 1650 1906 absolute
1667 1875 1836 1906 mandatis
1852 1878 1884 1906 et
1900 1875 2066 1914 preceptis
2080 1875 2206 1906 nostris
2222 1883 2324 1914 super

1310 1929 1468 1960 omnibus
1486 1929 1635 1964 offensis,
1655 1929 1791 1967 injuriis
1813 1930 1845 1958 et
1868 1927 2077 1963 excessibuS,
2099 1928 2324 1967 occupationi-

1309 1982 1372 2012 bus
1395 1984 1563 2012 terrarum
1581 1984 1612 2012 et
1632 1982 1800 2012 universis
1823 1990 1888 2020 que
1911 1981 2000 2011 idem
2018 1990 2207 2015 commune,
2232 1990 2324 2012 occa-

1309 2036 1404 2066 sione
1417 2037 1505 2066 terre
1518 2034 1740 2066 Arnulforum
1752 2036 1783 2065 et
1798 2036 1948 2073 tempore
1964 2034 2131 2073 presentis
2141 2035 2322 2072 discordie,

1309 2088 1481 2118 commisit
1495 2089 1609 2118 contra
1624 2088 1812 2118 Romanam
1829 2087 2007 2118 ecclesiam
2022 2090 2053 2117 et
2066 2087 2183 2118 fideles
2199 2088 2321 2127 ipsius,

1309 2141 1466 2180 idemque
1482 2141 1644 2180 syndicus
1658 2141 1821 2180 prestabit
1836 2141 2271 2180 hujusmodi„iuramentum
2289 2141 2323 2172 in

1310 2203 1371 2224 sua
1388 2196 1418 2224 et
1433 2194 1584 2224 omnium
1602 2194 1641 2223 de
1655 2194 1728 2232 ipso
1741 2194 1912 2223 communi
1927 2193 2117 2230 animabus,
2131 2194 2226 2232 cujus
2237 2203 2323 2224 com-

1310 2247 1423 2277 munis
1445 2247 1509 2277 erit
1526 2247 1689 2286 syndicus
1708 2247 1925 2277 constitutus
1947 2247 2116 2286 syndicus
2138 2256 2217 2278 vero
2235 2256 2323 2278 com-

1309 2300 1423 2330 munis
1454 2300 1631 2330 Tudertini
1662 2302 1800 2339 propter
1829 2300 1889 2330 hoc
1920 2299 2116 2339 fidejubebit
2142 2300 2204 2330 sub
2236 2309 2322 2340 pena

1309 2354 1403 2384 mille
1421 2354 1632 2384 marcharum
1656 2354 1896 2392 sterlingorum
1921 2362 1980 2392 pro
2003 2354 2121 2384 eodem
2139 2353 2322 2392 Spoletano

1308 2407 1491 2437 communi.
1522 2406 1622 2437 Dabit
1649 2407 1751 2437 ctiam
1782 2407 1869 2437 idem
1899 2415 2075 2437 commune
2100 2407 2320 2446 Spoletanum

1308 2459 1376 2490 alia
1398 2460 1591 2490 communia
1615 2460 1655 2491 de
1677 2462 1828 2491 contrata
1853 2469 1917 2499 que
1940 2459 2171 2499 fidejuhehunt
2194 2469 2256 2500 pro
2281 2469 2321 2492 eo

1309 2513 1468 2544 similiter
1488 2513 1520 2543 in
1540 2513 1600 2543 hac
1618 2515 1723 2552 parte.
1743 2513 1914 2544 Restituet
1933 2513 2073 2552 insuper
2088 2513 2215 2544 dictum
2232 2522 2322 2544 com-

1308 2574 1409 2597 mune
1437 2566 1655 2605 Spoletanum
1684 2569 1786 2598 totam
1814 2569 1938 2597 terram
1967 2565 2189 2597 Arnulforum
2218 2575 2319 2606 quam

1308 2619 1436 2650 detinet
1454 2622 1485 2649 et
1501 2619 1602 2649 aliam
1615 2628 1717 2659 quam
1733 2620 1884 2658 predicta
1901 2621 1991 2650 tenet
2007 2621 2039 2650 et
2050 2618 2148 2650 habet
2165 2619 2320 2654 ecclesia,

1308 2672 1342 2702 in
1366 2681 1445 2711 pace
1473 2672 1578 2703 libere
1606 2675 1637 2703 et
1662 2672 1815 2703 absolute
1840 2672 1998 2703 dimittet.
2024 2672 2194 2703 Restituet
2217 2673 2319 2703 etiam

1309 2734 1425 2756 omnes
1443 2725 1579 2756 obsides
1596 2728 1628 2757 et
1645 2726 1796 2765 captivos
1809 2728 1839 2756 et
1857 2725 1945 2756 alios
1959 2734 2044 2765 quos
2058 2725 2158 2756 habet
2173 2725 2213 2756 de
2230 2728 2321 2756 terra

1308 2779 1394 2818 ipsa,
1407 2781 1439 2809 et.
1449 2778 1644 2810 hominibus
1661 2779 1770 2818 ipsius
1784 2781 1871 2810 terre
1884 2779 2032 2809 remittet
2047 2787 2164 2809 omnes
2176 2778 2319 2818 injurias

1339 2888 1360 2912 ¹.
1376 2887 1451 2911 C'est
1468 2887 1752 2912 101·<·suu=‹'=t›crit;111
1767 2894 1834 2912 xm·
1849 2894 1885 2912 ou
1901 2895 1936 2912 au
1950 2893 2012 2912 xiv·
2029 2887 2115 2912 siecle
2129 2895 2165 2912 au
2178 2888 2229 2913 dos
2246 2889 2279 2913 de
2291 2889 2318 2914 la

1307 2931 1394 2956 bullc.
1413 2932 1453 2956 On
1475 2939 1490 2955 a
1510 2932 1563 2956 mis
1581 2932 1756 2956 uti-dessous
1775 2932 1807 2957 de
1829 2940 1859 2957 cc
1879 2932 1990 2957 resume
2010 2939 2056 2957 ces
2073 2935 2146 2957 mots
2166 2940 2171 2956 :
2190 2933 2267 2957 Bulla
2281 2936 2319 2958 est

1306 2976 1362 3000 sine
1375 2975 1490 3007 plumbo.
