2519 3262
260 250 321 281 404

263 343 324 365 nes
340 352 388 364 —.
410 335 533 364 Datum
557 332 646 371 apud
671 331 959 367 Urbemveterem,
981 340 1009 360 τι
1038 329 1201 360 kalendas
1218 329 1271 359 (le-

263 387 420 420 cembris‚
440 394 525 416 anno
546 385 654 415 tertio.
677 394 691 413 u

819 540 943 567 Orvieto.
962 540 978 566 3
993 539 1105 574 janvier
1123 539 1198 566 12134.

355 544 451 575 2399

300 627 438 661 Episcopo
454 624 613 652 Revalicusi
633 624 748 650 mundat
769 626 794 649 ut
816 624 984 650 lierbertum
1001 623 1149 654 clei-ictum
1173 625 1273 648 natum

265 675 392 702 Herberti
411 673 525 707 militis,
542 673 633 700 nuntii
650 672 727 707 regis
746 673 854 705 Uatiae,
870 673 896 699 in
915 672 1035 699 ecelesia
1052 671 1223 698 'l'urbucensi
1244 671 1271 697 in

264 723 432 750 canonicum
452 722 539 757 recipi
563 722 658 749 faciat.
678 722 756 755 (Rnc.
773 722 817 754 29,
840 721 888 747 sol.
906 722 967 751 277,
991 725 1022 747 [1ο
1041 721 1131 754 1118.)

305 839 319 858 «
345 853 373 858 ..
401 830 541 869 episcopo
568 828 754 859 Bevaliensi.
784 828 954 858 Dilectum
987 828 1095 858 tilium
1130 828 1274 858 11811181-

264 884 336 912 tum
353 900 400 912 —.
419 883 543 912 Datum
568 881 657 921 apud
674 881 961 917 Urbemveterem‚
984 890 1018 911 111
1038 890 1144 911 nonas
1157 881 1274 920 janua-

264 935 319 972 rii,
344 944 430 966 anno
445 935 556 966 tertio.
578 944 595 964 »

785 1088 910 1119 Orvieto,
924 1089 940 1116 3
954 1088 1107 1115 novembre
1124 1088 1200 1115 1263.

356 1090 453 1121 2400

302 1172 438 1207 Magistro
456 1172 586 1199 Mattiaco
601 1173 634 1199 de
654 1172 782 1206 Salerno‚
795 1173 968 1199 subdiacono
984 1175 1010 1199 et
1025 1172 1174 1206 capellano
1191 1179 1274 1206 apos-

263 1221 360 1251 tolico,
384 1221 535 1248 ecclesiam
556 1223 591 1248 de
610 1221 730 1255 Martiri,
757 1222 891 1248 Midensis
916 1221 1051 1254 diocesis,
1076 1221 1274 1248 Armaclianne

265 1271 439 1304 provinciae,
463 1279 561 1297 curam
588 1271 742 1297 habentem
767 1271 930 1297 animarum
963 1278 1116 1301 annexam,
1148 1269 1274 1296 indebite

265 1322 434 1353 occupatam
450 1320 510 1346 siue
533 1319 747 1354 dispensatione
769 1319 929 1354 apostolica
946 1328 961 1345 a
983 1318 1124 1353 magistro
1146 1318 1274 1345 Jobanne

264 1368 299 1394 de
311 1367 539 1404 Dubiltum,jam
559 1370 670 1395 rectore
690 1368 827 1395 ccclesiae
844 1369 876 1395 de
895 1368 1019 1399 Kanlies,
1033 1368 1162 1403 ejusdem
1179 1367 1276 1394 dioce-

265 1417 316 1443 sis.
334 1416 460 1443 similem
475 1425 575 1443 curam
588 1416 730 1447 habentis,
748 1419 774 1443 et
790 1416 844 1451 ipsi
866 1416 996 1444 Mathaeo
1012 1425 1027 1442 a
1050 1417 1136 1442 t'ratre
1151 1415 1275 1442 Patricio

264 1465 478 1500 archiepiscopo
502 1465 695 1498 Armachano,
716 1464 897 1492 considerata
913 1465 1037 1499 episcopi
1052 1464 1209 1491 Mindensis
1228 1472 1274 1491 nc-

265 1513 415 1548 gligcntia,
436 1514 584 1542 collatam.
603 1514 767 1541 confirmat.
790 1514 865 1547 (Res.
883 1516 926 1545 29,
944 1514 992 1540 sol.
1012 1515 1062 1540 277
1075 1518 1115 1544 v0,
1134 1518 1166 1539 11ο
1184 1513 1274 1546 1449.)

307 1629 321 1648 t(
338 1619 485 1659 Magistro
509 1619 630 1649 Matheo
654 1619 690 1649 de
707 1618 850 1655 Solet-no,
869 1618 1052 1648 subdimono
1070 1624 1097 1647 et
1115 1618 1275 1658 capellano

265 1678 381 1702 nostru.
402 1674 453 1703 Ex
470 1675 605 1703 tuorum
622 1673 793 1712 exigentia
810 1691 856 1703 -.
878 1673 1002 1703 Datum
1026 1673 1114 1711 apud
1132 1672 1271 1704 Urbem-

265 1728 424 1761 veterem,
442 1736 476 1756 111
496 1735 601 1756 nonas
618 1726 824 1762 novembris,
845 1735 930 1756 anno
949 1726 1058 1756 tertio.
1082 1734 1098 1754 »

771 1883 894 1914 Orvieto,
913 1884 929 1911 3
946 1883 1101 1910 novembre
1123 1882 1201 1910 1203.

355 1886 449 1917 2401

302 1968 509 1996 Archidiacono
532 1968 650 1994 Midensi
677 1969 796 1995 mandat
823 1971 850 1995 ut
871 1968 1031 2002 praefatum
1055 1967 1214 1994 Mathaeum
1241 1968 1274 1993 de

267 2017 382 2044 Salerno
396 2018 423 2044 in
440 2016 652 2051 possessionem
667 2017 805 2043 ecclesiae
819 2017 852 2043 de
868 2016 976 2043 Martiri
992 2016 1116 2043 inducat.
1133 2016 1211 2050 (erc.
1230 2017 1274 2049 29,

266 2066 314 2093 fol.
334 2068 384 2093 277
405 2071 442 2098 v0,
458 2069 490 2091 n⁰
510 2066 600 2098 1450)

306 2182 321 2201 (t
337 2195 342 2200 .
360 2197 364 2202 .
385 2171 600 2201 archidiacono
617 2170 754 2200 Midensi.
767 2170 918 2201 Dilectus
936 2170 1028 2200 filius
1043 2170 1207 2200 MidenSis
1225 2188 1272 2201 —.

266 2225 390 2255 Datum
425 2224 512 2264 apud
540 2224 827 2260 Urbemveterem,
860 2233 898 2252 111
931 2232 1037 2254 nonas
1067 2223 1274 2258 novembris,

267 2286 353 2308 anno
370 2277 479 2308 tertio.
500 2286 517 2306 »

356 2436 453 2468 2402
773 2434 897 2466 Orvieto,
910 2434 942 2461 31
956 2434 1108 2461 decembre
1124 2434 1201 2461 1263.

302 2519 392 2546 Priori
421 2528 443 2546 s.
474 2519 616 2546 Vincentii
635 2519 770 2546 Metensis
798 2520 916 2546 mandat
947 2521 977 2545 ut
999 2518 1160 2553 Hugonem,
1175 2520 1274 2545 natum

265 2569 408 2602 quondam
430 2567 572 2601 balduini,
596 2567 664 2594 dicti
686 2568 777 2600 110913,
795 2567 822 2593 in
840 2567 963 2594 ccclesia
977 2566 1096 2594 Mete-nsi
1113 2566 1141 2593 in
1158 2566 1274 2593 canoni-

265 2625 330 2643 cum
354 2616 440 2651 recipi
459 2616 554 2647 saciat,
578 2624 634 2643 non
657 2616 788 2643 obstante
802 2616 929 2650 quolibet
949 2615 1106 2644 obstaculo.
1120 2615 1200 2651 juxta
1213 2615 1274 2650 jum

265 2665 439 2692 directarum
457 2665 551 2692 abbati
577 2673 599 2691 s.
617 2665 696 2691 l’auli
723 2664 907 2692 Virdunensis
926 2664 1135 2692 continentiam
1167 2664 1275 2692 littera-

266 2722 340 2741 rum.
357 2714 435 2747 (Res.
452 2714 496 2746 29,
515 2713 563 2741 sol.
581 2714 632 2740 277
647 2719 684 2745 ν’,
701 2719 730 2740 11⁰
746 2713 836 2749 1451.)

305 2831 320 2849 α
345 2820 449 2850 Priori
473 2830 497 2850 s.
534 2820 687 2850 Vim-eutii
715 2819 866 2849 Metensis.
897 2820 1074 2859 Hugonem
1099 2819 1272 2857 clericum,

266 2875 381 2904 natum
408 2891 457 2902 —.
483 2874 606 2904 Datum
633 2873 721 2911 apud
751 2872 1038 2909 Urbemveterem,
1061 2881 1082 2902 n
1111 2872 1272 2903 kalendas

262 2927 422 2965 Jannarii,
441 2934 527 2956 anno
544 2926 656 2956 tertio.
677 2934 694 2954 »

1008 245 1252 276 REGISTREs
1283 243 1496 275 D'URBAIN
1527 244 1584 273 lv.

1420 330 1516 360 2403

1882 328 2008 361 Orvieto,
2026 329 2040 354 7
2057 328 2169 363 janvicr
2191 329 2267 356 1204.

1365 414 1391 440 S.
1415 413 1528 439 Martini
1554 412 1743 438 Tornacensis
1764 414 1791 438 et
1808 420 1830 438 s.
1850 411 1957 438 Nicolai
1977 412 2010 438 de
2027 412 2210 447 Pratisjuxta
2231 413 2338 439 Torna-

1328 469 1393 488 cum
1411 461 1653 488 monasteriorum
1669 460 1819 487 abbatibus
1837 461 1955 487 mandat
1970 463 1998 487 ut
2016 461 2187 495 magistr-um
2203 460 2339 487 Jacobum

1329 510 1438 537 dictum
1461 512 1591 541 ΜΘΗ-010,
1617 509 1816 544 presbyterum
1840 510 2061 539 ⁷tornacensem,
2079 510 2196 536 obtentu
2214 510 2339 543 episcopi

1329 559 1518 586 'tornacensis
1537 558 1618 594 cujus
1635 558 1728 584 existit
1743 557 1984 592 consanguineus,
2001 561 2027 584 et
2045 561 2092 589 A„
2107 558 2181 584 tituli
2199 567 2221 584 s.
2239 558 2340 584 l'raxe-

1328 608 1372 635 dis
1390 608 1549 642 presbytcri
1571 607 1738 639 cardinalis,
1756 607 1783 633 in
1804 607 1924 633 ecclesia
1941 608 2113 634 Tornaeensi
2129 608 2155 634 in
2169 607 2339 634 canonicum

1331 657 1381 683 suh
1393 657 1605 691 exspectatione
1618 656 1796 690 praebendae
1811 656 1897 690 recipi
1914 656 2030 683 saciant.
2047 657 2124 685 (nm.
2143 657 2187 686 29,
2206 656 2254 683 sol.
2274 656 2336 687 258,

1331 710 1362 732 n⁰
1378 707 1468 738 1452.)

1370 822 1387 842 «
1405 836 1411 841 .
1429 836 1435 841 .
1451 822 1474 842 S.
1500 812 1628 841 Martini
1657 810 1866 847 Torzzacensis,
1885 816 1912 840 et
1931 834 1937 839 .
1954 834 1960 839 .
1979 821 2003 840 s.
2030 811 2153 840 Nicolai
2181 811 2218 841 de
2236 811 2341 841 Pratis

1325 866 1419 905 justa
1451 865 1621 894 Tornaewn
1643 865 1896 894 monasteriorum
1925 864 2092 893 abbatibus.
2113 866 2155 896 Ut
2179 865 2221 895 ad
2242 864 2342 896 bono-

1331 927 1405 949 rum
1421 936 1470 947 -—.
1483 919 1608 948 Datum
1624 918 1711 956 apud
1729 917 2018 953 tjrbemveterem,
2030 926 2074 947 vn
2086 918 2163 948 idus
2178 918 2340 956 januarii,

1331 980 1418 1002 anno
1440 972 1552 1002 tertio.
1574 982 1589 1000 »

1421 1131 1517 1162 2404
1893 1128 2018 1162 Orvieto,
2036 1129 2051 1156 *1
2062 1129 2176 1164 janvier
2192 1129 2270 1156 1261.

1368 1215 1504 1249 Magistro
1524 1214 1646 1241 Berardo
1671 1213 1800 1248 indulget
1827 1216 1856 1240 ut
1875 1217 2029 1248 proventus
2045 1214 2173 1248 integros
2199 1213 2342 1240 archidia-

1332 1266 1450 1290 conatus
1472 1266 1499 1290 et
1521 1263 1699 1297 praebendae
1722 1262 1750 1288 in
1774 1262 1896 1289 ccclesia
1917 1262 2089 1294 Nimsiensi,
2110 1263 2170 1289 sine
2187 1262 2344 1289 residentia

1331 1311 1486 1346 personali,
1505 1311 1652 1346 percipere
1670 1310 1772 1337 valeat.
1790 1311 1870 1338 (Bm.
1889 1311 1932 1342 29,
1952 1310 1999 1337 sol.
2017 1312 2080 1341 278,
2097 1316 2128 1337 11”
2146 1310 2236 1343 1153.)

1373 1428 1388 1447 «
1403 1417 1555 1455 Maqz'stro
1581 1416 1729 1452 Bercwdo,
1752 1416 1969 1446 archidiacono
1997 1416 2180 1450 Nicosiensi,
2199 1417 2345 1457 scriptori

1333 1477 1449 1500 nostro.
1475 1471 1611 1502 Sincere
1633 1470 1825 1501 devotionis
1854 1470 1992 1500 affectus
2018 1488 2067 1499 —-.
2100 1471 2224 1501 Datum
2255 1471 2345 1510 apud

1333 1524 1623 1559 Urbemveterem‚
1644 1533 1665 1553 11
1683 1532 1788 1553 nonas
1800 1524 1960 1563 januarii,
1980 1533 2066 1554 anno
2085 1524 2196 1554 tertio.
2213 1532 2229 1552 »

1423 1689 1520 1720 2405

1897 1688 2021 1719 Orvieto,
2035 1687 2052 1714 4
2064 1687 2177 1722 janvien-
2195 1688 2272 1715 1261.

1367 1772 1500 1805 Johanni,
1517 1772 1593 1799 dicto
1619 1772 1718 1798 Rubeo.
1745 1772 1884 1798 canonico
1912 1772 2100 1802 Ferentinati,
2130 1772 2245 1798 mandat
2264 1775 2292 1798 ut
2309 1772 2344 1799 ad

1332 1821 1527 1855 provisionem
1551 1820 1689 1848 Johaunis
1705 1820 1814 1854 clerici,
1836 1821 1896 1847 nati
1919 1821 2064 1855 quondam
2084 1820 2222 1848 Johannis
2243 1821 2277 1847 de
2302 1821 2345 1848 Pi-

1332 1878 1419 1905 pcrno
1442 1870 1559 1901 notarii,
1590 1869 1619 1896 in
1649 1869 1769 1896 ecclesia
1796 1878 1819 1896 s.
1851 1869 1955 1896 Mariae
1983 1870 2017 1896 de
2049 1869 2170 1904 Piperno
2197 1870 2342 1904 procedat.

1331 1920 1410 1952 (Rea.
1427 1916 1470 1950 29,
1487 1919 1535 1946 sol.
1549 1920 1601 1946 278
1614 1924 1653 1952 v⁰,
1670 1923 1701 1945 n⁰
1720 1918 1808 1953 1454.)

1372 2036 1387 2055 t(
1403 2025 1552 2061 Johanni,
1568 2025 1650 2054 dicto
1663 2025 1792 2060 Imbeo,
1803 2025 1948 2054 canonico
1965 2024 2166 2054 ferentinati.
2179 2025 2345 2064 Exposuit

1333 2078 1431 2108 nobis
1461 2078 1607 2108 dilectus
1632 2078 1723 2107 tillus
1750 2077 1922 2108 „lohannes
1947 2077 2104 2113 clericus¹
2125 2081 2224 2109 natus
2241 2086 2344 2117 quon-

1333 2131 1409 2160 dam
1421 2130 1586 2160 Johannis
1598 2130 1639 2160 de
1656 2130 1802 2168 I‘iperno
1823 2130 1957 2163 notarii,
1973 2129 2063 2168 quod
2080 2138 2141 2159 nos
2157 2130 2249 2160 olim.
2269 2139 2345 2161 con—

1332 2183 1553 2221 templatione
1570 2182 1775 2212 venerabilis
1792 2183 1908 2212 fratris
1927 2183 2034 2212 nostri
2050 2208 2054 2212 .
2074 2206 2079 2210 .
2100 2183 2251 2221 episcopi
2273 2183 2344 2213 Tri-

1334 2236 1487 2276 politani,
1508 2259 1513 2264 .
1532 2260 1538 2266 .
1554 2235 1836 2274 archipresbitero
1852 2235 1993 2266 ecclesie
2010 2244 2036 2265 s.
2053 2235 2158 2265 Marie
2175 2235 2215 2266 de
2230 2235 2344 2267 Valle-

1332 2289 1514 2325 montonis,
1542 2289 1680 2328 Signine
1708 2289 1865 2321 diocesis,
1884 2291 1914 2318 et
1943 2288 2004 2318 tibi
2037 2289 2164 2318 nostris
2189 2289 2346 2320 dedimus

1332 2342 1456 2373 litteris
1475 2343 1508 2372 in
1531 2343 1699 2372 mandatis
1727 2344 1763 2372 ut
1786 2350 1846 2372 vos
1873 2342 1923 2372 vel
1951 2341 2036 2372 alter
2060 2343 2210 2372 vestrum
2232 2342 2345 2381 ipsum

1333 2396 1365 2425 in
1382 2395 1525 2426 ecclesia
1548 2406 1575 2425 s.
1596 2395 1701 2426 Marte
1719 2395 1759 2425 de
1781 2395 1941 2434 piperno,
1960 2395 2218 2425 'terracinensis
2238 2395 2346 2426 dioce-

1332 2448 1392 2484 sis,
1406 2449 1603 2479 auctoritate
1622 2450 1737 2478 nostra
1754 2448 1857 2487 recipi
1876 2447 2031 2478 faceretis
2050 2447 2082 2477 in
2099 2447 2297 2478 canonicum
2312 2450 2345 2479 et

1333 2501 1367 2531 in
1382 2501 1520 2532 fratrem
1537 2510 1574 2532 ac
1590 2502 1630 2532 de
1649 2501 1830 2540 prebenda,
1846 2501 1874 2530 si
1890 2509 1955 2540 qua
1972 2501 2004 2530 in
2023 2501 2096 2539 ipsa
2108 2500 2252 2531 ecclesia
2265 2503 2345 2532 tunc

1331 2553 1469 2584 vacabat
1489 2555 1541 2585 vel
1573 2554 1823 2593 quamprimum
1850 2553 1891 2584 ad
1915 2553 1949 2583 id
1974 2562 2010 2584 se
2032 2553 2175 2583 facultas
2196 2554 2342 2590 offerret,

1331 2607 1554 2646 provideretis
1592 2607 1715 2638 eidem.
1749 2608 1876 2638 Verum
1905 2606 2023 2637 eodem
2059 2606 2344 2646 archipresbitero

1332 2661 1563 2691 committente
1588 2660 1652 2691 tibi
1672 2668 1774 2699 super
1799 2659 1860 2690 hoc
1876 2659 2027 2690 totaliter
2042 2660 2133 2689 vices
2151 2667 2243 2696 suas,
2261 2661 2298 2690 tu
2310 2683 2318 2690 .
2334 2682 2342 2688 .

1332 2713 1615 2752 archipresbitero
1631 2715 1662 2744 et
1678 2713 1827 2752 capitulo
1844 2713 1954 2751 ipsius
1971 2712 2111 2743 ecclesie
2130 2720 2156 2742 s.
2178 2712 2286 2743 Marie
2302 2712 2343 2744 de

1333 2766 1480 2805 piperno
1506 2767 1687 2802 mandasti,
1707 2766 1906 2797 auctoritate
1927 2765 2121 2804 hujusmodi
2138 2765 2340 2802 litterarum,

1331 2822 1365 2849 ut
1383 2819 1551 2858 prefatum
1578 2819 1739 2850 clericum
1762 2819 1950 2857 reciperent
1975 2818 2008 2848 in
2032 2818 2230 2848 canonicum
2258 2818 2342 2849 etin

1332 2872 1480 2902 fratrem.
1507 2872 1613 2903 Porro
1637 2872 1737 2902 dictis
1760 2871 2044 2910 archipresbitero
2071 2873 2101 2901 et
2125 2870 2273 2909 capitulo
2290 2879 2341 2902 co-

1332 2934 1402 2955 ram
1422 2926 1454 2955 te
1483 2925 1682 2964 excipiendo
1701 2924 1966 2964 proponentibus
1985 2923 2074 2963 quod
2096 2923 2274 2954 facultates
2291 2924 2339 2963 ip-
