2519 3262
1060 171 1299 210 TROISIEME
1318 172 1483 209 ANNEE.
2271 188 2312 217 95

226 267 343 297 eodem
371 266 527 305 episcopo
551 266 608 304 qui
637 265 708 295 vice
735 274 796 295 sua
813 265 844 294 et
861 264 970 303 ipsius
994 263 1177 293 cardinalis
1197 262 1237 292 de

226 319 465 359 appellationis
489 328 592 349 causa
609 317 831 358 cognoscebat
854 317 983 351 eadem,
1001 317 1032 345 et
1049 315 1108 345 lite
1126 323 1239 345 coram

226 381 263 404 eo
281 373 431 412 legitime
458 373 644 402 contestata
663 372 694 401 et
712 371 751 401 de
772 370 914 400 veritate
932 369 1071 399 dicenda
1096 368 1239 407 prestito

226 434 245 456 a
267 425 422 464 partibus
444 425 649 464 juramento,
675 423 841 461 factisque
872 421 1101 460 positionibus
1120 423 1151 451 et
1172 429 1239 450 res-

226 478 452 517 ponsionibus
471 478 513 508 ad
531 478 666 508 easdem
688 478 720 506 et
742 475 898 506 formatis
918 474 1082 510 articulis,
1103 474 1238 503 demum

226 533 341 570 partes
365 531 450 570 ipse,
471 531 623 561 volentes
650 530 757 559 vitare
792 528 981 566 litigiorum
1010 527 1181 557 anfractus
1204 535 1240 556 ac

225 585 316 614 viam
331 584 425 623 pacis
444 585 476 614 et
497 582 672 613 concordie
688 582 944 620 amplectentes,
962 581 994 610 in
1011 580 1154 610 eundem
1171 588 1239 609 car-

226 637 387 672 dinalem,
396 638 569 675 tamquam
581 635 614 665 in
622 634 801 667 arbitrum,
812 634 1063 669 arbitratorem‚
1072 633 1240 663 ordinato-

226 699 309 726 rem,
323 689 544 719 diffinitorem
561 689 593 718 et
609 687 825 718 amicabilem
841 687 1116 725 compositorem,
1129 686 1194 716 alte
1209 686 1241 715 et

226 742 337 777 basse,
349 751 449 781 super
462 742 578 772 eadem
591 740 832 780 appellationis
849 749 950 770 causa
965 739 1240 778 compromittere

227 799 440 834 curaverunt,
461 797 500 827 de
525 796 644 827 stando
663 795 816 832 arbitrio,
839 795 1035 825 diffinitioni
1058 796 1089 824 et
1108 794 1240 824 ordina-

224 851 309 881 tioni
328 850 472 889 predicti
497 849 681 880 cardinalis
709 850 741 879 et
760 849 799 879 de
817 857 883 879 non
906 848 1142 887 prosequendo
1159 847 1240 877 ulte-

224 904 297 934 rius
312 912 451 934 causam
469 902 710 941 appellationis
726 902 888 941 predicte,
900 902 953 931 cui
968 902 1082 940 partes
1099 901 1170 939 ipse
1188 909 1239 930 co-

224 965 298 987 ram
327 957 443 987 eodem
470 955 633 986 cardinali
660 955 730 994 jam
756 955 1043 991 renuntiaverant,
1072 953 1240 992 corporali

224 1009 368 1049 prestito
391 1009 594 1048 juramento.
621 1008 799 1039 Predictus
829 1009 941 1038 autem
972 1007 1167 1043 cardinalis,
1190 1015 1240 1037 re-

225 1064 321 1101 cepto
345 1062 539 1101 hujusmodi
569 1061 815 1100 compromisso
835 1062 866 1091 et
888 1069 905 1090 a
922 1060 1020 1090 nobis
1036 1060 1075 1090 de
1099 1059 1240 1090 arbitrio

226 1124 286 1146 seu
304 1116 344 1146 de
368 1115 579 1146 ordinatione
602 1114 815 1154 proferendis
834 1114 972 1144 licentia
990 1114 1021 1144 et
1042 1113 1239 1144 auctoritate

225 1169 384 1206 obtentis,
405 1169 444 1199 de
465 1168 664 1198 auctoritate
689 1169 720 1198 et
748 1167 887 1197 licentia
917 1167 1124 1206 hujusmodi,
1153 1166 1240 1197 ordi-

224 1222 347 1257 nando,
365 1221 572 1258 arbitrando,
588 1221 765 1252 statuendo
785 1222 816 1251 et
835 1220 1034 1250 diffiniendo
1053 1220 1239 1259 predictam

224 1275 442 1306 diffinitivam
469 1275 673 1305 sententiam
696 1283 797 1313 quam
823 1282 883 1312 pro
907 1275 939 1304 te
965 1273 1100 1308 tulerat,
1123 1274 1240 1303 confir-

224 1329 341 1363 mavit,
360 1330 403 1365 et,
423 1337 489 1359 non
505 1328 658 1359 obstante
675 1327 902 1366 appellatione
919 1327 1081 1366 predicta,
1102 1327 1240 1357 manda-

223 1382 273 1412 vit
296 1390 370 1412 eam
388 1391 406 1412 a
423 1381 585 1420 predictis
602 1380 769 1420 partibus,
790 1380 852 1410 sub
870 1379 983 1410 debito
1000 1380 1134 1419 prestiti
1149 1381 1239 1419 jura-

225 1435 341 1469 menti,
361 1435 426 1465 nisi
450 1435 561 1473 quoad
586 1435 716 1464 fructus
735 1435 912 1472 perceptos
930 1442 972 1463 ex
993 1433 1144 1472 predicta
1167 1442 1240 1472 pre-

225 1488 346 1525 benda,
359 1489 398 1518 ad
414 1496 558 1526 quorum
574 1487 825 1518 restitutionem
844 1486 971 1516 dictum
985 1486 1160 1517 Albertum
1179 1486 1239 1517 tibi

225 1542 543 1580 condempnaverat,
576 1540 822 1570 inviolabiliter
857 1539 1043 1573 observari,
1073 1541 1172 1578 prout
1206 1540 1239 1570 in

226 1595 454 1626 instrumento
483 1593 619 1633 publico
651 1593 727 1623 inde
758 1593 922 1630 confecto,
949 1593 1098 1632 sigillato
1125 1593 1239 1632 sigillo

226 1649 305 1679 dicti
333 1647 528 1684 cardinalis,
549 1647 685 1686 plenius
704 1646 905 1676 continetur.
935 1647 1006 1676 Nos
1027 1646 1152 1685 itaque,
1171 1647 1239 1677 tuis

227 1701 533 1741 supplicationibus
556 1700 722 1733 inclinati,
746 1699 835 1738 quod
861 1707 963 1738 super
987 1699 1167 1738 premissis
1199 1699 1240 1730 ab

226 1755 344 1786 eodem
354 1754 518 1785 cardinali
533 1753 658 1783 factum
671 1754 733 1790 est,
745 1754 856 1782 ratum
871 1754 903 1782 et
917 1752 1053 1782 firmum
1065 1752 1238 1788 habentes,

226 1809 261 1839 id
291 1807 490 1838 auctoritate
524 1806 710 1845 apostolica
743 1805 983 1835 confirmamus
1011 1807 1042 1836 et
1070 1806 1240 1844 presentis

226 1862 346 1901 scripti
362 1860 550 1900 patrocinio
574 1860 836 1896 communimus,
856 1861 991 1890 tenores
1010 1859 1239 1898 predictorum

224 1915 530 1945 instrumentorum
566 1913 606 1944 de
640 1912 742 1943 verbo
778 1913 819 1942 ad
854 1912 994 1942 verbum
1024 1912 1240 1951 presentibus

227 1968 333 1998 inseri
352 1968 527 1998 facientes.

265 2022 378 2053 Tenor
411 2020 630 2051 instrumenti
666 2019 816 2058 predicte
857 2019 1039 2049 diffinitive
1075 2019 1240 2050 sententie

225 2076 305 2107 talis
321 2076 372 2105 est
391 2085 396 2105 :

267 2139 282 2158 «
298 2129 337 2159 In
362 2128 498 2158 nomine
516 2127 654 2157 Domini
673 2134 782 2156 amen.
803 2126 893 2157 Olim
914 2127 1053 2156 vacante
1069 2126 1240 2165 prebenda
1270 2157 1271 2164 ἵ

225 2182 260 2213 in
275 2181 418 2213 ecclesia
432 2181 538 2211 sancti
560 2180 721 2219 Stephani
736 2180 770 2209 in
793 2179 907 2210 Brolio
925 2179 1241 2219 Mediolanensiper

224 2237 369 2266 mortem
385 2234 579 2274 presbyteri
590 2233 729 2270 Oldrici,
742 2233 911 2272 quondam
926 2233 1012 2263 dicte
1031 2233 1172 2264 ecclesie
1188 2243 1239 2264 ca-

222 2289 346 2324 nonici,
374 2290 512 2327 ortaque
539 2287 627 2318 inter
649 2286 835 2318 Riboldum
861 2286 989 2316 dictum
1013 2286 1182 2322 illm-enam,
1199 2287 1239 2318 de

223 2342 363 2379 Merate,
383 2343 415 2372 et
432 2341 611 2371 Albertum
627 2341 667 2370 de
685 2340 865 2376 Buxinate,
887 2339 1097 2370 ordinarium
1116 2340 1241 2370 Medio-

225 2395 377 2425 lanensis
404 2394 557 2430 ecclesie,
578 2394 665 2424 dicte
689 2393 831 2423 ecclesie
848 2393 955 2423 sancti
969 2393 1129 2432 Stephani
1146 2402 1241 2424 cano—

226 2448 485 2482 nicos,materia
502 2447 702 2486 questionis,
715 2447 793 2477 licet
813 2456 872 2485 per
890 2447 1153 2485 appellationem
1165 2456 1240 2486 pro-

225 2502 408 2541 poneretur
418 2500 590 2540 negotium
606 2501 647 2530 ad
657 2500 772 2530 sedem
790 2500 1012 2538 apostolicam
1030 2501 1239 2538 devolutum,

224 2556 338 2585 tamen
365 2554 451 2584 bone
474 2553 636 2583 nie-morie
657 2553 813 2583 dominus
840 2553 1032 2584 Alexander
1066 2563 1153 2593 papa
1175 2555 1241 2584 IIII

227 2607 459 2647 supradictum
473 2606 651 2637 Albertum
672 2606 729 2644 qui
753 2606 877 2636 dictam
896 2606 1100 2645 prebendam
1117 2616 1159 2637 ex
1177 2607 1242 2638 col-

227 2661 354 2692 latione
373 2659 513 2699 capituli
532 2659 642 2698 ipsius
655 2659 795 2689 ecclesie
811 2659 918 2690 sancti
937 2659 1098 2698 Stephani
1114 2660 1240 2691 detine-

227 2714 295 2751 bat,
310 2713 538 2753 peremptorie
550 2712 647 2743 citari
662 2711 741 2742 fecit
756 2712 792 2742 ut
810 2711 899 2742 infra
917 2713 1045 2743 certum
1056 2713 1241 2744 terminum

227 2776 288 2807 per
308 2776 343 2798 se
364 2767 417 2797 vel
442 2775 502 2806 per
526 2766 779 2804 procuratorem
803 2765 972 2803 ydoneum
993 2766 1178 2804 apostolico
1206 2775 1241 2797 se

228 2820 423 2859 conspectui
436 2819 658 2858 presentaret,
674 2819 873 2856 recepturus
887 2827 987 2856 super
999 2818 1059 2849 hoc
1071 2819 1241 2859 (1110111118-

227 2874 305 2905 titia
322 2873 491 2904 suaderet.
512 2870 794 2911 Comparentibus
812 2870 914 2910 igitur
934 2871 1023 2902 dicto
1043 2872 1188 2904 Riboldo
1207 2873 1242 2903 in

1301 263 1393 292 curia
1410 272 1470 301 pro
1491 272 1537 297 se,
1561 264 1762 295 01.10111111110
1784 266 1951 300 Ferrario,
1977 268 2136 297 canonico
2164 270 2202 298 de
2229 272 2310 299 11111-

1300 316 1466 354 gonzolla,
1488 319 1705 355 procuratore
1723 318 1802 347 dicti
1820 318 1965 355 Alberti,
1982 329 2041 358 pro
2063 321 2136 359 ipso
2160 322 2308 355 ,11110110Ἴ

1300 369 1445 398 1011111110
1462 369 1644 408 assignato,
1665 370 1822 400 dominus
1841 373 1953 401 noster
1970 372 2126 403 Urbanus
2144 383 2227 412 papa
2246 375 2312 405 llll

1301 421 1484 452 discretum
1506 422 1616 452 virum
1641 423 1842 461 magistrum
1865 424 2065 463 (ssiregorium
2090 426 2129 455 de
2157 427 2309 465 Neapoli,

1301 475 1513 512 capellanum
1540 484 1650 511 suum,
1681 476 1714 505 in
1742 477 1832 506 dicta
1853 486 1954 507 cansa
1973 479 2135 508 concessit
2160 479 2312 517 partibus

1302 527 1503 562 auditorem,
1526 537 1639 558 coram
1668 538 1733 567 quo
1758 530 1867 559 dictus
1889 530 2056 561 Riboldus
2080 531 2233 561 libellum
2259 533 2313 561 (111-

1300 580 1379 610 tulit
1398 581 1432 610 in
1448 581 1534 610 hunc
1553 582 1689 611 modum
1710 593 1715 611 :

1343 644 1356 662 (1
1382 633 1503 664 Coram
1530 634 1639 670 vobis,
1667 635 1804 665 domino
1827 636 1988 675 Gregorio
2019 637 2058 667 110
2080 638 2235 676 Neapoli.
2257 639 2312 668 do-

1304 695 1318 714 1)
1335 686 1419 716 1111111
1450 695 1535 725 pape
1563 687 1749 725 capellanO‚
1776 688 1932 726 partibus
1967 689 2118 719 auditore
2153 699 2312 721 concesso

1302 748 1319 768 ))
1337 748 1373 769 ac
1391 748 1569 770 causarum
1587 740 1715 770 domini
1733 749 1816 779 pape
1834 742 1987 772 auditore
2006 743 2165 781 generali,
2183 743 2261 773 dicit
2282 746 2313 773 et

1303 803 1318 821 11
1335 793 1493 831 proponit
1509 793 1677 823 Riboldus
1696 794 1834 823 Morena
1852 795 1891 824 de
1913 796 2052 831 Α11011110,
2067 796 2247 826 eanonicus
2264 805 2313 826 cc-

1301 854 1318 874 »
1337 846 1439 876 clesie
1459 846 1565 876 sancti
1580 846 1740 885 Stephani
1756 847 1788 876 in
1801 847 1913 877 Brolio
1927 848 2184 881 Mediolanensi,
2199 851 2314 879 contra

1303 908 1317 927 11
1336 899 1514 929 Albertum
1530 900 1569 929 de
1587 900 1764 936 Euxinum,
1781 901 1988 931 ordinarium
2002 902 2142 931 ecclesie
2157 902 2315 933 Mediola-

1303 962 1317 981 )1
1335 953 1462 986 nensis,
1483 953 1513 982 et
1537 953 1608 991 ejus
1634 953 1818 992 quemlibet
1844 956 2096 992 procuratorem
2125 955 2211 993 quod
2242 955 2313 992 ipse

1302 1014 1317 1033 ›)
1338 1005 1505 1036 Biboldus
1530 1006 1669 1036 Morena
1697 1007 1778 1036 olim
1803 1006 1843 1036 ab
1868 1007 2053 1045 apostoliea
2079 1008 2157 1037 sede
2183 1008 2314 1037 litteras

1304 1070 1317 1088 1)
1336 1068 1437 1098 super
1453 1068 1513 1089 sua
1537 1060 1728 1099 receptione
1750 1062 1781 1090 et
1801 1061 1994 1099 provisione
2021 1061 2054 1090 in
2075 1061 2188 1100 aliqua
2211 1062 2312 1091 eecle-

1303 1123 1317 1142 1)
1337 1113 1465 1143 siarum
1489 1113 1637 1143 civitatis
1667 1114 1720 1143 vel
1748 1114 1893 1143 diocesis
1923 1115 2187 1144 Mediolanensis
2216 1115 2254 1144 ad
2280 1139 2309 1145 ..

1302 1175 1318 1195 »
1336 1167 1547 1205 prepositum
1564 1167 1704 1197 ecclesie
1722 1168 1829 1197 sancti
1845 1167 2018 1197 Ambrosii
2037 1168 2312 1205 Δ1101111111111011510,

1304 1230 1317 1248 11
1337 1219 1494 1255 obtinuit,
1514 1228 1657 1258 quarum
1680 1220 1878 1250 auctoritate
1902 1220 1990 1250 idem
2020 1221 2215 1259 prepositus
2241 1230 2313 1259 pre-

1301 1282 1318 1302 »
1334 1273 1477 1303 bendam
1497 1282 1560 1312 (1110
1576 1273 1611 1302 111
1624 1273 1713 1303 (111-111
1730 1273 1872 1303 ecclesia
1887 1274 1992 1303 sancti
2005 1274 2163 1312 Stephani
2184 1274 2314 1303 vacavit

1301 1335 1396 1365 »per
1417 1327 1559 1356 mortem
1582 1326 1774 1365 presbyteri
1801 1326 1940 1362 Oldrici‚
1971 1327 2138 1366 quondam
2163 1327 2315 1357 canonici

1302 1389 1318 1409 »
1338 1380 1447 1418 ipsius
1470 1380 1623 1415 ecclesie,
1644 1380 1797 1416 contuht,
1826 1380 2005 1418 ipsumque
2027 1380 2066 1409 de
2091 1389 2128 1410 ea
2153 1380 2313 1410 investire

1303 1444 1317 1462 11
1336 1433 1477 1469 curavit,
1502 1434 1533 1463 et
1554 1433 1587 1462 in
1611 1433 1683 1472 ejus
1704 1433 1957 1471 possessionem
1985 1442 2061 1463 011111
2084 1433 2161 1463 feeit
2188 1433 2312 1471 induci,

1302 1496 1317 1515 11
1337 1495 1373 1516 ac
1396 1495 1473 1516 011111
1498 1486 1575 1516 fecit.
1594 1495 1611 1515 a
1628 1486 1777 1524 capitulo
1803 1486 1874 1515 sive
1896 1486 2066 1516 canonicis
2096 1486 2246 1525 ejusdem
2265 1495 2313 1515 ec-

1302 1550 1316 1568 »
1335 1539 1436 1569 clesie
1455 1539 1488 1568 in
1506 1539 1703 1569 canonicum
1724 1541 1755 1569 et
1774 1540 1807 1568 111
1829 1539 1967 1569 tratrem
1989 1539 2092 1577 recipi
2111 1542 2141 1569 et
2166 1539 2310 1569 admitti.

1300 1601 1317 1621 ›)
1335 1593 1399 1623 Sed
1424 1592 1577 1631 prefatus
1602 1592 1763 1622 Albertus
1791 1592 1931 1622 eandem
1959 1592 2162 1630 prebendam
2194 1592 2311 1622 illicite

1301 1654 1318 1675 )>
1336 1645 1511 1684 occupavit
1534 1654 1570 1675 ac
1591 1645 1718 1675 detinet
1739 1646 1854 1675 contra
1869 1645 2037 1683 justitiam
2064 1647 2259 1683 occupatam
2282 1647 2312 1675 et

1303 1710 1317 1727 1)
1338 1700 1467 1729 fructus
1490 1708 1526 1729 ac
1550 1701 1733 1737 proventus
1752 1699 1897 1737 percipit
1922 1707 1963 1728 ex
1987 1699 2114 1735 eadem,
2144 1699 2175 1728 in
2204 1699 2312 1736 ipsius

1303 1763 1317 1781 11
1333 1753 1374 1782 R.
1392 1752 1616 1790 prejudicium
1640 1753 1671 1782 et
1690 1761 1881 1791 gravamen.
1903 1752 2025 1788 Quare,
2048 1761 2122 1781 cum
2143 1752 2217 1790 ipsa
2240 1761 2312 1790 pre-

1303 1816 1317 1834 11
1335 1805 1445 1835 benda
1463 1806 1503 1835 ad
1526 1805 1669 1835 eundem
1688 1806 1727 1835 R.
1746 1805 1941 1835 dinoscatur
1961 1805 2145 1843 apostolica
2171 1805 2313 1834 auctori·

1301 1867 1318 1888 »
1337 1860 1404 1889 tate
1420 1860 1583 1897 spectare,
1600 1858 1684 1897 petit
1701 1858 1773 1897 ipse
1790 1859 1831 1888 11.
1850 1858 2065 1888 collationem
2086 1859 2117 1888 et
2139 1858 2314 1887 investitu-

1301 1920 1318 1941 ))
1338 1921 1409 1942 ram
1427 1920 1463 1942 ac
1478 1911 1706 1941 inductionem
1720 1911 1906 1949 premissas
1920 1910 2112 1949 approbari,
2128 1913 2157 1941 et
2174 1911 2314 1941 eandem

1302 1974 1319 1994 »
1336 1965 1554 2004 prebendam,
1578 1974 1653 1994 011111
1678 1964 1813 2004 juribus
1841 1966 1872 1994 et
1900 1964 2115 2003 pertinentiis
2139 1964 2222 1998 suis,
2249 1964 2314 1994 sibi

1304 2028 1318 2047 1)
1339 2018 1537 2058 adjudicari,
1557 2020 1589 2048 et
1616 2018 1657 2048 ad
1684 2018 1797 2057 ipsum
1822 2018 1991 2056 pertinere
2021 2026 2080 2056 per
2112 2018 2314 2047 sententiam

1302 2081 1319 2101 ))
1338 2072 1515 2108 declarari,
1535 2071 1730 2110 dictumque
1752 2070 1930 2101 Albertum
1947 2070 1987 2100 ab
2006 2080 2044 2101 ea
2064 2070 2201 2108 penitus
2226 2079 2315 2100 amo-

1302 2135 1318 2155 »
1336 2126 1407 2156 veri
1426 2126 1457 2155 et
1475 2125 1587 2164 ipsum
1605 2125 1646 2155 ad
1664 2125 1910 2155 restituendam
1930 2126 1961 2154 et
1980 2124 2215 2154 dimittendam
2239 2132 2314 2153 ean-

1303 2190 1317 2207 11
1338 2179 1413 2209 dem
1450 2178 1672 2218 prehendam,
1703 2187 1778 2208 cum
1815 2177 1981 2207 fructibus
2017 2177 2128 2207 medio
2165 2179 2314 2215 tempore

1301 2241 1318 2262 ))
1336 2232 1518 2271 perceptis,
1536 2232 1565 2262 si
1593 2233 1719 2268 extant,
1741 2231 1793 2261 vel
1813 2231 1842 2260 si
1865 2239 1931 2260 non
1954 2231 2067 2260 extant
2093 2238 2208 2259 eorum
2231 2230 2315 2260 exti-

1304 2296 1318 2315 11
1335 2286 1536 2322 mationem,
1572 2294 1673 2324 quani
1705 2284 1783 2315 facit
1818 2283 1981 2314 librarum
2014 2284 2148 2313 centuni
2182 2285 2314 2313 monete

1302 2347 1319 2369 1)
1334 2337 1611 2375 Mediolanensis,
1633 2337 1788 2376 compelli
1812 2338 1844 2367 et
1865 2336 2112 2366 sententialiter
2137 2336 2315 2374 condemp-

1304 2402 1318 2421 1)
1337 2393 1422 2428 nari,
1443 2401 1480 2422 ac
1499 2391 1563 2421 sibi
1578 2399 1679 2429 super
1704 2391 1776 2429 ipsa
1797 2389 1967 2428 prebenda
1989 2390 2189 2427 perpetuum
2215 2389 2315 2418 silen-

1302 2455 1319 2476 ))
1336 2446 1421 2476 tium
1440 2445 1580 2484 imponi.
1605 2445 1646 2474 Et
1668 2444 1726 2474 hec
1755 2443 1867 2473 omnia
1893 2443 1976 2481 petit
2001 2451 2076 2473 cum
2104 2442 2259 2480 dampnis
2283 2443 2315 2472 et

1306 2510 1319 2528 11
1337 2499 1498 2538 expensis
1528 2497 1692 2537 legitimis
1722 2505 1785 2536 que
1817 2498 1847 2527 et
1873 2504 1957 2535 quas
1983 2496 2124 2526 extimat
2151 2495 2313 2525 librarum

1306 2564 1319 2582 »
1339 2552 1585 2592 quinquaginta
1602 2552 1735 2581 monete
1754 2549 2032 2584 Mediolanensis,
2056 2551 2087 2579 et
2108 2550 2314 2587 protestatur

1305 2617 1319 2635 »
1340 2606 1473 2636 futuras
1502 2613 1671 2643 expensas
1700 2612 1795 2643 quas,
1817 2612 1892 2633 cum
1923 2602 2089 2638 debuerit,
2114 2601 2312 2637 declarabit,

1305 2670 1319 2689 ›)
1337 2660 1431 2690 salvo
1445 2659 1520 2698 jure
1537 2660 1598 2688 etc.
1620 2668 1634 2687 1)

1343 2723 1360 2744 1(
1390 2712 1463 2743 Lite
1495 2712 1598 2751 igitur
1627 2719 1729 2750 super
1761 2709 1929 2749 premisso
1958 2708 2075 2739 libello
2109 2708 2195 2738 inter
2222 2708 2313 2746 ipsas

1302 2768 1416 2806 partes
1434 2765 1584 2805 legitime
1607 2765 1793 2795 contestata
1819 2763 2028 2802 prestitoque
2046 2761 2086 2791 de.
2105 2761 2244 2791 veritate
2265 2761 2313 2790 111-

1304 2820 1408 2851 cenda
1435 2828 1454 2849 a
1478 2818 1633 2858 partibus
1661 2817 1864 2856 juramento,
1895 2815 1993 2846 factis
2021 2815 2098 2844 hinc
2124 2814 2200 2843 111111·
2226 2813 2313 2852 posi-

1303 2872 1455 2904 tionibus
1486 2874 1518 2903 et
1554 2870 1745 2902 subsecutis
1777 2868 2057 2909 responsionibus
2089 2867 2127 2897 ad
2163 2867 2310 2903 easdem,
