2519 3262
106 225 163 254 118

104 309 179 347 ipso
197 309 229 338 et
254 307 468 346 postmodum
486 308 661 345 expectata
685 306 813 336 diutius
833 315 869 336 ac
890 307 923 337 in
943 307 1115 338 audientia
1142 340 1144 342 ,

104 360 239 400 publica
256 369 334 399 sepe
351 360 461 396 citata,
477 369 536 398 per
551 368 586 390 se
606 359 657 389 vel
676 367 735 398 per
757 360 924 398 ydoneum
941 369 1115 399 responsa·

104 413 171 444 lem
196 422 389 452 comparere
409 421 520 443 coram
549 413 666 443 eodem
692 413 848 452 episcopo
873 414 1116 444 contumaciter

104 475 170 497 non
186 467 326 501 curavit,
345 466 432 496 idem
449 465 640 504 episeopus,
659 465 785 495 auditis
801 467 832 496 et
852 466 1034 497 intellectis
1051 475 1115 506 que

857 222 1101 254 REGISTRES
1133 223 1349 255 D'URBAIN
1381 224 1438 254 iv.

1217 318 1231 337 «
1253 333 1277 338 ..
1298 308 1440 348 episeopo
1472 306 1684 337 Londoniensz'.
1716 307 1883 345 Exposuit
1917 305 2015 336 nobis
2045 306 2190 336 dilectus

1176 361 1268 391 tilius
1303 361 1561 395 zartlioiomeus,
1586 361 1686 390 natus
1703 359 1830 390 nobilis
1848 359 1912 389 viri
1930 359 2081 390 Adinulfi
2101 359 2191 389 mili-

1176 415 1221 445 tis
1257 415 1444 453 Anagnini,
1478 415 1752 453 consanguineus
1789 412 1903 442 dilecti
1940 412 2002 442 filii
2036 412 2193 451 magistri

105 520 177 558 ipse
192 520 230 549 G.
244 527 431 558 proponere
445 519 562 552 voluit,
578 527 615 548 ac
627 518 712 548 visis
725 518 861 558 juribus
877 520 950 550 suis
967 521 998 550 et
1018 520 1116 559 plene

105 572 271 602 discussis
289 573 405 611 eisque
423 571 520 601 nobis
538 571 684 602 fideliter
705 572 866 606 recitatis,
889 573 962 612 ipso
983 582 1115 612 quoque

104 626 272 664 presente,
292 634 329 655 ac
345 626 439 664 parte
464 625 569 655 altera
587 633 623 655 se
649 633 708 665 per
731 624 924 664 hujusmodi
945 628 1115 657 contuma-
1144 619 1145 633 ἢ

105 679 191 709 ciam
209 677 416 712 absentante,
439 678 478 708 de
497 678 637 716 speciali
657 679 813 709 mandato
832 680 947 710 nostro
965 679 1116 710 diffiniti—

104 740 181 761 vam
200 740 258 770 pro
284 731 356 770 ipso
375 731 414 761 Gr.
438 732 642 761 sententiam
670 732 910 771 promulgavit,
941 733 1116 763 declarans

105 785 239 815 eosdem
260 784 418 822 priorem,
439 785 666 823 suppriorem,
686 785 911 821 cellerarium,
938 786 1116 816 sacristam

106 839 137 868 et
159 838 374 874 conventum,
397 846 482 876 quos
501 837 603 868 etiam
624 838 793 876 reputavit
818 838 907 869 idem
937 840 1116 878 episcopus

106 892 331 927 contumaces,
358 891 519 929 predictis
543 892 905 923 excomimmicationis
924 895 953 922 et
976 902 1116 932 suspen-

107 944 213 974 sionis
233 944 411 974 sententiis
429 943 564 983 ligatOS,
591 953 627 974 ac
658 944 751 983 ipsos
777 954 795 974 a
823 945 1055 984 spiritualium
1085 947 1117 976 et

106 997 346 1036 temporalium
357 997 652 1028 administratione
669 999 891 1037 suspendens,
904 1008 961 1029 eos
974 999 1040 1029 sibi
1057 1008 1116 1038 pro

106 1050 266 1089 expensis
280 1050 314 1080 in
333 1050 391 1080 lite
410 1049 521 1086 factis,
540 1050 575 1080 111
596 1052 686 1081 certa
704 1059 837 1081 summa
854 1052 1006 1091 pecunie,
1024 1054 1118 1082 taxa-

108 1103 198 1134 tione
215 1103 388 1142 prehabita
404 1105 434 1133 et
447 1103 639 1142 juramento
655 1103 696 1134 ab
715 1105 788 1144 ipso
805 1106 959 1143 prestito,
979 1106 1117 1136 nichilo-

106 1157 219 1186 minus
238 1156 507 1196 condempnavit.
525 1157 697 1187 Mandavit
714 1158 815 1188 etiam
835 1158 923 1188 idem
939 1159 1118 1198 episcopus

107 1210 242 1240 easdem
256 1209 492 1248 suspensionis
508 1211 539 1240 et
553 1211 914 1241 excomimmicationis
931 1213 1118 1243 sententias

107 1271 215 1301 usque
236 1263 277 1292 ad
297 1262 565 1293 satisfactionem
582 1263 782 1302 condignam
804 1266 873 1294 tam
894 1265 1118 1304 dampnorum

108 1324 209 1354 quam
233 1324 471 1355 expensarum,
492 1316 578 1346 sicut
600 1317 703 1347 etiam
722 1317 755 1346 in
771 1317 897 1348 litteris
920 1319 1118 1357 apostolicis

108 1369 308 1404 continetur,
327 1368 446 1399 diebus
462 1369 642 1400 dominicis
656 1371 687 1400 et
706 1370 850 1407 festivis,
867 1371 1013 1409 pulsatis
1032 1381 1118 1402 cam-

107 1422 204 1461 panis
236 1423 267 1452 et
292 1422 441 1452 candelis
470 1423 633 1456 accensis,
663 1423 697 1452 in
722 1423 806 1453 locis
835 1424 867 1453 in
889 1424 1012 1463 quibus
1034 1425 1119 1456 foret

107 1475 302 1514 expediens,
333 1475 567 1514 sollempniter
596 1475 774 1514 publicari,
803 1479 903 1515 prout
934 1478 966 1506 in
996 1478 1119 1508 instru-

107 1530 219 1558 mento
239 1528 372 1567 publico
392 1537 492 1567 super
512 1529 571 1558 boc
595 1529 758 1563 contecto,
777 1530 887 1568 ipsius
906 1531 1056 1570 episcopi
1076 1533 1118 1561 si-

107 1583 188 1621 gillo
206 1582 347 1616 munito,
360 1582 493 1620 plenius
508 1583 709 1612 continetur.
729 1583 799 1613 Nos
816 1584 940 1622 itaque,
954 1585 1061 1623 ipsius
1078 1586 1117 1616 G.

107 1635 412 1674 supplicationibus
439 1635 602 1672 inclinati,
629 1636 717 1675 quod
745 1636 785 1666 ab
815 1638 932 1667 eodem
962 1638 1119 1678 episcopo

109 1689 234 1719 factum
254 1690 304 1718 est
319 1689 353 1718 in
368 1688 428 1719 hac
444 1691 551 1727 parte,
568 1691 678 1719 ratum
695 1689 858 1720 habentes
875 1693 905 1721 et
923 1692 1072 1727 firmum,
1087 1693 1119 1722 id

108 1751 166 1780 per
184 1743 318 1772 nostras
333 1742 465 1772 litteras
481 1743 641 1773 duximus
657 1744 935 1775 confirmandum.
957 1746 1121 1780 Quocirca

109 1795 303 1825 discretioni
331 1797 441 1826 vestre
468 1804 526 1834 per
554 1796 737 1835 apostolica
765 1797 891 1836 scripta
920 1799 1120 1830 mandamus

110 1848 269 1886 quatinus
286 1857 346 1878 vos
365 1849 417 1879 vel
436 1849 519 1879 alter
539 1851 688 1880 vestrum
705 1859 901 1888 processum
925 1852 1120 1891 hujusmodi

110 1901 231 1940 prefati
260 1902 409 1940 episcopi
441 1903 640 1933 auctoritate
670 1906 784 1934 nostra
813 1913 872 1942 per
896 1914 955 1935 vos
985 1907 1038 1936 vel
1063 1916 1122 1945 per

111 1954 216 1984 alium
235 1956 291 1985 aut
309 1955 395 1985 alios
418 1955 608 1985 executioni
630 1956 741 1986 debite
759 1957 962 1988 demandare
983 1961 1119 1997 curetis,

1176 468 1326 498 Adinulfi
1346 467 1512 506 capellani
1531 465 1653 503 nostri,
1673 466 1783 495 rector
1802 465 1943 496 ecclesie
1963 465 2071 496 sancti
2089 465 2192 496 Geor·

1176 520 1223 559 gii
1249 521 1288 550 de
1310 520 1761 559 Bertlione-super-Tremte,
1782 518 2009 549 Eboracensis
2033 518 2192 555 diocesis,

1144 609 1145 616 ἵ
1177 573 1361 612 quod‚‹1aun
1374 574 1506 612 ..prior,
1519 575 1549 603 et
1561 573 1746 603 conventus
1758 571 1956 602 monasterii
1970 571 2010 602 de
2027 572 2190 607 Lentone,

111 2016 174 2037 non
194 2007 347 2037 obstante
372 2008 400 2037 si
424 2009 564 2047 prefatis
587 2010 692 2047 priori
717 2012 747 2040 et
771 2012 949 2041 conventui
973 2022 1122 2044 commu-
1151 2014 1153 2043 ζ

112 2061 199 2091 niter
215 2061 267 2091 vel
284 2061 435 2097 divisim,
451 2071 467 2091 a
483 2062 560 2091 sede
579 2063 765 2101 apostolica
783 2064 825 2094 sit
845 2064 1014 2095 indultum
1033 2068 1121 2105 quod

111 2114 279 2149 interdici,
292 2115 453 2152 suspendi
467 2115 518 2145 vel
531 2117 817 2146 excommunicari
836 2126 899 2147 uon
918 2120 1047 2156 possint
1064 2129 1122 2158 per
1152 2123 1153 2142 ³

111 2167 242 2198 litteras
257 2168 459 2206 apostolicas
474 2168 607 2207 plenam
623 2171 654 2199 et
669 2177 865 2208 expressam
882 2180 947 2202 non
960 2172 1121 2204 facientes

112 2221 151 2250 de
171 2221 300 2251 indulto
317 2221 511 2259 hujusmodi
527 2223 744 2259 mentionem,
760 2226 790 2255 et
805 2225 955 2263 qualibet
972 2226 1038 2256 alia
1051 2236 1123 2266 pre—

112 2274 178 2304 fate
204 2275 294 2304 sedis
313 2275 523 2314 indulgentia
550 2284 608 2314 per
627 2285 728 2315 quam
752 2277 946 2317 hujusmodi
968 2282 1122 2312 executio

112 2327 269 2365 impediri
287 2328 395 2358 valeat
411 2329 460 2358 vel
477 2329 616 2362 differri.
634 2332 664 2360 et
683 2330 722 2360 de
737 2331 846 2369 quain
863 2332 1123 2364 nostrislitteris

113 2381 239 2411 mentio
268 2381 340 2411 11011
375 2381 494 2412 debeat
524 2383 694 2421 specialis.
730 2384 1011 2422 Contradictores,
1045 2389 1121 2424 etc,

112 2441 219 2472 usque
252 2435 504 2473 compescendo.
545 2436 668 2467 Datum
705 2438 793 2476 apud
835 2438 1122 2476 t'rliemveterem,

113 2495 171 2515 xiii
194 2487 355 2517 kalendas
368 2488 528 2527 januarii.
547 2498 634 2521 anno
650 2491 760 2521 tertio.
781 2501 794 2519 11

208 2683 298 2713 1131
703 2685 826 2713 tii-vieto,
844 2688 878 2713 25
892 2689 959 2714 aaut
976 2687 1051 2715 tect.

152 2767 289 2802 Episcopo
305 2769 495 2797 Londouiensi
509 2772 625 2799 mandat
642 2773 750 2800 nuntiet
769 2774 1034 2803 excommunicatos
1051 2776 1125 2810 prio-

116 2825 177 2843 rem
193 2818 227 2844 de
254 2817 380 2844 Lentone
406 2821 433 2845 et
449 2819 588 2847 'fh-mmm
617 2822 650 2848 de
678 2822 774 2858 ltaley.
795 2824 872 2857 (111111.
902 2824 946 2854 29,
969 2824 1016 2850 t'ol.
1039 2826 1072 2851 75
1087 2832 1114 2851 ν’

116 2871 146 2892 n⁰
164 2866 236 2897 iso.)

1117 2847 1124 2859 5

1175 624 2193 664 Cluniacensisordinis,ejusdemdiocesis,ecclesiepredicte

1176 679 1321 718 patroni,
1348 679 1434 709 falso
1453 680 1566 718 ipsum
1581 674 1746 709 rectorem
1760 679 1932 708 mortuum
1949 677 2190 716 confingentes,

1177 733 1340 763 Thomam
1364 733 1403 763 de
1429 733 1548 771 Raley,
1568 732 1742 767 clericum,
1761 731 1965 761 familiarem
1985 729 2193 761 venerabilis

1177 787 1293 817 fratris
1307 786 1414 817 nostri
1428 785 1653 816 Eboracensis
1666 785 1924 824 archiepiscopi,
1936 784 1977 814 ad
1987 784 2128 814 eandem
2144 792 2195 814 ec-

1177 840 1592 878 clesiampresentassent,
1607 839 1718 869 dictus
1735 840 1845 868 rector
1855 838 1896 868 ad
1906 837 2068 868 dilectum
2084 837 2194 867 tilium

1178 893 1379 932 magistrum
1403 892 1591 922 Johannem
1615 891 1654 921 de
1678 891 1845 930 Anagnia,
1875 890 2089 929 capellanum
2115 897 2191 920 nos-

1177 948 1268 976 trum
1286 946 1320 976 in
1340 945 1463 985 Anglia
1483 946 1761 980 commorantem,
1783 946 1918 974 nostras
1934 952 2036 983 super
2057 943 2118 973 hoc
2131 941 2194 973 suh

1178 1001 1269 1029 certa
1286 999 1395 1029 forma
1414 999 1546 1029 litteras
1562 998 1768 1037 impetravit.
1787 998 1940 1036 Cumque
1960 997 2050 1027 idem
2069 996 2193 1035 magis-

1177 1054 1229 1083 ter
1245 1052 1416 1083 Johannes
1433 1052 1606 1082 nominato
1616 1051 1722 1090 priori
1739 1051 1951 1090 promittenti
1966 1050 2031 1080 sibi
2052 1049 2196 1080 tirmiter

1179 1106 1268 1144 quod
1282 1105 1477 1145 hujusmodi
1495 1106 1667 1144 negotium
1684 1104 1835 1143 propriis
1852 1103 2047 1142 sumptibus
2061 1103 2197 1142 expedi-

1179 1161 1241 1194 ret,
1254 1159 1364 1198 ipsum
1383 1159 1554 1198 negotium
1565 1158 1808 1194 commisisset,
1822 1159 1854 1187 et
1871 1157 2088 1195 postmodum
2106 1156 2197 1186 idem

1179 1213 1273 1252 prior
1286 1213 1400 1243 dicens
1418 1222 1453 1242 se
1470 1212 1557 1243 velle
1572 1212 1669 1250 juxta
1679 1211 1859 1250 apostolici
1876 1211 2026 1241 mandati
2043 1212 2197 1241 tenorem

1179 1266 1312 1297 tradere
1330 1266 1582 1305 possessionem
1602 1265 1689 1295 dicte
1705 1264 1846 1294 ecclesie
1862 1264 2032 1303 quondam
2049 1263 2200 1294 Bonoho-

1179 1319 1276 1356 mini,
1288 1319 1498 1358 procuratori
1513 1318 1633 1357 prefati
1651 1318 1804 1353 rectoris,
1816 1326 1882 1347 una
1897 1326 1973 1347 cum
1989 1317 2106 1347 eodem
2123 1325 2200 1356 pro-

1180 1374 1334 1403 curatore
1354 1373 1394 1403 ad
1421 1371 1598 1401 ecclesiam
1614 1371 1757 1401 accessit
1773 1370 1972 1409 predictam,
1989 1370 2128 1409 quidam
2149 1370 2198 1400 fa-

1180 1426 1265 1456 muli
1292 1428 1322 1456 et
1354 1425 1520 1455 satellites
1536 1424 1663 1455 Thome
1678 1423 1833 1463 predicti,
1852 1423 2039 1454 existentes
2057 1423 2198 1460 ibidem,

1181 1480 1404 1509 memoratum
1422 1479 1675 1516 procuratorem
1699 1477 1863 1507 nudatum
1882 1476 2036 1507 vestibus
2053 1477 2085 1507 et
2108 1477 2199 1507 litte-

1180 1533 1228 1562 ris
1255 1532 1453 1571 apostolicis
1479 1531 1663 1570 spoliatum
1688 1530 1722 1560 in
1740 1530 1915 1569 presentia
1943 1530 2025 1560 dicti
2058 1530 2198 1569 prioris,

1176 1586 1275 1625 juxta
1297 1585 1504 1616 cimiterium
1521 1584 1673 1623 ejusdem
1689 1583 1832 1614 ecclesie
1851 1583 2095 1614 miserabiliter
2112 1583 2198 1614 occi—

1180 1640 1312 1675 derunt,
1331 1641 1468 1678 propter
1481 1638 1571 1677 quod
1588 1638 1726 1668 eosdem
1742 1638 1890 1676 priorem
1907 1638 1937 1667 et
1961 1636 2124 1667 Thomam
2142 1645 2199 1676 pe-

1181 1692 1364 1730 remptorie
1384 1691 1479 1721 citari
1500 1699 1559 1729 per
1575 1690 1707 1721 litteras
1723 1691 1859 1720 nostras
1884 1690 2027 1720 fecimus
2049 1691 2086 1720 ut
2107 1690 2198 1720 certo

1181 1745 1326 1776 termino
1347 1744 1533 1783 apostolico
1555 1743 1751 1783 conspectui
1767 1752 1802 1774 se
1819 1742 2046 1782 personaliter
2062 1751 2199 1781 presen-

1182 1800 1303 1829 tarent.
1318 1799 1435 1834 Porro,
1448 1797 1647 1828 adveniente
1663 1797 1858 1836 hujusmodi
1876 1796 2034 1832 termino,
2045 1796 2199 1835 prefatus

1183 1852 1440 1883 Bartholomeus
1458 1859 1570 1881 coram
1587 1850 1710 1881 dilecto
1727 1850 1797 1880 filio
1814 1851 1930 1880 nostro
1943 1850 1987 1886 J„
2002 1851 2117 1880 sancte
2132 1849 2202 1880 Ma-

1184 1906 1232 1935 rie
1251 1906 1285 1935 in
1304 1904 1487 1935 Cosmedin
1505 1904 1645 1934 diacono
1665 1903 1842 1939 cardinali,
1859 1903 1913 1933 cui
1931 1902 2127 1942 hujusmodi
2143 1911 2200 1933 ne—

1183 1959 1312 1997 gotium
1330 1958 1491 1988 duximus
1508 1957 1802 1992 committendum,
1820 1956 2048 1994 personaliter
2065 1964 2198 1994 compa-

1183 2011 1262 2045 ruit,
1282 2011 1382 2041 dictis
1402 2010 1512 2049 priore
1532 2012 1562 2040 et
1580 2010 1709 2040 Tlioma
1725 2018 1838 2039 coram
1858 2018 1896 2039 eo
1916 2018 1983 2039 11011
2001 2007 2199 2039 curantibus

1184 2073 1389 2103 comparere.
1419 2063 1512 2093 Idem
1543 2071 1676 2102 quoque
1705 2062 1900 2097 cardinalis,
1921 2062 1962 2092 ad
1984 2062 2137 2101 ejusdem
2160 2063 2198 2093 Β.

1185 2117 1394 2153 instantiam,
1421 2116 1569 2155 priorem
1596 2117 1627 2145 et
1656 2115 1819 2145 'l‘homam
1846 2116 1995 2153 prefatos
2021 2115 2150 2154 pluries
2168 2117 2200 2146 et

1183 2170 1409 2210 peremptorie
1437 2170 1533 2199 citari
1560 2169 1638 2199 fecit
1663 2169 1697 2198 in
1726 2169 1898 2199 audientia
1926 2168 2074 2207 publica,
2094 2171 2129 2199 ut
2149 2170 2201 2199 est

1183 2225 1301 2255 moris.
1330 2227 1361 2253 et
1386 2223 1435 2253 cis
1459 2225 1491 2252 in
1518 2222 1713 2259 hujusmodi
1733 2221 1889 2252 terminis
1909 2222 2050 2252 minime
2069 2230 2200 2260 compa-

1184 2277 1338 2308 rentibus
1356 2279 1386 2307 et
1410 2278 1486 2314 post
1514 2276 1607 2314 ipsos
1632 2275 1735 2305 etiam
1762 2275 1891 2305 diutius
1915 2275 2115 2314 expectatis,
2133 2275 2201 2305 dic-

1184 2332 1239 2361 tus
1263 2329 1458 2365 cardinalis,
1479 2329 1565 2359 sacta
1583 2337 1684 2367 snper
1705 2328 1773 2358 hiis
1792 2328 1890 2358 nobis
1913 2328 2078 2358 relatione
2095 2328 2199 2364 fideli,

1185 2384 1224 2414 de
1252 2383 1391 2422 speciali
1411 2383 1570 2412 mandato
1602 2383 1717 2412 nostro
1746 2382 1820 2412 vive
1852 2381 1944 2412 vocis
1977 2381 2112 2412 oraculo
2133 2381 2201 2412 sibi

1186 2437 1284 2473 sacto,
1300 2436 1492 2466 nominatos
1512 2436 1658 2474 priorem
1678 2437 1708 2465 et
1725 2435 1890 2465 'rhomam
1907 2437 2069 2474 reputans
2087 2436 2202 2466 contu·

1185 2498 1309 2525 maces,
1333 2490 1367 2519 in
1391 2489 1482 2528 ipsos
1506 2491 1642 2528 propter
1665 2489 1859 2528 hujusmodi
1878 2488 2124 2519 contumaciam
2145 2497 2202 2520 ex-

1185 2542 1502 2574 communic-ationis
1528 2543 1744 2579 sententiam,
1771 2542 1926 2581 exigente
1953 2542 2100 2581 justitia,
2126 2550 2202 2581 pro-

1186 2596 1471 2635 mulgavit‚prout
1490 2596 1523 2626 in
1540 2595 1766 2626 instrumento
1784 2594 1920 2634 publico
1941 2594 2018 2625 inde
2037 2594 2199 2631 confecto,

1186 2650 1337 2689 ejusdem
1349 2649 1532 2679 cardinalis
1550 2648 1664 2687 sigillo
1683 2649 1827 2687 signato,
1845 2648 1980 2687 plenius
1997 2648 2200 2684 continetur,

1186 2703 1282 2741 cujus
1306 2704 1456 2735 tenorem
1481 2703 1520 2732 de
1546 2702 1648 2732 verbo
1669 2701 1867 2732 adverbum
1891 2700 2108 2740 presentibus
2126 2701 2204 2731 feci—

1186 2765 1263 2786 mus
1281 2756 1446 2789 annotari,
1465 2757 1523 2795 qui
1543 2756 1622 2786 talis
1639 2757 1689 2785 est
1712 2765 1718 2784 :

1227 2820 1243 2840 (‹
1256 2810 1294 2840 In
1309 2809 1444 2840 nomine
1454 2809 1605 2845 Domini,
1617 2817 1725 2839 amen.
1739 2808 1823 2839 Cum
1836 2807 1918 2838 olim
1928 2807 2199 2845 Bartholomeus,

1187 2864 1288 2892 natus
1306 2862 1432 2893 nobilis
1457 2862 1522 2892 viri
1544 2861 1708 2898 Aetnam,
1727 2860 1849 2891 militis
1862 2860 2044 2899 Anagnini.
2065 2869 2204 2891 consan-

1187 2916 1332 2954 guineus
1350 2915 1556 2946 venerabilis
1565 2914 1630 2945 viri
1642 2913 1957 2953 magistriAdinulti
1970 2913 2099 2944 domini
2115 2922 2202 2954 pape
