2659 3242
137 294 198 325 254

158 829 234 857 1264

138 879 205 912 juil.

320 830 450 857 Orririo.

981 292 1151 322 TABLES
1170 292 1229 322 DU
1249 291 1467 321 REGISTRE
1485 292 1695 322 D’URBAIN
1715 294 1757 322 1¹5

1073 386 1160 411 Panes.
1175 384 1309 406 Numeros.

505 454 715 488 nomanensis,
745 455 950 482 Guillelmum
979 455 1099 482 dictum

505 503 620 536 Cochet,
647 504 703 538 qui
731 510 803 530 cum
831 504 942 530 eodem
970 505 1099 530 cantore

503 552 558 578 diu
579 553 645 578 tam
666 552 697 578 in
719 552 842 579 artibus
861 559 959 587 quam
979 552 1010 578 in
1029 552 1098 586 jure

504 600 641 633 studuit,
662 600 694 627 in
713 600 842 628 ecclesia
862 601 892 627 b.
913 601 1043 628 Martini
1062 602 1100 627 de

503 649 638 676 Basilica
659 649 835 676 'turonensi
859 649 890 676 in
913 650 1100 676 canonicum

503 698 599 732 recipi
611 697 719 725 faciat.

1098 773 1161 792 tome
1183 770 1212 792 111

546 830 665 857 Abbati
687 838 710 857 S.
732 830 1085 862 Galli‚Constantiensis
1104 826 1108 865 Ι
1126 830 1186 857 450
1207 828 1307 868 Ι2686

509 879 650 912 diocesis,
679 880 812 906 mandat
843 882 876 906 ut
906 880 1099 907 Rainaldum

503 928 542 954 de
560 927 703 960 Clusura,
724 928 946 962 presbyterum
967 928 1100 955 diocesis

503 977 668 1009 Reatinae,
694 977 725 1003 in
750 977 880 1004 ecclesia
905 985 928 1003 s.
955 977 1099 1011 pelagiae

502 1026 541 1051 de
562 1025 700 1057 Rotenil,
720 1025 975 1052 Constantiensis
996 1025 1097 1052 dioce-

501 1073 555 1106 sis,
587 1074 618 1100 in
647 1074 834 1100 canonicum
864 1074 959 1108 recipi
987 1073 1095 1106 faciat,

500 1122 593 1155 juxta
609 1122 897 1156 praesentationem
913 1122 1026 1149 nobilis
1040 1122 1100 1149 viri

496 1171 660 1197 Bertholdi
673 1172 704 1197 et
717 1171 786 1205 ejus
797 1170 943 1203 fratrum,
956 1171 1098 1205 ejusdem

501 1219 649 1246 ecclesiae
676 1220 892 1253 patronorum.

1095 1295 1158 1315 tome
1181 1293 1210 1314 lll

539 1351 696 1386 Episcopo
714 1352 1083 1380 interamnensimandat
1102 1347 1108 1388 Ι
1125 1353 1184 1379 457
1205 1347 1208 1386 Ι
1226 1350 1304 1378 ’2723

500 1400 642 1427 exhiberi
671 1400 768 1428 faciat
800 1408 817 1428 a
850 1402 1040 1428 monasterio
1072 1409 1096 1428 s.

501 1449 636 1482 Gemini,
687 1449 805 1476 ordinis
854 1457 877 1476 s.
914 1450 1089 1484 Benedicti,

501 1498 664 1533 quondam
680 1498 706 1524 N
711 1498 862 1525 arniensis
876 1498 1018 1531 diocesis,
1033 1505 1097 1525 cer-

499 1547 566 1573 tam
582 1546 734 1573 frumenti
750 1548 782 1573 et
798 1547 865 1573 vini
879 1547 1097 1582 quantitatem

494 1596 660 1622 Barnabae
685 1595 805 1628 clerico,
832 1597 908 1622 nato
932 1596 1098 1624 Orlandini

502 1645 541 1671 de
569 1645 674 1671 castro
703 1651 726 1670 s.
757 1644 889 1671 Gemini.

1092 1719 1156 1740 tome
1178 1718 1208 1740 ΙΙΙ

537 1782 689 1816 Magistro
707 1782 1014 1815 Rener0,scolastico
1033 1789 1080 1809 ec-
1099 1777 1104 1817 Ι
1121 1782 1181 1810 458
1202 1781 1207 1821 Ι
1223 1780 1302 1809 2724

497 1831 609 1857 clesiae
621 1831 820 1864 Tungrensis,
834 1831 1015 1858 Leodiensis
1028 1832 1092 1858 dio-

497 1879 585 1912 cesiS‚
611 1880 742 1906 mandat
768 1881 803 1906 ut
827 1880 986 1914 praelatis,
1001 1887 1093 1907 cano-

500 1928 577 1955 nicis
597 1929 628 1954 et
650 1928 767 1955 clericis
787 1929 987 1955 ecclesiarum
1008 1936 1093 1956 secu-

498 1976 611 2003 larium
627 1977 713 2010 regni
728 1977 934 2004 Alamanniae
949 1977 1004 2012 qui
1020 1985 1092 2004 cum

502 2025 648 2057 ilenrico,
677 2025 823 2059 episcopo
851 2026 1025 2058 Leodiensi,
1054 2027 1093 2053 ad

496 2077 609 2101 Terrae
648 2073 782 2100 Sanctae
819 2073 953 2108 profecti
989 2076 1092 2107 erunt,

499 2121 723 2148 beneficiorum
750 2123 924 2156 proventus
950 2130 1022 2149 cum
1050 2123 1094 2149 in-

495 2170 645 2204 tegritate
656 2170 828 2197 ministrari
838 2170 935 2198 faciat
947 2177 1003 2205 per
1013 2171 1108 2198 trien-

496 2226 594 2245 mum.

535 2298 779 2333 Archiepiscopo
802 2299 976 2326 Turonensi
998 2306 1081 2326 com·
1123 2297 1203 2337 1320
1224 2297 1298 2338 1691

501 2346 604 2373 mittit
638 2347 856 2373 executionem
897 2347 1094 2375 indultorum

505 2395 614 2422 comiti
628 2396 776 2422 Blesensi.

543 2479 715 2511 liudovico,
734 2479 797 2513 regi
820 2481 1023 2513 Francorum,
1047 2487 1099 2516 pe·
1120 2481 1195 2521 1411
1221 2480 1226 2520 Ι
1244 2481 1302 2509 855

499 2528 581 2554 tenli
599 2528 727 2554 concedi
745 2530 780 2555 ut
796 2528 911 2555 fratres
929 2529 1092 2557 Praedica-

500 2578 605 2603 torum
620 2577 849 2604 Ambianenses
864 2579 902 2604 ad
919 2578 1022 2604 locum
1036 2579 1091 2613 qui

493 2625 609 2652 dicitur
625 2626 777 2659 Collum-el,
787 2626 817 2652 in
832 2626 1037 2653 Ambianensi
1052 2627 1093 2654 ci-

492 2674 598 2700 vitate
624 2674 731 2707 situm,
748 2681 778 2700 se
795 2674 998 2708 transferant,
1014 2684 1092 2703 nun—

497 2722 560 2749 ciat
580 2723 777 2757 praedictum
802 2724 964 2757 negotium
988 2724 1091 2759 legato

494 2771 668 2805 apostolico
683 2772 885 2799 commissum
901 2780 975 2799 esse.

537 2850 695 2878 Cardinali
731 2858 752 2877 s.
793 2852 935 2885 ceciliae,
971 2857 1099 2887 aposto-
1120 2851 1195 2892 1411
1221 2851 1300 2892 1856

499 2899 577 2925 licae
595 2899 675 2925 sedis
692 2899 805 2933 legato,
824 2901 1022 2934 praedictum
1039 2908 1091 2928 ne-

498 2947 621 2981 gotium
652 2948 826 2975 committit
857 2950 1087 2984 exequendum.

1387 505 1461 534 1264

1364 556 1433 589 juil.

1391 2961 1401 2974 l)

1548 508 1674 537 Orvieto.

2301 388 2388 413 Panes.
2404 387 2540 410 Numeros.

2329 455 2393 475 tome
2413 455 2443 475 111

1772 509 1929 543 Episcopo
1950 509 2108 535 Anieiensi
2122 510 2265 544 indulget
2278 512 2312 537 ut
2334 508 2415 548 1290
2434 505 2438 544 Ι
2461 510 2537 538 18119

1733 557 1908 589 Giraldum,
1928 559 2039 584 natum
2059 558 2177 584 domini
2195 558 2327 585 Montis-

1731 606 1835 639 Acuti,
1854 606 1885 632 in
1902 606 2087 633 canonicum
2106 606 2202 640 recipi
2218 606 2326 640 iaciat,

1729 654 1787 682 sub
1805 654 2044 689 exspectatione
2063 655 2272 689 praebendae,
2296 655 2328 682 in

1729 703 1857 730 ecclesia
1871 703 2039 730 Aniciensi.

2328 751 2393 771 tome
2412 750 2442 771 lll

1772 809 1929 844 Episcopo
1949 810 2137 836 Lexoviensi
2169 810 2312 844 indulget
2333 808 2414 849 1293
2436 807 2439 844 Ι
2461 811 2537 838 1866

1732 860 1767 885 ut
1794 858 1980 892 magistrum
2007 859 2177 892 Rogerum,
2205 859 2327 886 dictum

1733 908 1869 939 Faucon,
1890 907 1921 934 in
1940 907 2069 934 ecclesia
2088 907 2276 934 Lexoviensi
2294 907 2326 934 in

1733 956 1920 983 canonicum
1940 963 2011 983 cum
2031 956 2211 990 praebenda
2231 956 2328 991 recipi

1729 1004 1824 1032 faciat
1831 1026 1837 1031 .

2330 1044 2396 1065 tome
2413 1043 2445 1064 m

1773 1090 1898 1115 Decano
1934 1090 1966 1115 et
2003 1089 2154 1122 magistro
2177 1089 2309 1123 Jacobo,
2331 1087 2412 1129 1296
2431 1085 2436 1126 Ι
2458 1090 2536 1118 1879

1727 1138 1813 1165 dicto
1830 1139 1868 1165 de
1885 1137 2049 1170 Flelcieros,
2066 1138 2217 1165 canonico
2233 1139 2329 1166 eccle-

1730 1187 1794 1213 siae
1819 1193 1842 1213 s,
1870 1187 1956 1213 Petri
1984 1186 2165 1219 Duaeensis,
2192 1188 2326 1215 Atreba-

1727 1236 1825 1263 tensis
1845 1235 1986 1268 diocesis,
2008 1236 2140 1262 mandat
2161 1237 2196 1262 ut
2217 1236 2330 1270 magis-

1730 1286 1816 1311 trum
1834 1285 2025 1316 Johannem,
2044 1283 2146 1310 filium
2163 1285 2327 1319 quondam

1730 1333 1872 1365 Walteri,
1890 1332 1967 1360 dicti
1982 1332 2017 1358 de
2037 1334 2098 1365 Goy
2113 1331 2253 1366 senioris,
2270 1333 2329 1360 cle-

1731 1381 1904 1416 ricum‚qui
1921 1381 1952 1407 in
1969 1381 2092 1407 artibus
2101 1381 2239 1408 Parisius
2255 1382 2329 1409 doc-

1733 1430 1813 1457 toris
1840 1429 1937 1464 gessit
1965 1429 2107 1456 officium
2146 1437 2268 1457 necnon
2296 1430 2328 1457 in

1728 1479 1798 1513 jure
1814 1478 1965 1505 canonico
1983 1479 2014 1504 et
2031 1478 2115 1505 civili
2132 1478 2185 1505 diu
2202 1479 2330 1507 studuit

1731 1529 1761 1554 et
1791 1527 1915 1554 nullum
1943 1528 2046 1554 adhuc
2074 1528 2122 1553 est
2150 1526 2342 1555 beneficium

1731 1577 1905 1608 assecutus,
1930 1575 1961 1602 in
1986 1575 2115 1602 ecclesia
2155 1575 2341 1610 sicliniensi,

1726 1625 1935 1653 'I‘ornacensis
1951 1624 2093 1657 diocesis,
2103 1624 2127 1650 si
2144 1625 2184 1651 ad
2201 1624 2232 1651 id
2248 1632 2337 1659 prae-

1725 1674 1821 1709 positi
1839 1673 1981 1707 ejusdem
1998 1673 2155 1706 ecclesiae,
2173 1673 2330 1708 capellani

1729 1722 1907 1757 apostolici,
1926 1723 1966 1749 ad
1981 1728 2076 1757 quem
2095 1722 2222 1749 collatio
2238 1729 2328 1757 prae-

1725 1771 1900 1798 bendarum
1924 1771 1955 1797 in
1976 1771 2087 1798 eadem
2109 1771 2238 1798 ecclesia
2259 1778 2328 1805 per-

1728 1820 1821 1852 tinet,
1840 1820 2003 1846 accesserit
2023 1819 2217 1852 assensus,in
2234 1827 2327 1847 cano-

1724 1869 1840 1903 nicum,
1858 1869 1916 1895 sub
1933 1868 2173 1902 exspectatione
2188 1868 2341 1902 praeben-

1727 1918 1796 1949 dae,
1823 1917 1918 1951 recipi
1941 1916 2050 1943 faciat.

2326 1986 2392 2006 tome
2411 1984 2441 2005 lll

1765 2036 1923 2070 Episcopo
1940 2037 1973 2062 et
2001 2036 2141 2070 capitulo
2169 2037 2308 2063 Oveten-
2327 2030 2332 2070 Ι
2349 2035 2411 2063 300
2430 2031 2435 2070 Ι
2457 2036 2536 2064 1900

1729 2085 1818 2111 sibus
1838 2085 1967 2111 mandat
1991 2086 2020 2110 ul
2045 2084 2221 2111 ,Xdrianum
2238 2084 2321 2112 Mar-

1727 2133 1786 2159 tini
1811 2133 1968 2165 clericum,
1991 2133 2047 2167 qui
2068 2129 2196 2169 {nullum
2230 2134 2323 2160 bene-

1725 2181 1834 2208 ficium
1851 2181 1972 2207 obtinet
1993 2181 2051 2207 nisi
2066 2182 2229 2216 quoddam
2245 2182 2324 2208 adeo

1728 2232 1824 2257 tenue
1843 2231 1930 2265 quod
1952 2230 2021 2263 ejus
2042 2232 2217 2264 proventus
2237 2230 2324 2257 valo-

1729 2286 1794 2306 rem
1828 2286 1969 2305 annuum
1999 2280 2139 2314 quatuor
2170 2279 2321 2306 librarum

1726 2329 1788 2355 tur.
1811 2335 1873 2354 non
1893 2328 2061 2356 excedunt.
2084 2328 2114 2354 in
2135 2327 2322 2354 canonicum

1724 2377 1890 2411 recipiant,
1907 2377 1964 2402 sub
1981 2376 2220 2410 exspectatione
2235 2383 2323 2410 prae—

1725 2426 1856 2457 bendae,
1871 2424 2035 2453 beneficio.
2049 2426 2222 2459 postquam
2235 2431 2323 2459 prae-

1726 2475 1864 2501 bendam
1885 2475 2048 2500 assecutus
2067 2473 2172 2505 suerit,
2194 2473 2334 2500 dimisso.

2332 2526 2397 2545 tome
2419 2523 2449 2545 ΙΙΙ

1767 2562 2050 2596 Archipresbytero
2083 2562 2122 2588 de
2139 2564 2304 2589 'traverse-
2323 2556 2328 2596 Ι
2345 2561 2406 2589 300
2427 2560 2433 2600 Ι
2452 2559 2531 2590 1902

1721 2611 1802 2643 culo,
1828 2611 2006 2638 Parmensis
2041 2610 2181 2643 diocesis,
2220 2617 2307 2637 man—

1725 2660 1777 2687 dat
1802 2661 1833 2685 ul
1857 2660 1896 2686 ad
1917 2659 2128 2693 provisionem
2155 2658 2316 2686 Guidolini

1722 2708 1826 2735 clerici
1845 2708 1875 2734 in
1895 2707 2021 2734 ecclesia
2043 2714 2065 2734 s.
2085 2707 2203 2734 Mariae
2222 2708 2260 2734 de
2279 2708 2333 2734 So-

1725 2756 1846 2788 rannia,
1875 2756 2053 2783 Parmensis
2079 2755 2221 2788 diocesis,
2249 2762 2319 2790 pro-

1722 2805 1826 2833 cedat.
1842 2805 1936 2839 juxta
1952 2805 2131 2831 litterarum
2147 2804 2319 2831 Alexandri

1722 2860 1824 2889 papae
1864 2853 1926 2879 llll
1969 2855 2120 2880 tenorem.

2324 2914 2388 2933 tome
2409 2911 2441 2933 1¹1

1743 2951 1943 2985 Privilegium
1958 2952 1996 2978 de
2012 2950 2173 2977 beneficiis
2189 2951 2229 2977 ad
2241 2950 2302 2977 col·
2323 2949 2328 2989 Ι
2344 2949 2405 2977 300
2425 2948 2431 2989 Ι
2449 2949 2526 2978 1904
