2519 3262
981 177 1219 214 ἰ’ΠΟιειιῑῑιιΕ
1247 176 1409 213 ANNEE.

155 271 233 308 post
251 269 478 308 receptionem
489 269 678 299 litterarum
695 269 996 307 ipsarum„iudicio
1009 268 1073 304 vel,
1086 269 1114 298 si
1128 268 1167 298 de

156 322 307 361 partium
325 322 499 353 voluntate
525 323 732 360 procederet,
752 322 929 352 concordia
954 321 1165 356 terminares,

156 374 284 405 faciens
302 375 390 414 quod
415 376 613 405 decerneres
630 384 688 413 per
706 384 882 405 censuram
903 374 1167 404 ecclesiasticam

156 427 299 458 firmiter
320 428 506 462 observari,
532 428 683 467 alioquin
715 428 906 458 remitteres
935 429 1048 465 partes
1075 427 1167 465 ipsas

156 481 197 510 ad
227 481 408 511 officialem
435 481 634 519 predictum,
653 481 719 510 nisi
757 480 841 510 forte
875 479 985 509 medio
1017 481 1167 516 tempore

155 533 241 564 foret
267 534 395 572 prefate
419 534 490 564 sedi
513 534 746 564 XVintoniensi
767 533 806 563 (le
826 535 957 571 pastore
980 531 1167 569 provisum,

156 587 384 625 appellantem
417 587 450 616 in
484 587 642 625 expensis
677 586 840 624 legitimis
879 584 1165 622 condempnando.

155 641 295 676 Quodsi
313 641 495 679 appellatio
512 640 662 679 predicta
682 639 764 669 soret
788 639 937 677 legitime
961 638 1114 667 nuntiata
1137 638 1168 667 et.

155 694 273 724 eadem
301 702 413 729 causa,
430 695 564 732 propter
593 693 778 731 potentiam
809 694 840 721 et
866 691 1032 720 malitiam
1058 690 1168 728 ipsius

157 747 312 786 magistri
327 747 581 782 Johannis,non
600 747 726 784 posset,
740 745 827 774 intra
847 744 1028 774 terminum
1054 744 1167 782 hujus-

156 800 258 830 modi.
276 800 464 833 terminari,
482 808 523 829 ex
550 801 627 828 tunc
655 799 774 836 ipsam,
791 798 989 828 instructam
1017 797 1069 826 vel
1100 805 1165 826 non

155 852 576 887 instructam,remitteres
603 851 644 881 ad
675 851 859 889 apostolice
892 850 984 880 sedis
1012 858 1164 885 examen⁷

152 903 284 943 'pretixo
301 905 429 935 eisdem
448 904 601 943 partibus
622 904 768 934 termino
789 905 1016 942 peremptorio
1034 911 1167 941 compe-

153 959 238 988 tenti
267 968 332 997 quo
358 967 417 997 per
440 966 476 988 se
496 958 547 987 vel
569 966 630 996 per
655 958 891 996 procuratores
910 957 1072 995 ydoneos,
1092 965 1167 986 cum

154 1011 312 1041 omnibus
331 1011 426 1047 actis,
441 1010 576 1049 juribus
593 1012 625 1040 et
643 1010 866 1040 munimentis
887 1010 959 1040 suis
981 1010 1166 1048 predictam

153 1073 290 1095 causam
302 1064 587 1103 contingentibus,
600 1065 830 1102 comparerent
845 1072 956 1093 coram
975 1062 1084 1099 nobis,
1103 1062 1168 1092 fac-

152 1119 227 1148 ture
253 1127 290 1147 ac
313 1119 487 1156 recepture
512 1126 615 1156 super
637 1117 695 1146 hoc
722 1117 811 1155 quod
832 1116 967 1155 justitia
998 1116 1165 1146 suaderet.

193 1171 319 1200 Verum
337 1171 424 1201 dicto
437 1170 599 1209 magistro
615 1170 766 1200 Johanne
785 1179 897 1199 coram
912 1171 942 1200 te
959 1171 1166 1208 proponente

153 1224 317 1263 quasdam
345 1223 561 1262 exceptiones
593 1223 746 1257 frivolas,
778 1224 826 1259 tu,
845 1223 922 1252 licet
949 1222 1166 1261 exceptiones

151 1276 347 1316 hujusmodi
365 1277 640 1315 pronuntiaveris
660 1276 920 1315 interloquendo
938 1284 1004 1305 non
1018 1284 1093 1305 esse
1108 1275 1167 1305 ali-

153 1332 321 1369 quatenus
339 1330 577 1364 admittendas,
596 1332 639 1364 et,
651 1330 701 1359 eis
716 1338 782 1359 non
802 1328 1029 1365 obstantibus,
1045 1328 1166 1359 debere

152 1383 289 1422 procedi
308 1383 341 1413 in
360 1383 494 1422 negotio
513 1383 706 1422 principali,
721 1383 819 1421 Juxta
841 1383 1069 1420 predictarum
1089 1391 1167 1412 con-

152 1436 330 1467 tinentiam
349 1436 551 1471 litterarum,
571 1436 677 1466 salvis
696 1436 856 1474 expensis
874 1436 962 1465 dicto
981 1435 1166 1466 Guillelmo

154 1490 436 1528 competentibus,
450 1499 592 1528 quarum
613 1490 822 1520 taxationem
839 1489 899 1520 tibi
919 1489 1043 1519 diceris
1060 1498 1165 1519 rescr-

153 1552 263 1578 vasse,
283 1545 395 1573 tamen
418 1543 451 1573 in
471 1543 587 1573 eadem
614 1552 714 1573 causa
740 1543 922 1581 procedere
948 1542 1001 1572 vel
1027 1551 1100 1572 eam
1126 1543 1166 1572 ad

151 1605 296 1626 examen
321 1596 546 1635 apostolicum
580 1596 752 1626 remittere
782 1604 848 1625 non
881 1595 1021 1629 curasti,
1049 1595 1166 1634 sicque

153 1650 264 1680 dictus
281 1649 544 1688 capellanusjus
560 1658 660 1679 suum
678 1658 744 1678 non
763 1649 873 1688 potuit
891 1648 1055 1684 obtinere,
1069 1649 1102 1678 in
1114 1658 1165 1678 cu-

147 1703 205 1742 jus
221 1703 458 1741 prosecutione
483 1702 616 1733 labores
640 1702 848 1740 multiplices
864 1701 969 1732 subiit
988 1703 1018 1732 et
1038 1702 1164 1740 gravia,

152 1756 241 1786 sicut
255 1756 389 1791 asserit,
403 1764 505 1786 onera
524 1764 762 1794 expensarum.
782 1755 865 1785 Cum
884 1756 995 1784 auten]
1015 1755 1166 1793 predicta

151 1818 254 1840 causa
268 1817 327 1847 per
344 1809 429 1838 duos
443 1817 549 1839 annos
563 1810 593 1839 et
611 1808 760 1847 amplius
773 1808 843 1846 jam
858 1808 1042 1843 duraverit,
1057 1810 1087 1837 et
1102 1808 1166 1837 dic-

150 1865 206 1893 tus
219 1862 416 1901 capellanus
429 1862 485 1900 jiis
500 1870 599 1892 suum
616 1861 808 1900 nequiverit
828 1861 992 1895 obtinere,
1008 1861 1097 1891 idem
1115 1870 1164 1891 ca-

149 1915 308 1955 pellanus
325 1915 423 1945 nobis
439 1915 613 1945 humiliter
631 1915 837 1953 supplicavit
854 1916 889 1944 ut
906 1913 1083 1952 providere
1100 1913 1166 1943 sibi

151 1978 253 2008 super
275 1969 337 1999 hoc
363 1969 549 2007 apostolica
572 1968 803 1999 sollicitudine
827 1976 1035 1998 curaremus.

190 2023 308 2057 Porro,
321 2022 399 2053 licet
417 2025 451 2051 tu
468 2022 508 2052 de
526 2021 732 2061 negligentia
745 2021 777 2051 in
797 2021 857 2051 hac
872 2022 966 2059 parte
984 2020 1166 2050 commissa

149 2075 291 2106 deberes
308 2075 429 2105 merito
451 2075 653 2113 reprehendi
669 2076 701 2105 et
718 2083 839 2114 penam
861 2074 962 2104 etiam
981 2076 1163 2112 reportare,

148 2128 292 2168 benigne
310 2131 424 2159 tamen
450 2128 511 2158 hac
538 2129 610 2159 vice
636 2130 747 2158 tecum
778 2130 927 2167 agentes,
956 2127 1165 2166 presentium

149 2181 211 2213 tibi
226 2182 424 2212 auctoritate
445 2181 663 2220 precipiendo
681 2182 881 2211 mandamus
899 2181 1072 2220 quatinus,
1094 2190 1167 2219 par-

149 2235 242 2265 tibus
272 2235 478 2271 convocatis,
511 2235 630 2265 audias
660 2243 796 2264 causam
822 2237 853 2265 et
879 2243 965 2270 eam,
992 2234 1080 2264 infra
1106 2242 1166 2264 sex

149 2296 285 2318 menses
308 2289 385 2326 post
408 2288 527 2318 harum
556 2288 794 2327 receptionem,
824 2287 952 2326 judicio
980 2287 1044 2323 vel,
1071 2287 1100 2316 si
1126 2287 1165 2317 de

147 2341 297 2380 partium
322 2341 494 2371 voluntate
526 2334 742 2379 processerit,
774 2340 952 2370 concordia
983 2340 1165 2370 terminare

148 2403 322 2433 procureS,
347 2393 474 2424 faciens
502 2394 592 2432 quod
617 2394 809 2424 decreveris
832 2402 891 2432 per
909 2401 1086 2424 censuram
1117 2402 1163 2423 ec-

149 2447 377 2478 clesiasticam
395 2447 537 2477 firmiter
554 2446 740 2483 observari,
759 2447 911 2486 alioquin
931 2456 973 2477 ex
993 2449 1071 2477 tunc
1091 2456 1166 2477 cau-

150 2509 223 2531 sam
242 2501 396 2536 eandem,
413 2500 614 2530 instructam
632 2500 686 2530 vel
703 2509 768 2530 non
784 2500 996 2536 instructam,
1010 2500 1166 2530 remittas

149 2553 192 2584 ad
215 2553 399 2592 apostolice
418 2552 510 2582 sedis
527 2560 682 2588 examen,
712 2553 839 2591 prefixo
861 2553 990 2582 eisdem
1011 2552 1165 2591 partibus

151 2607 296 2637 duorum
310 2606 478 2636 mensium
492 2605 638 2635 termino
654 2606 883 2645 peremptoriO
901 2615 966 2644 quo
984 2614 1043 2644 per
1059 2614 1094 2636 se
1112 2605 1165 2636 vel

150 2669 211 2700 per
225 2661 461 2699 procuratores
480 2659 642 2698 ydoneos,
658 2667 733 2688 cum
750 2659 908 2689 omnibus
921 2659 1016 2695 actis,
1029 2659 1165 2698 juribus

150 2716 184 2745 et
197 2713 418 2744 munimentis
433 2712 505 2742 suis
521 2711 707 2750 predictam
725 2720 861 2742 causam
878 2711 1165 2751 contingentibus,

150 2768 368 2806 compareant
394 2774 507 2796 coram
534 2764 644 2801 nobis,
674 2764 802 2794 facture
826 2767 856 2795 et
881 2767 1056 2804 recepture
1076 2765 1166 2804 quod

147 2820 283 2860 justitia
306 2818 473 2854 suadebit,
500 2826 566 2848 non
587 2817 741 2847 obstante
759 2817 1000 2848 constitutione
1016 2835 1066 2846 ——.
1086 2819 1166 2849 Tes-

152 2875 205 2904 tes
222 2874 335 2903 autem
352 2871 410 2911 qui
429 2871 556 2901 fuerint
575 2871 649 2906 etc„
667 2878 726 2909 per
745 2878 924 2900 censuram
944 2870 1085 2901 eandem
1102 2872 1163 2901 etc.

2177 188 2192 214 :5
2197 188 2234 215 90

1225 268 1322 298 Diem
1334 276 1411 297 vero
1424 268 1637 297 remissionis
1648 268 1887 306 etpretixionis
1899 268 2090 307 hujusmodi
2103 271 2132 298 et
2146 271 2235 308 quic-

1224 321 1305 359 quid
1322 320 1461 350 dnxeris
1475 321 1596 350 exinde
1614 321 1815 353 faciendum,
1831 321 1927 351 nobis
1947 330 2003 359 per
2017 324 2092 351 tuas
2105 322 2236 352 lilte1as

1224 374 1341 403 harum
1361 373 1482 403 seriem
1501 374 1712 403 continentes
1729 374 1873 404 fideliter
1889 375 2045 404 intimare
2062 384 2234 413 procures.

1225 427 1376 465 alioquin
1396 426 1663 465 indignationem
1685 429 1833 457 nostram
1856 428 1954 466 digne
1975 428 2102 466 poteris
2126 428 2236 458 sorini-

1224 480 1316 514 dare,
1340 488 1376 509 ac
1401 479 1642 509 nichilominus
1670 480 1804 510 dilectis
1831 480 1911 510 filiis
1932 503 1937 508 .
1961 507 1966 510 ,
1993 481 2130 516 decano,
2151 483 2181 510 et
2204 503 2235 510 ..

1225 532 1363 562 officiali
1383 533 1649 562 Carnotensibns
1666 533 1785 562 damus
1804 534 1929 563 nostris
1954 534 2077 563 litteris
2096 534 2126 563 in
2147 544 2235 564 man-

1224 585 1313 616 datis
1348 587 1383 615 ut
1413 586 1478 625 ipsi
1511 595 1552 615 ex
1584 588 1663 615 tunc
1687 595 1789 624 super
1813 586 1885 622 hoc,
1907 587 2005 625 juxta
2035 587 2235 625 premissam

1225 638 1380 673 formam,
1401 639 1581 677 procedere
1601 648 1665 669 non
1688 641 1902 678 postponant.
1924 641 2045 670 Datum
2067 641 2154 678 apud
2179 641 2234 670 Ιί-

1224 692 1465 729 bernveterem,
1493 703 1527 721 111
1552 693 1714 722 kalendas
1729 693 1930 728 decembris,
1950 701 2036 723 anno
2053 693 2161 724 tertio.
2184 705 2197 721 ιι

1726 856 1850 888 Officio,
1869 856 1902 883 30
1916 857 2071 883 novembre
2090 857 2165 883 1263.

1316 858 1414 889 2380

1261 942 1372 968 Decano
1384 944 1411 968 et
1426 941 1541 968 officiati
1555 941 1780 967 {Iariiotensibus
1799 942 1917 967 mandat
1932 945 1972 973 ut,
1993 941 2016 967 si
2043 942 2069 967 iu
2090 941 2236 975 praedicto

1224 991 1340 1025 negotio
1368 990 1500 1017 officialis
1526 990 1698 1017 Parisiensis
1726 991 1893 1017 mandatum
1924 990 2126 1024 apostolicum,
2161 990 2234 1016 int'ra

1224 1039 1435 1074 praescriptum
1460 1042 1584 1073 tempus,
1605 1039 1759 1073 neglexerit
1785 1039 1955 1073 adimplere,
1983 1040 2044 1066 loco
2063 1039 2150 1073 ipsius
2172 1047 2237 1073 pro-

1224 1090 1323 1116 cedere
1340 1091 1448 1116 curent.
1469 1089 1546 1123 (nm.
1564 1089 1607 1119 229,
1626 1088 1673 1115 sol.
1693 1090 1754 1119 273,
1773 1094 1802 1114 ιιο
1824 1089 1912 1118 14;;9.)

1265 1205 1280 1223 (ι
1308 1195 1425 1224 Decumo
1444 1200 1471 1224 et
1491 1218 1497 1225 .
1516 1220 1521 1225 .
1549 1194 1680 1233 officiali
1701 1193 1951 1224 carnotensibus.
1973 1195 2126 1225 Dilectus
2145 1196 2235 1225 tilius

1224 1249 1430 1280 Guillelmus
1448 1267 1495 1279 -,
1517 1249 1640 1278 Datum
1660 1249 1748 1286 apud
1768 1248 2058 1284 L‘rbemveterem,
2078 1258 2099 1278 11
2122 1249 2236 1278 kalen-

1225 1303 1285 1333 das
1305 1302 1505 1338 decembris,
1525 1311 1610 1332 anno
1629 1303 1740 1332 tertio.
1762 1312 1776 1330 »

1718 1461 1841 1492 Ori-icto,
1866 1462 1896 1488 12
1912 1461 2067 1488 novembre
2089 1462 2163 1488 1263.

1316 1463 1410 1494 2381

1260 1546 1362 1573 Abbati
1382 1546 1553 1573 monasterii
1572 1546 1763 1576 Corbeicnsis,
1782 1546 1986 1572 Ambianensis
2006 1546 2140 1578 diocesis,
2155 1554 2235 1571 man-

1224 1596 1271 1622 dat
1288 1598 1316 1622 ut
1336 1595 1492 1621 Berardmn
1511 1595 1540 1621 in
1555 1595 1726 1621 canonicum
1745 1595 1882 1621 ecclesiae
1898 1604 1919 1621 s.
1937 1594 2085 1629 Gaugerici
2104 1595 2237 1620 Camera-

1224 1645 1316 1671 censis
1333 1644 1420 1679 recipi
1438 1644 1532 1671 t'aciut.
1549 1645 1628 1677 (Rae.
1646 1644 1690 1674 29,
1708 1643 1755 1670 t'ol.
1775 1645 1835 1674 273,
1852 1649 1881 1670 ιιο
1898 1644 1987 1675 1430.)

1264 1763 1278 1781 (ι
1296 1752 1410 1782 Abbati
1427 1752 1603 1781 monasterii
1623 1750 1824 1785 Corheiciisis,
1838 1750 1878 1780 ad
1896 1749 2063 1779 Romanam
2082 1750 2234 1778 ecclesium

1224 1805 1307 1835 nullo
1329 1805 1427 1834 medio
1447 1805 1642 1844 pertinentis,
1667 1804 1879 1833 ‚rtmbianensis
1899 1803 2036 1833 diocesis.
2056 1803 2237 1833 Attenden-

1224 1862 1275 1890 tes
1301 1859 1388 1898 quod
1417 1858 1624 1888 venerabilis
1649 1858 1752 1887 frater
1776 1859 1889 1887 noster
1918 1880 1924 1885 .
1951 1881 1957 1885 .
1981 1857 2236 1887 Cameracensis

1224 1912 1593 1951 episcopus,dilect.um
1621 1911 1728 1941 filium
1756 1911 1958 1949 magistrum
1985 1910 2170 1940 Berardum
2197 1910 2236 1939 de

1223 1966 1378 2004 Neapoli,
1396 1965 1640 1995 subdiaconum
1658 1966 1689 1994 et
1708 1964 1877 1994 notarium
1895 1965 2060 1997 nostrum,
2078 1964 2236 2002 patruum

1224 2019 1338 2049 dilecti
1358 2019 1419 2048 filii
1439 2018 1591 2053 Berardi,
1607 2017 1758 2047 canonici
1777 2017 1917 2047 ecclesie
1933 2025 1960 2046 s.
1977 2016 2156 2055 Gangerici
2176 2016 2236 2046 Ca-

1224 2072 1444 2107 meracensis,
1464 2071 1502 2102 de
1520 2071 1634 2109 aliquo
1656 2070 1831 2105 beneficio,
1847 2070 1887 2099 ad
1907 2078 2003 2099 suam
2020 2069 2236 2099 collationem

1224 2124 1636 2165 spectante,desiderabat
1659 2124 1692 2154 in
1710 2124 1824 2162 aliquo
1848 2123 1888 2153 de
1908 2123 1991 2159 suis,
2011 2123 2097 2153 sicut
2116 2131 2175 2161 per
2190 2123 2235 2152 di-

1223 2180 1348 2210 lectum
1375 2179 1483 2209 filium
1511 2178 1692 2209 tiirardum
1720 2178 1759 2207 de
1783 2177 1899 2212 Linea,
1924 2176 2137 2214 capellanum
2163 2185 2237 2206 nos-

1223 2235 1326 2268 trum,
1347 2233 1511 2263 decanum
1532 2232 1823 2263 Cameracensem,
1841 2232 1997 2268 nepotem
2018 2229 2128 2268 ipsius
2148 2230 2237 2267 epis-

1224 2286 1311 2325 copi,
1328 2287 1537 2316 asserentem
1558 2293 1592 2314 se
1612 2284 1673 2313 hoc
1690 2292 1748 2322 per
1767 2283 1917 2321 ejusdem
1935 2282 2085 2320 episcopi
2106 2282 2237 2312 litteras

1224 2339 1407 2378 recepisse,
1434 2337 1681 2370 intelleximus,
1699 2336 1876 2371 honorare,
1896 2343 1968 2370 nos,
1991 2334 2047 2373 qui
2067 2335 2236 2364 notarium

1224 2393 1367 2423 eundem
1382 2391 1529 2421 brachiis
1545 2391 1683 2429 paterne
1700 2388 1893 2418 dilectionis
1910 2387 2148 2426 amplectimur
2165 2387 2238 2425 qui-

1224 2453 1301 2484 que,
1317 2445 1427 2484 ipsius
1446 2443 1594 2478 obtentu,
1611 2451 1749 2472 suorum
1771 2441 1874 2471 etiam
1888 2441 2064 2471 commoda
2082 2441 2239 2479 prompta

1222 2498 1451 2529 benivolentia
1479 2504 1730 2535 promovemus,
1758 2503 1832 2524 cnm
1859 2494 1901 2530 ei,
1930 2494 2001 2523 suis
2023 2492 2238 2532 exigentibus

1223 2551 1368 2587 meritis,
1391 2550 1564 2585 debeatur,
1584 2549 1722 2587 dignum
1741 2548 1902 2577 duximus
1924 2548 1960 2577 ut
1986 2547 2099 2585 ipsum
2120 2547 2237 2576 Besar-

1224 2604 1421 2643 dum‚juxta
1440 2603 1547 2642 ipsius
1562 2601 1686 2632 notarii
1701 2602 1828 2635 votum,
1844 2601 1879 2630 in
1896 2600 1957 2630 hac
1974 2601 2068 2639 parte
2081 2598 2238 2629 benivolo

1223 2666 1469 2697 prosequamur
1499 2656 1566 2693 (sic)
1594 2655 1726 2687 effectu,
1750 2653 1929 2693 presertim
1956 2662 2032 2683 cum
2058 2652 2160 2683 etatis
2179 2660 2238 2682 sue

1223 2711 1386 2742 teneritas
1402 2710 1579 2749 pretendat
1596 2708 1691 2738 mitia
1705 2707 1868 2737 bonitatis
1884 2709 1914 2737 et
1928 2706 2080 2745 prefatus
2095 2706 2238 2744 capella-

1225 2773 1288 2794 nus
1302 2764 1362 2795 hoc
1378 2773 1396 2794 a
1408 2763 1505 2794 nobis
1520 2771 1562 2792 ex
1576 2763 1670 2801 parte
1688 2761 1798 2799 ipsius
1812 2760 1962 2799 episcopi
1980 2759 2115 2789 duxerit
2132 2758 2240 2788 humi-

1224 2818 1303 2848 liter
1328 2816 1582 2856 postulandum.
1612 2815 1657 2846 Ut
1686 2814 1789 2853 igitur
1817 2814 1850 2843 in
1881 2812 2060 2852 premissis
2088 2812 2239 2841 savorem

1225 2870 1450 2909 apostolicum
1472 2869 1560 2899 idem
1578 2869 1614 2899 B.
1635 2867 1700 2897 sibi
1715 2867 1839 2897 sentiat
1866 2866 2087 2900 fructuosam,
2106 2864 2238 2894 canoni-
