2519 3262
243 222 302 252 364

334 307 430 338 2205

729 304 854 338 Orvieto,
877 305 908 331 17
929 305 1082 331 novembre
1098 305 1177 333 1263.

278 390 380 417 Abbati
400 389 544 422 Besoensi,
562 389 750 423 Lingoncnsis
766 389 900 421 diocesis,
919 389 1037 416 mandat
1050 391 1079 415 nt
1089 389 1248 416 Johannem

242 438 392 471 clericum,
408 440 538 472 nepotem
558 437 701 464 Guillclmi
719 438 753 464 de
769 437 913 468 Joinvula‚
928 437 1028 464 decani
1049 437 1187 465 ecclesiae
1205 438 1249 464 Bi-

243 488 387 518 suntinac,
403 488 517 514 obtentu
534 486 661 522 ejusdem
677 487 787 517 decani,
807 487 834 513 in
851 486 973 513 ecclesia
991 486 1138 514 Bisuntina
1155 486 1182 513 in
1204 495 1250 513 ca·

243 536 377 563 nonicum
398 535 484 570 recipi
504 535 592 562 saciat
609 535 689 570 eique
704 536 737 562 de
756 535 916 570 praebenda
934 535 1091 570 provideat.
1107 536 1185 569 (Rea.
1203 536 1248 566 29,

244 585 291 612 sol.
308 585 360 612 233
378 590 414 611 v⁰,
431 589 461 610 n⁰
476 585 568 617 1254.)

283 699 300 720 ((
315 690 339 720 Α
348 690 428 720 bbalz'
448 690 601 727 Besucnsi,
620 690 816 730 Linqonensis
836 689 973 720 diocesis.
990 691 1135 721 Grandis
1155 691 1250 720 affec-

242 745 298 774 tus
316 753 414 782 quem
437 761 486 773 —.
509 744 632 774 Datum
654 744 741 782 apud
762 743 1050 780 Urbemveterem,
1067 753 1112 774 xv
1130 744 1250 774 kalen-

242 797 302 827 das
318 797 516 833 decembris,
536 806 621 827 anno
639 797 750 827 tertio.
769 807 783 826 »

331 949 428 979 2206
798 947 923 981 Orvieto,
943 948 975 976 18
987 947 1081 983 juillet
1097 948 1176 975 1203.

276 1032 386 1058 Decano
402 1032 538 1059 ecclesiae
554 1033 587 1059 de
604 1032 684 1059 Polet
702 1035 729 1059 et
745 1033 945 1060 archidiacono
963 1032 1146 1059 Macloviensi
1166 1041 1250 1059 man-

239 1081 287 1108 dat
305 1083 335 1108 ut
358 1081 508 1108 eeclesiam
528 1082 562 1108 ‹le
590 1083 710 1116 Tregon,
734 1082 934 1109 Maeloviensis
957 1081 1092 1112 diocesis,
1111 1089 1249 1116 personae

239 1129 358 1157 idoneae
375 1131 533 1158 conferant.
554 1131 631 1165 (Rae.
648 1132 692 1163 29,
710 1131 758 1159 sol.
774 1132 827 1159 233
845 1136 885 1164 v⁰,
903 1137 933 1157 n⁰
950 1132 1041 1165 1255.)

281 1248 296 1268 ((
325 1237 445 1267 Decano
469 1236 588 1266 ecclesie
609 1236 644 1266 de
670 1235 757 1265 Polet
779 1241 805 1265 el
833 1261 838 1266 .
861 1261 866 1266 .
892 1235 1109 1265 archidiacono
1131 1236 1251 1266 Maelo-

240 1292 344 1322 viensi.
358 1291 454 1327 Cum,
466 1291 552 1320 sicut
565 1290 797 1321 intelleximus
809 1307 857 1318 —.
867 1290 992 1320 Datum
1002 1290 1090 1328 apud
1104 1290 1249 1320 Urbem-

240 1347 399 1381 veterem,
419 1353 463 1375 xv
482 1343 644 1374 kalendas
663 1343 810 1382 augusti,
830 1351 915 1373 anno
933 1343 1090 1373 seeundo.
1112 1353 1126 1372 »

753 1493 876 1526 Orvieto,
894 1495 908 1519 7
924 1493 1079 1519 novembre
1096 1493 1174 1520 1203.

328 1497 425 1528 2207

275 1580 412 1615 Magistro
431 1579 558 1606 Mattiaco
575 1580 610 1605 de
626 1579 761 1613 Rupibus,
778 1579 914 1605 canonico
931 1578 1068 1605 ecclesiae
1092 1587 1115 1605 S.
1142 1578 1250 1605 Mariae

240 1630 273 1656 (le
290 1629 360 1655 Salis
378 1628 573 1656 bituricensis.
590 1629 706 1655 obtentu
727 1628 858 1662 magistri
880 1628 954 1654 Petri
975 1627 1138 1660 Bonaediei,
1155 1627 1249 1661 capel-

241 1679 298 1706 lani
320 1677 479 1712 apostolici.
501 1678 653 1703 eeclesiam
680 1678 713 1703 «le
736 1677 843 1708 ”ruit-io,
865 1676 1092 1703 Cenomanensis
1113 1676 1249 1707 diocesis,

241 1730 390 1754 vacantem
415 1728 486 1761 apud
510 1727 606 1753 sedem
631 1726 818 1760 apostolicam
837 1734 895 1764 per*
911 1728 1034 1751 mortem
1055 1725 1192 1752 Johannis
1215 1726 1249 1751 de

241 1777 383 1809 Corios-ris.
401 1775 521 1802 confert.
544 1776 622 1809 (ttae.
640 1776 684 1807 29,
701 1775 749 1801 sol.
769 1776 821 1802 233
838 1781 876 1805 vss,
898 1780 928 1801 ι]0
947 1774 1034 1807 1250.)

282 1892 296 1911 ((
317 1883 464 1921 Jlngyislw
480 1881 595 1910 Matheo
611 1881 645 1911 (le
660 1881 805 1921 Rupibus,
821 1882 963 1910 canonico
976 1881 1096 1910 ecclesie
1111 1892 1134 1911 s.
1150 1881 1250 1911 Mario

242 1935 276 1964 de
300 1935 384 1963 Salis
410 1935 620 1964 [lino-irensis.
647 1935 776 1964 Meritis
797 1934 975 1973 probitatis
995 1937 1026 1965 Gt
1053 1953 1100 1963 —.
1125 1936 1249 1965 Datum

243 1989 331 2027 apud
343 1988 630 2025 Urbemvetermn,
642 1997 684 2017 vu
699 1988 774 2018 idus
790 1988 993 2023 novembris,
1009 1989 1215 2018 annotertio.
1234 1997 1251 2017 »

749 2137 871 2168 orvieto,
891 2139 905 2164 7
925 2138 1079 2163 novembre
1100 2138 1177 2164 1203.

331 2140 428 2171 2208

278 2225 431 2250 tlantorcm
457 2223 594 2250 eeclesiae
617 2232 639 2250 s.
667 2223 777 2258 Georgii
805 2222 1034 2253 vindocinensis,
1061 2222 1250 2249 Carnotensis

241 2273 374 2307 diocesis,
396 2272 557 2307 praedictae
579 2272 740 2299 collationis
756 2274 937 2299 executorem
959 2273 1085 2306 deputat.
1105 2272 1183 2306 (Rae.
1200 2272 1251 2304 29,

242 2320 290 2348 fol.
306 2322 358 2349 233
375 2326 414 2353 νο,
433 2328 462 2348 11⁰
481 2322 570 2353 1257.)

283 2439 296 2458 (t
320 2428 447 2459 cantori
461 2427 582 2457 ecclesie
600 2438 623 2457 s.
643 2427 767 2467 Georqii
791 2427 1027 2463 Vindocinensis,
1051 2426 1250 2457 Cnrnolensis

242 2481 377 2512 diocesis.
402 2481 533 2511 Meritis
552 2480 730 2520 probitatis
749 2482 781 2511 et
797 2499 846 2510 —.
864 2480 986 2510 Datum
1003 2479 1091 2518 apud
1108 2479 1252 2510 Urbem—

243 2537 401 2571 veterem,
416 2544 461 2565 vn
481 2535 557 2564 idus
581 2533 785 2570 novembris,
805 2542 891 2563 anno
909 2533 1020 2563 tertio.
1039 2541 1056 2562 »

739 2683 862 2715 Orvieto,
880 2684 914 2711 13
930 2683 1084 2710 novembre
1101 2683 1177 2710 1263.

331 2686 429 2717 2209

279 2769 415 2804 Episcopo
429 2769 629 2796 Cameracensi
645 2769 761 2796 mandat
773 2770 803 2795 ut
819 2768 927 2795 Renero
940 2769 974 2795 de
990 2767 1160 2802 Blarignies,
1176 2775 1248 2801 pau-

243 2819 303 2855 peri
321 2819 485 2854 presbytero
502 2818 716 2845 Cameracensis
730 2817 862 2849 diocesis,
880 2818 915 2844 de
926 2817 1020 2852 aliquo
1038 2815 1185 2847 beneficio,
1206 2817 1241 2843 ad

243 2868 425 2895 collationem
440 2867 551 2894 abbatis
564 2870 591 2894 et
607 2869 762 2894 conventus
777 2866 943 2893 monasterii
960 2865 1121 2896 Lissieusis,
1135 2865 1249 2900 praesa-

242 2920 288 2945 tae
303 2917 435 2947 diocesis,
451 2919 609 2952 spectante,
628 2916 784 2951 provideat.
804 2916 882 2951 (Rae.
901 2916 945 2948 29,
963 2915 1012 2942 sol.
1027 2916 1061 2943 23
1069 2915 1090 2949 t,
1107 2919 1138 2941 n⁶
1154 2915 1248 2950 1258.)

991 219 1237 251 REGISTRES
1263 220 1477 252 D'URBAIN
1504 221 1562 251 IV.

1347 314 1362 334 «
1388 327 1395 333 .
1418 328 1424 333 .
1449 305 1590 345 episcopo
1613 304 1834 335 Gamerae-ensi.
1857 305 2070 336 constitutus
2090 306 2125 336 in
2146 307 2318 345 presentia

1306 359 1423 388 nostra
1448 357 1592 388 dilectus
1617 358 1709 388 filius
1728 359 1882 389 Renerus
1905 358 1944 388 de
1967 358 2170 397 Blarignies,
2191 368 2319 399 pauper

1306 410 1486 449 presbyter
1498 412 1552 441 tue
1567 411 1724 445 diocesis,
1741 411 1840 441 nobis
1855 411 2030 442 humiliter
2048 412 2253 450 supplicavit
2270 415 2317 449 ut,

1306 472 1381 493 cum
1405 463 1491 502 ipse,
1520 463 1607 494 sicut
1628 464 1762 498 asserit,
1784 464 1913 494 nullum
1934 465 1978 494 sit
1996 464 2197 495 beneficium
2217 465 2320 496 eccle-

1307 517 1484 547 siasticum
1513 519 1702 554 assecutus,
1741 517 1910 556 provideri
1944 517 2009 547 sibi
2042 518 2082 548 de
2112 518 2319 557 benignitate

1307 570 1494 608 apostolica
1511 570 1762 600 mandaremus.
1790 571 1884 601 Licet
1902 573 2014 601 autem
2037 571 2214 610 presbyter
2234 572 2319 610 ipse,

1307 631 1483 662 quemvper
1501 623 1661 653 dilectum
1686 624 1794 654 filium
1816 624 2018 662 magistrum
2041 625 2091 660 P„
2115 624 2321 655 archidiaco-

1307 684 1387 706 num
1408 675 1621 706 Bruliensem
1635 677 1668 706 in
1687 677 1831 707 ecclesia
1848 677 2052 716 Agennensi‚
2071 678 2258 708 examinari
2276 678 2320 708 se-

1307 729 1415 759 cimus
1428 729 1619 769 diligenter,
1638 730 1797 760 inventus
1815 730 1916 760 suerit
1934 731 1967 760 in
1984 731 2176 761 litteratura
2191 739 2322 770 compe-

1306 783 1415 812 tenter
1434 783 1587 821 ydoneus
1603 783 1644 812 ad
1662 783 1930 813 ecclesiasticum
1949 783 2150 813 beneficium
2167 783 2318 814 obtinen-

1306 836 1397 870 dum,
1412 838 1536 870 tamen,
1553 836 1631 875 qnia
1648 836 1745 866 nobis
1757 836 1796 866 de
1814 836 1923 875 ipsius
1939 837 2007 866 vita
2019 838 2051 867 et
2065 837 2320 868 conversatione

1307 898 1373 920 non
1399 889 1562 923 constitit,
1595 889 1800 919 fraternitati
1832 891 1888 919 tue
1919 890 2120 920 mandamus
2143 891 2317 929 quatinus,

1307 943 1394 973 circa
1411 943 1515 973 vitam
1532 945 1563 973 et
1586 943 1875 974 crmversationem
1895 943 2047 982 eJusdem
2064 943 2255 983 presbyteri
2272 944 2320 974 in-

1307 996 1490 1035 quisitione
1511 996 1665 1035 diligenti
1694 997 1872 1035 premissa,
1897 997 1925 1026 si
1950 1005 2027 1027 eum
2047 997 2115 1027 vite
2136 997 2321 1028 laudabilis

1306 1052 1338 1080 et
1363 1050 1501 1080 honeste
1525 1050 1794 1080 conversationis
1812 1059 1886 1080 esse
1909 1051 2079 1089 repereris
2100 1053 2131 1080 et
2151 1050 2237 1081 alias
2255 1059 2320 1082 non

1307 1103 1353 1133 sit
1371 1102 1589 1133 beneficiatus
1617 1103 1776 1142 aliudque
1798 1104 1996 1133 canonicum
2019 1113 2084 1133 non
2105 1103 2260 1141 obsistat,
2289 1104 2321 1134 ei

1307 1156 1346 1186 de
1374 1156 1487 1195 aliquo
1512 1156 1739 1187 ecclesiastico
1766 1155 1942 1193 beneficio,
1960 1165 2034 1187 cum
2064 1166 2145 1187 cura
2170 1157 2222 1187 vel
2246 1157 2320 1188 sine

1307 1218 1397 1243 cura,
1420 1210 1460 1239 ad
1485 1209 1700 1239 collationem
1726 1210 1779 1240 vel
1807 1210 2095 1248 presentationem
2119 1210 2320 1241 dilectorum

1309 1262 1457 1292 filiorum
1470 1287 1475 1292 .
1490 1287 1495 1292 .
1513 1262 1657 1297 abbatis,
1668 1264 1699 1293 et
1714 1265 1899 1293 conventus
1909 1263 2107 1293 monasterii
2119 1264 2318 1299 Lissiensis,

1308 1315 1437 1345 ordinis
1457 1316 1562 1345 sancti
1591 1316 1775 1349 Benedicti,
1794 1316 1922 1355 prefate
1943 1316 2100 1350 diocesis,
2118 1317 2321 1355 pertinente,

1307 1370 1467 1399 consueto
1485 1369 1618 1399 clericis
1637 1369 1848 1399 secularibus
1862 1369 2042 1408 assignari,
2063 1370 2092 1399 si
2108 1369 2197 1408 quod
2213 1370 2249 1400 in
2264 1372 2323 1400 tua

1307 1423 1359 1452 vel
1387 1423 1497 1453 aliena
1526 1423 1661 1453 civitate
1686 1424 1743 1453 aut
1766 1423 1893 1453 diocesi
1915 1425 2010 1453 vacat
2034 1423 2074 1453 ad
2100 1431 2240 1462 presens
2262 1431 2322 1454 seu

1307 1476 1477 1514 quamcito
1506 1485 1541 1506 se
1563 1476 1706 1506 facultas
1728 1476 1900 1511 obtulerit,
1923 1477 1952 1505 si
1970 1477 2118 1506 nondum
2143 1476 2244 1507 alicui
2261 1476 2322 1507 alii

1307 1529 1346 1559 de
1362 1529 1549 1565 beneficiis,
1560 1530 1601 1559 ad
1612 1530 1808 1559 eorumdem
1825 1529 1960 1559 abbatis
1975 1531 2005 1559 et
2021 1531 2206 1560 conventus
2221 1529 2322 1560 colla-

1307 1584 1433 1613 tionem
1449 1583 1803 1622 seupresentationem
1822 1583 2065 1622 spectantibus,
2083 1583 2322 1613 mandavimus

1307 1636 1489 1675 provideri,
1508 1636 1705 1667 auctoritate
1723 1637 1836 1666 nostra
1853 1645 1913 1674 per
1928 1638 1960 1666 te
1978 1636 2031 1666 vel
2047 1645 2107 1675 per
2124 1636 2229 1666 aliun]
2246 1645 2323 1675 pro-

1307 1690 1420 1720 videre
1442 1698 1614 1728 procures,
1642 1690 1805 1719 inducens
1825 1698 1901 1719 eum
1926 1690 1957 1719 in
1980 1690 2090 1728 ipsius
2112 1690 2321 1728 corporalem

1306 1743 1559 1781 possessionem
1574 1745 1605 1772 et
1621 1743 1805 1773 defendens
1820 1743 1994 1773 inductum
2013 1745 2043 1773 et
2061 1742 2189 1773 faciens
2207 1743 2322 1782 ipsum

1306 1797 1340 1826 in
1359 1797 1515 1832 ecclesia,
1540 1797 1572 1826 in
1591 1805 1657 1835 qua
1678 1796 1742 1826 sibi
1771 1797 1942 1835 provideri
1965 1796 2155 1835 contigerit,
2176 1797 2204 1826 si
2223 1796 2323 1827 colle-

1306 1850 1396 1889 giata
1417 1850 1554 1885 existat,
1572 1851 1751 1888 postquam
1772 1850 1811 1879 de
1830 1849 1888 1879 illo
1908 1851 2046 1880 vacante
2064 1849 2128 1879 sibi
2145 1849 2321 1888 provisum

1308 1903 1421 1937 suerit,
1446 1903 1479 1932 in
1502 1903 1699 1933 canonicum
1727 1903 1831 1941 recipi
1856 1905 1886 1932 et
1911 1903 1944 1932 in
1970 1903 2119 1933 fratrem.
2143 1903 2218 1933 Non
2242 1902 2321 1933 obs-

1306 1959 1398 1987 tante
1424 1957 1452 1986 si
1472 1973 1519 1984 —.
1540 1957 1813 1986 Contradictores
1837 1958 1912 1992 etc„
1938 1964 2044 1994 usque
2062 1956 2319 1994 compescendo.

1307 2010 1501 2040 Mandatum
1524 2012 1676 2039 nostrum
1704 2010 1817 2039 taliter
1842 2009 2046 2048 impleturus
2064 2027 2112 2039 —.
2141 2009 2210 2039 Nos
2230 2009 2320 2039 enim

1307 2063 1520 2093 decernimus
1537 2063 1671 2093 irritum
1692 2065 1721 2092 et
1750 2063 1847 2092 inane
1873 2062 1899 2091 si
1920 2062 2001 2101 qnid
2019 2062 2058 2092 de
2080 2062 2242 2092 beneficio
2261 2062 2319 2092 hu-

1306 2116 1456 2154 jusmodi
1474 2118 1588 2145 contra
1605 2116 1798 2145 mandalum
1816 2118 1966 2145 nostrum
1986 2115 2163 2154 contigerit
2179 2118 2317 2154 attemp-

1306 2169 1382 2199 tari.
1402 2169 1453 2199 Ita
1478 2171 1589 2199 tamen
1608 2169 1697 2207 quod
1713 2168 1824 2198 dictus
1837 2168 2015 2207 presbyter
2032 2169 2064 2198 in
2087 2168 2263 2203 beneficio,
2277 2169 2318 2199 de

1308 2230 1372 2260 quo
1398 2221 1462 2251 sibi
1487 2221 1627 2251 duxeris
1650 2221 1907 2260 providendum.
1928 2221 2154 2260 personaliter
2171 2222 2318 2252 residere

1308 2276 1479 2313 procurem
1508 2274 1659 2313 alioquin
1684 2275 1877 2313 hujusmodi
1903 2275 2010 2313 gratia
2038 2274 2166 2304 nullius
2182 2275 2318 2313 penitus

1307 2329 1352 2358 sit
1368 2328 1541 2358 momenti.
1560 2328 1726 2358 Volumus
1746 2330 1857 2358 :intem
1871 2328 1960 2367 quod
1974 2336 2091 2358 omnes
2110 2328 2176 2358 alie
2194 2328 2319 2365 littere,

1308 2381 1348 2412 ab
1370 2381 1555 2420 apostolica
1585 2382 1663 2411 sede
1694 2382 1745 2411 vel
1768 2382 1839 2420 ejus
1868 2381 1987 2420 legatis
2015 2381 2161 2417 obtente,
2190 2389 2319 2411 necnon

1307 2435 1552 2474 promissiones
1578 2436 1609 2465 et
1639 2434 1863 2474 obligationes
1888 2444 1905 2464 a
1937 2434 2209 2473 quibuscumque
2233 2434 2318 2464 facte

1307 2496 1409 2527 super
1424 2488 1574 2527 ejusdem
1594 2487 1785 2526 presbyteri
1805 2487 1998 2526 provisione
2020 2487 2111 2517 omni
2130 2486 2248 2517 robore
2268 2495 2318 2517 ce-

1307 2542 1401 2571 reant
1437 2541 1620 2570 firmitatis.
1650 2540 1775 2570 Datum
1805 2539 1892 2578 apud
1923 2539 2213 2576 Urbemveterem,
2241 2539 2320 2569 idus

1309 2593 1514 2631 novembris,
1534 2602 1621 2624 anno
1641 2593 1752 2624 tertio.
1774 2601 1790 2622 »

1816 2781 1941 2812 Orvieto‚
1958 2782 1974 2808 5
1990 2781 2147 2808 novembre
2168 2780 2246 2808 1263.

1396 2783 1494 2814 2210

1342 2866 1481 2901 Episcopo
1497 2865 1680 2893 Cathauiensi
1695 2866 1811 2893 mandat
1829 2868 1859 2892 ut
1872 2865 2059 2892 Guillelmum
2077 2865 2206 2899 Malpilii,
2223 2865 2318 2899 capel-

1308 2915 1406 2942 lanum
1420 2915 1462 2948 G„
1479 2923 1504 2942 s.
1519 2914 1632 2950 Georgii
1646 2915 1680 2941 ad
1693 2914 1796 2941 Velum
1810 2915 1935 2941 Aureum
1947 2913 2060 2941 diaconi
2073 2913 2241 2947 cardinalis,
2254 2914 2316 2941 nul-
