2519 3262
1034 188 1272 227 TROISIEME
1300 188 1462 226 ANNEE.

206 291 279 313 rere
294 283 545 322 contempserit,
560 284 596 313 tu
609 285 736 314 extunc
752 283 862 322 ipsum
873 282 1096 322 peremptorie
1113 282 1216 312 citare

206 344 367 375 procures
385 338 431 370 ut,
450 336 538 366 infra
559 337 628 366 tres
645 345 779 366 menses
798 337 873 374 post
897 335 1090 366 citationem
1109 335 1214 370 tuam,

206 389 431 428 personaliter
463 391 656 428 compareat
680 398 791 419 coram
813 388 922 423 nobis,
944 388 1095 418 facturus
1116 395 1217 425 super

206 441 274 471 hiis
289 442 379 481 quod
394 442 474 472 ordo
486 442 662 472 dictaverit
676 442 817 472 rationis
830 443 861 472 et
876 449 997 480 penam
1010 449 1069 479 pro
1084 439 1216 470 meritis

208 498 405 534 recepturus
421 496 496 526 Non
521 495 673 526 obstante
694 495 903 534 indulgentia
921 494 1012 524 sedis
1031 493 1216 532 apostolice

207 557 273 587 qua
300 548 370 578 11115
398 548 438 578 (10
461 556 563 587 regno
591 548 711 587 Anglie
729 548 850 577 dicitur
867 555 941 576 esse
964 554 1162 576 concessum
1180 545 1216 574 ut

209 604 304 631 extra
323 610 462 640 regnum
485 601 598 639 ipsum
614 600 666 630 vel
683 600 767 630 citra
783 608 874 630 mare
893 599 1116 637 Anglicanum
1129 597 1217 628 trahi

208 663 274 684 non
293 654 425 693 possint
439 654 473 684 in
491 662 627 683 causam
644 661 703 692 per
719 653 849 683 litteras
865 651 1081 690 apostolicas,
1099 659 1162 689 que
1177 650 1216 680 de

210 706 342 737 indulto
361 706 555 744 hujusmodi
574 706 708 745 plenam
729 707 761 735 et
779 713 975 743 expressam
994 712 1058 733 non
1077 703 1217 733 fecerint

207 759 425 791 mentionem.
446 759 543 790 Diem
570 768 648 789 vero
668 758 839 788 citationis
858 759 889 787 et
908 757 1050 786 formam
1072 758 1104 786 et
1127 756 1217 795 quic-

207 814 288 852 quid
307 821 408 852 super
434 812 615 851 premissis
643 812 782 842 duxeris
805 810 1006 846 faciendum,
1030 809 1129 839 nobis
1148 809 1217 839 tuis

208 866 332 896 litteris
348 865 467 895 harum
485 866 608 896 seriem
628 864 891 898 continentibus,
913 863 1050 893 studeas
1072 863 1218 893 fideliter

208 919 376 950 intimare.
398 919 521 949 Datum
549 918 636 957 apud
655 918 944 952 Urbemveterem,
965 927 985 946 11
1004 925 1110 946 nonas
1125 916 1216 955 julii,

207 981 298 1003 anno
316 971 414 1002 tertio
430 973 449 1001 ¹.
467 981 482 1001 »

299 1144 395 1175 1967

789 1140 913 1175 Orvieto,
936 1142 966 1168 17
984 1141 1042 1167 mai
1065 1141 1142 1168 1261.

242 1227 333 1254 Priori
351 1236 373 1254 5.
394 1226 532 1254 Portiani.
555 1226 803 1254 Claromontensis
823 1226 956 1258 diocesis,
974 1227 1094 1253 mandat
1113 1229 1143 1253 ut
1159 1226 1218 1253 Ste-

206 1276 299 1311 phano
314 1277 393 1309 Mies,
412 1276 551 1303 canonico
567 1276 705 1303 ecclesiae
723 1284 747 1302 s.
764 1275 861 1302 L'rsini
882 1275 1081 1309 Bituricensis,
1097 1276 1125 1302 in
1141 1275 1218 1302 dicta

207 1325 339 1355 ecclesia,
355 1326 526 1352 auctoritate
545 1325 710 1352 litteral-um
730 1324 884 1351 Alexandri
903 1332 992 1358 papae
1009 1325 1069 1355 1111,
1091 1326 1216 1358 recepto,

206 1375 240 1401 de
260 1375 354 1409 aliqua
372 1374 535 1408 praebenda
563 1374 591 1400 in
615 1374 716 1400 eadem
734 1374 880 1408 quamcito
897 1373 1056 1408 provideat.
1078 1373 1156 1407 (Bm.
1173 1374 1217 1406 ΞΟ,

208 1423 256 1451 fol.
273 1424 325 1451 203
340 1429 377 1454 ν’,
395 1428 424 1449 n⁰
443 1424 531 1455 1017)

248 1541 263 1559 «
284 1530 387 1559 Priori
408 1541 431 1559 s.
452 1530 607 1563 Por-ziani,
631 1529 889 1560 Claromontensis
912 1529 1047 1558 diocesis.
1065 1529 1218 1559 Dilectus

210 1583 302 1613 filius
326 1583 516 1621 Stephanus
532 1602 579 1613 —.
599 1583 723 1613 Datum
748 1583 835 1621 apud
853 1582 1144 1615 Urbemveterem,
1161 1591 1218 1610 xvx

208 1636 372 1666 kalendas
387 1636 486 1675 junii,
504 1644 590 1665 anno
607 1636 718 1666 tortio.
743 1646 756 1664 >³

300 1813 315 1842 1
322 1811 395 1842 968

778 1809 903 1840 Ori-icto,
921 1811 937 1836 9
955 1809 1048 1845 juillet
1071 1809 1148 1837 1261.

244 1894 382 1929 Episcopo
400 1894 598 1921 Lemovicensi
613 1894 732 1920 mandat
745 1897 775 1920 ut
789 1894 905 1920 Petrum
917 1895 949 1920 dc
964 1895 1104 1924 Jamrzat,
1117 1901 1220 1928 paupe-

208 1952 270 1970 rem
286 1943 504 1973 subdiaconum,
520 1951 569 1977 per
585 1944 630 1976 G„
645 1942 722 1969 tituli
738 1951 760 1970 s.
778 1943 923 1970 Laurentii
944 1944 971 1969 in
989 1943 1094 1969 Lucina
1112 1943 1220 1969 exami-

208 1995 320 2023 natum,
339 1992 367 2018 in
385 1992 506 2018 ecclesia
529 1991 650 2018 seculari
671 1991 838 2018 Dauratensi
857 1991 885 2018 in
908 1992 1090 2022 canonicum,
1106 1992 1158 2018 sub
1173 1999 1220 2018 ex-

209 2041 385 2076 spectatione
394 2041 584 2075 pracbendae,
596 2040 685 2075 recipi
696 2040 793 2067 faciat.
807 2040 887 2075 (Rau.
898 2042 942 2071 Δ),
956 2041 1077 2073 [(11.204,
1088 2045 1118 2066 n⁰
1130 2041 1220 2074 1018.)

249 2156 264 2176 «
285 2146 439 2186 Episcopo
463 2145 681 2176 Lemovicensi,
701 2147 915 2177 Constitutus
934 2146 966 2176 in
986 2147 1156 2185 presentia
1170 2164 1218 2176 —.

208 2200 333 2230 Datum
343 2200 431 2238 apud
442 2199 731 2236 Urbemveterem,
743 2209 787 2229 vu
800 2199 973 2238 idusjulii,
986 2193 1071 2230 anno
1082 2200 1193 2230 tertio.
1206 2214 1219 2227 »

304 2371 400 2402 1989
765 2370 887 2401 Orvieto,
909 2370 940 2397 17
955 2370 1050 2406 juillet
1069 2371 1147 2398 1264.

247 2453 386 2488 Episcopo
401 2453 584 2481 Olomucensi
601 2455 719 2481 mandat
735 2457 765 2481 ut
781 2455 904 2482 Johanni
920 2456 953 2482 dc
970 2456 1058 2483 Ponte
1071 2457 1091 2487 2,
1118 2456 1222 2484 clerico

212 2502 395 2529 Treverensis
422 2502 555 2533 diocesis,
586 2502 632 2537 qui
659 2503 687 2530 in
708 2503 815 2530 diocesi
836 2504 1018 2531 Oloniucensi
1042 2505 1222 2532 mansionem

213 2550 310 2586 elegit,
322 2552 355 2577 dc
367 2551 462 2585 aliquo
477 2551 675 2578 ecclesiastico
692 2551 842 2586 beneficio,
856 2553 891 2579 ad
902 2553 1087 2580 collationem
1099 2555 1226 2582 abbatis·

214 2608 261 2627 sae
271 2603 297 2627 et
307 2603 465 2627 conventus
478 2600 646 2627 monasterii
661 2601 695 2627 de
707 2601 867 2628 Tusnewitz
879 2602 1051 2637 pertinente,
1065 2604 1223 2638 provideat.

216 2651 294 2687 (Rae.
310 2652 355 2684 29,
373 2651 422 2682 sol,
440 2652 502 2683 204,
520 2652 648 2684 n010193
668 2652 817 2679 Porrimsr
832 2654 940 2688 18989.)

250 2762 270 2785 ¹.
288 2761 330 2785 En
347 2768 444 2791 marge
455 2767 460 2785 ζ
472 2770 482 2783 ι
493 2761 617 2785 Dominus
633 2763 720 2785 nosler
733 2762 816 2785 tenuit
828 2769 886 2785 eam
897 2769 945 2793 pez·
958 2763 1076 2787 triduum
1089 2766 1113 2787 el
1125 2766 1226 2796 postea,

217 2805 405 2829 deliberatione
420 2805 509 2829 habita
522 2812 581 2829 cum
595 2805 697 2829 domino
711 2805 823 2830 Ostiensi
836 2807 955 2837 episcopo
968 2808 992 2831 el
1003 2809 1094 2838 postea
1109 2816 1166 2832 cum
1181 2809 1227 2833 do-

217 2850 285 2874 mino
299 2850 417 2874 Iohanne
431 2850 563 2877 Caietano,
580 2850 716 2874 mandavit
733 2857 789 2874 eam
804 2851 933 2882 expediri.
953 2861 963 2873 ι

247 2895 270 2918 Ξ.
287 2895 329 2919 En
343 2901 439 2925 marge
453 2902 458 2918 2
475 2904 484 2917 ι
499 2895 570 2919 Salz's
579 2896 664 2926 potest
679 2895 799 2920 transire.
814 2903 823 2916 ι

2223 205 2280 235 315

1317 294 1330 309 «
1350 281 1507 320 Episcopo
1537 281 1735 311 Olomucensz’.
1761 283 1973 314 Constitutus
1994 284 2026 314 in
2044 287 2213 323 presentia
2231 305 2280 316 -.

1275 334 1399 364 Datum
1426 334 1515 372 apud
1546 335 1832 370 Urbemveterem,
1858 346 1913 366 xvi
1943 337 2104 368 kalendas
2135 340 2280 378 augusti,

1276 395 1362 417 anno
1383 387 1494 417 tertio.
1513 401 1527 415 »

1366 542 1462 573 1970

1859 544 1983 575 Orvieto,
2003 547 2036 572 :0
2054 545 2110 572 111111
2136 546 2211 574 1201.

1311 625 1451 660 Episcopo
1467 625 1695 660 petragoricensi
1709 629 1823 654 mandat
1837 631 1865 655 ut
1880 629 1963 655 Petro
1972 631 2005 656 de
2018 630 2156 659 111οΖ01ίί5,
2169 631 2283 663 clerico,

1275 675 1309 701 de
1331 674 1427 709 aliquo
1453 675 1589 701 beneficio
1616 676 1651 701 ud
1668 676 1853 703 collationem
1874 678 1985 705 abbatis
2002 681 2029 705 et
2051 683 2206 706 conventus
2224 688 2284 706 rno-

1276 724 1396 750 nastorii
1415 724 1658 754 Turtuniacensis‚
1688 726 1796 752 ordinis
1813 734 1836 752 s.
1864 727 2018 757 Benedicti,
2037 728 2283 764 Petragoriccnsis

1275 773 1408 803 (11000515,
1426 772 1582 807 provideat.
1602 774 1685 807 (1100.
1704 775 1748 805 20,
1767 775 1892 809 10].201,
1910 782 1938 801 n0
1957 777 2046 807 1020.)

1316 892 1330 911 1(
1358 881 1512 921 Episcopo
1536 881 1791 921 Petrayoricensz'.
1816 883 1970 914 Dilectus
1986 884 2079 914 filius
2096 885 2218 915 Petrus
2235 903 2282 914 -.

1275 936 1402 966 Datum
1423 935 1510 973 apud
1528 935 1817 970 Urbemveterem,
1836 946 1882 966 1111
1900 937 2062 968 kalendas
2081 938 2179 976 junii,
2199 947 2284 969 anno

1274 988 1386 1019 tertio.
1405 1000 1420 1015 »

1369 1145 1460 1175 1971

1863 1144 1990 1175 Orvieto,
2008 1146 2042 1172 20
2056 1145 2117 1178 juin
2135 1146 2211 1172 1264.

1312 1228 1501 1255 Thesaurario
1519 1228 1723 1255 Saresbiricnsi
1740 1230 1859 1256 mandat
1875 1232 1905 1256 ut
1920 1229 2071 1257 ecclesiam
2092 1231 2126 1257 de
2144 1230 2284 1262 Niweton,

1277 1277 1446 1304 Exonicnsis
1457 1277 1590 1309 diocesis,
1602 1280 1796 1313 sequestrans,
1815 1279 1903 1313 ipsius
1913 1279 2050 1306 ccclesiae
2063 1282 2216 1314 proventus
2230 1280 2286 1307 col-

1276 1327 1346 1361 ligat
1368 1327 1556 1354 conferendos
1572 1327 1613 1353 illi
1626 1328 1672 1362 qui
1690 1327 1718 1354 in
1734 1336 1820 1354 causa
1835 1328 1869 1354 de
1888 1329 1988 1355 eadem
2003 1329 2124 1356 ccclesia
2135 1330 2210 1356 inter
2226 1338 2285 1355 ma-

1276 1376 1384 1411 gistros
1402 1376 1562 1403 Walter-um
1578 1377 1611 1403 de
1629 1377 1761 1410 Bratone,
1781 1377 1960 1404 Willelmum
1978 1378 2011 1404 de
2028 1378 2142 1412 ‹Vlapella
2160 1382 2186 1404 01
2201 1379 2287 1413 Roge-

1276 1433 1340 1451 rum
1364 1426 1457 1456 Barat,
1482 1426 1602 1452 clericos
1628 1426 1796 1453 Exoniensis
1824 1426 1955 1458 diocesis,
1981 1430 2109 1454 vertente
2132 1427 2283 1454 obtinebit.

1277 1474 1355 1507 (nm.
1371 1476 1415 1506 20,
1436 1475 1486 1501 fol.
1503 1475 1554 1502 204
1568 1481 1604 1507 ν’,
1622 1481 1652 1501 n⁰
1668 1476 1759 1507 1021.)

1318 1595 1331 1609 «
1350 1606 1355 1611 .
1372 1582 1581 1611 .tlzesa11rari0
1592 1582 1812 1612 saresbiriensi
1825 1584 1844 1612 ¹.
1862 1584 1895 1613 In
1910 1592 2010 1613 causa
2024 1593 2087 1622 que
2100 1602 2148 1612 ——.
2162 1585 2285 1615 Datum

1277 1636 1366 1675 apud
1384 1635 1672 1673 Urbeinveterem,
1690 1646 1738 1666 ΧΗ
1760 1637 2022 1676 kalendasjulii,
2036 1646 2122 1668 anno
2140 1638 2249 1668 tertio.
2273 1649 2286 1667 n

1374 1793 1467 1824 1979-

1842 1792 1965 1819 Orvieto.
1984 1794 1998 1818 Τ
2011 1792 2104 1827 juillet
2128 1793 2202 1820 1264.

1314 1876 1451 1911 Episcopo
1475 1876 1625 1903 tent-tensi
1655 1876 1781 1911 indulget
1807 1880 1835 1903 ut
1856 1885 1943 1904 unum
1965 1877 2099 1904 clericum
2122 1878 2148 1904 111
2168 1879 2289 1906 ccclesia

1278 1926 1433 1953 Vcnetcnsi
1452 1926 1480 1952 in
1500 1926 1672 1952 canonicum
1691 1926 1777 1960 recipi
1800 1926 1883 1953 saciat
1900 1927 1980 1961 eique
1999 1927 2032 1953 dc
2050 1928 2210 1962 praebenda
2226 1936 2289 1962 pro-

1278 1975 1384 2002 videat.
1405 1975 1482 2002 «Rea.
1499 1976 1543 2005 229,
1561 1974 1609 2001 fol.
1628 1975 1679 2002 204
1694 1981 1733 2007 10,
1751 1981 1783 2001 n0
1804 1976 1894 2004 1022.)

1319 2095 1334 2111 «
1352 2082 1508 2123 Episcopo
1532 2083 1700 2112 senecensi.
1723 2083 1794 2113 Tue
1812 2082 2002 2113 devotionis
2020 2084 2141 2114 merita
2159 2103 2206 2113 —.
2227 2085 2291 2114 Da-

1279 2138 1351 2167 tum
1368 2137 1456 2175 apud
1475 2136 1763 2170 Urbemveterem,
1782 2137 1880 2166 nonis
1893 2137 1981 2176 julii,
1999 2146 2085 2167 anno
2104 2139 2214 2169 tertio.
2235 2148 2250 2166 »

1374 2294 1468 2324 1973
1859 2292 1983 2323 Orvieto,
2000 2294 2016 2319 5
2029 2292 2123 2327 juillet
2141 2294 2216 2319 1201.

1316 2376 1406 2404 Ρ1·101·1
1423 2386 1446 2405 s.
1463 2376 1587 2403 Mathiae
1602 2376 1784 2403 Trcvcrcnsis
1800 2377 1918 2403 mandat
1933 2380 1961 2404 ut
1979 2377 2126 2404 Nicolaum
2141 2378 2289 2409 clericum,

1280 2429 1381 2453 natum
1394 2426 1506 2452 Henrici
1523 2425 1635 2452 Seabini
1649 2425 1843 2456 Treverensis,
1858 2426 1885 2452 in
1903 2426 2022 2453 ccclesia
2037 2435 2058 2452 5.
2075 2427 2215 2454 Simeonis
2226 2428 2291 2454 Tre-

1282 2475 1408 2501 vcrensis
1426 2475 1454 2501 in
1471 2475 1642 2501 canonicum
1659 2474 1746 2508 recipi
1767 2475 1851 2501 saciat
1867 2475 1949 2509 cique
1968 2475 2001 2502 de
2019 2476 2181 2509 praebenda
2199 2477 2291 2511 provi·

1282 2524 1358 2551 deat.
1381 2524 1458 2559 (Rae.
1478 2526 1522 2555 29,
1543 2524 1591 2552 fol.
1606 2524 1658 2551 204
1674 2530 1711 2554 v0,
1728 2529 1758 2550 11ο
1776 2523 1868 2555 1023.)

1322 2641 1339 2662 ((
1360 2655 1366 2660 .
1386 2657 1391 2662 ,
1407 2631 1510 2671 priori
1525 2631 1626 2660 sancti
1641 2631 1756 2660 Mallzie
1773 2630 1972 2661 Treverensis.
1992 2632 2059 2664 Sua
2077 2633 2174 2664 nobis
2193 2635 2292 2666 dilec-

1283 2686 1339 2715 tus
1364 2684 1456 2714 filius
1480 2684 1655 2718 Nicotaus,
1685 2684 1840 2721 clericuS,
1866 2687 1966 2716 natus
1986 2687 2124 2718 Henrici
2155 2688 2292 2720 Scabini

1285 2738 1516 2771 Treverensis,
1539 2737 1701 2776 petitione
1727 2738 1929 2769 monstravit
1955 2740 2043 2778 quod
2067 2749 2128 2771 nos
2151 2741 2290 2778 dudum,

1317 2855 1338 2879 1.
1357 2855 1400 2878 En
1411 2861 1508 2884 mar-ge
1523 2862 1527 2878 :
1545 2863 1554 2876 ι
1571 2855 1641 2878 Inter
1650 2855 1749 2885 fratres
1761 2855 1815 2885 fuit
1828 2856 1912 2887 posita
1924 2858 1958 2884 et,
1973 2857 2065 2882 audita
2074 2865 2152 2882 causa
2164 2866 2179 2883 a
2191 2859 2294 2884 domino

1286 2898 1425 2923 Guillelmo
1439 2906 1519 2930 quare
1534 2899 1578 2922 hec
1591 2898 1680 2930 fiebat,
1694 2899 1747 2930 fuit
1761 2900 1888 2931 expedila.
1908 2909 1918 2922 ι
