2519 3262
1031 199 1270 237 TROISIEME
1297 198 1460 235 ANNEE.

249 303 262 317 «
279 291 394 320 Abbati
411 301 434 320 s.
452 290 584 320 Dionisii
602 290 841 320 Jlediolanensis.
859 291 1072 320 Constitutus
1090 290 1124 319 in
1144 299 1218 328 pre-

207 346 316 375 sentia
338 363 385 374 —-.
408 345 532 376 Datum
555 345 643 383 apud
668 344 956 379 Urbemveterem,
984 353 1002 372 v
1027 343 1102 372 idus
1125 343 1216 381 julii,

206 407 294 428 anno
315 399 426 429 tertio.
453 409 468 428 n

766 563 889 595 orvicto,
910 563 940 589 14
953 563 1048 598 juillet
1066 563 1140 589 1202.

297 565 393 595 1980

240 647 484 674 Pei-mutationem
492 648 647 682 quamdam
658 648 884 682 praebendarum
897 647 925 673 in
937 647 1057 674 ecclesia
1074 647 1211 681 Dignensi

201 695 307 723 factam
322 696 484 724 confirmat.
503 696 578 731 (Rau.
595 696 639 728 29,
657 696 704 722 sol.
725 696 787 727 205,
802 700 833 722 ¹1⁰
849 696 945 729 1030.)

243 812 257 831 (1
278 802 402 840 Huqoni
420 801 455 831 de
475 801 604 836 Toardo,
629 801 773 831 canonico
794 801 950 840 Diynensi.
973 800 1093 831 Oblata
1112 801 1209 830 nobis

204 864 244 885 ex
263 857 357 893 parte
375 856 432 885 tua
450 855 569 894 petitio
588 854 780 885 continebat
801 855 900 892 quod,
925 857 1063 884 vacante
1081 854 1207 884 dudum

203 908 346 947 quadam
372 908 542 946 prebenda
563 908 597 938 in
627 907 768 938 ecclesia
792 908 955 946 Dignensi
978 916 1039 946 per
1063 909 1205 937 mortem

199 961 375 991 Gnillelmi
390 961 594 1000 ltaymundi,
613 960 764 990 canonici
777 960 928 998 ejusdem
941 960 1093 995 ecclesie,
1109 969 1191 990 vene
1202 979 1212 984 -

198 1013 317 1044 rabilis
330 1014 432 1044 frater
444 1015 577 1044 noster.
597 1014 807 1052 ‚episcopus
820 1015 851 1043 et
860 1013 1047 1051 capitulum
1058 1013 1191 1052 Dignen
1202 1031 1211 1037 -

198 1075 264 1102 ses,
286 1067 327 1096 ad
347 1075 432 1105 quos
456 1067 489 1096 in
509 1067 626 1097 eadem
645 1067 787 1097 ecclesia
811 1067 957 1105 pertinet
977 1067 1112 1097 collatio
1134 1076 1207 1106 pre-

196 1119 395 1156 bendarum,
422 1120 485 1150 tibi
509 1120 714 1159 prebendam
734 1120 960 1150 contulerunt.
980 1120 1206 1151 Postmodum

196 1181 276 1204 vero
297 1174 400 1204 iidem
427 1182 445 1203 a
470 1175 503 1204 te
527 1174 636 1212 ipsius
659 1173 840 1212 prebende,
864 1182 901 1204 ac
927 1173 967 1204 ab
992 1174 1138 1213 Hugone
1169 1174 1209 1204 de

195 1227 371 1263 Marculfo,
396 1227 547 1266 ejusdem
567 1227 707 1257 ecclesie
725 1228 896 1262 canonico,
914 1227 1082 1266 prebende
1105 1236 1208 1266 qnam

195 1281 274 1310 tunc
293 1280 464 1311 obtinebat
492 1280 630 1315 ibidem,
662 1280 771 1311 libera
799 1280 1026 1319 resignatione
1057 1282 1206 1319 recepta,

195 1333 400 1372 prebendam
410 1336 501 1364 tuam
512 1342 576 1373 que
587 1334 695 1364 fuerat
707 1334 883 1365 Guillelmi
893 1334 1049 1372 predicti,
1058 1334 1206 1373 Hugoni,

195 1386 401 1426 prebendam
415 1395 493 1417 vero
509 1387 660 1426 ejusdem
676 1387 830 1425 Hugonis
843 1387 919 1423 tibi,
930 1395 970 1417 ex
980 1387 1074 1426 justa
1083 1389 1114 1418 et
1129 1387 1207 1417 utili

195 1449 232 1470 ac
246 1440 437 1470 necessaria
455 1449 568 1477 causa,
587 1441 744 1470 canonice
760 1441 985 1476 contulerunt,
1001 1441 1087 1470 sicut
1105 1441 1138 1470 in
1154 1441 1207 1471 lit-

194 1493 278 1524 teris
296 1494 372 1523 inde
392 1494 553 1524 confectis
569 1494 691 1524 dicitur
707 1493 842 1532 plenius
857 1495 1033 1524 contineri.
1055 1495 1126 1524 Nos
1144 1495 1208 1524 ita-

195 1555 272 1585 que,
291 1547 359 1576 tuis
374 1548 405 1577 et
420 1547 533 1577 dilecti
548 1546 610 1577 filii
622 1547 728 1577 nostri
741 1548 795 1581 R„
810 1547 915 1577 sancti
932 1548 1050 1586 Angeli
1068 1547 1206 1577 diaconi

194 1595 388 1631 cardinalis,
406 1596 500 1634 cujus
519 1596 713 1634 capellanus
729 1596 862 1632 existis,
882 1598 913 1626 et
935 1596 1060 1626 nobilis
1077 1596 1142 1626 viri
1167 1620 1173 1626 .
1199 1622 1204 1626 .

193 1649 312 1679 vicarii
325 1649 436 1683 Urbis,
448 1658 508 1688 pro
526 1651 556 1679 te
572 1649 848 1688 supplicantium,
860 1650 1017 1688 precibus
1033 1649 1171 1680 inclinat
1183 1650 1206 1686 i,

195 1703 284 1741 quod
296 1711 397 1741 super
411 1703 471 1733 hoc
483 1702 524 1733 ab
538 1703 665 1733 eisdem
678 1703 836 1742 episcopo
853 1705 884 1733 et
899 1703 1046 1742 capitulo
1063 1704 1207 1742 provide

193 1756 319 1786 factum
331 1758 392 1792 est,
412 1758 522 1786 ratum
535 1755 696 1786 habentes
713 1758 744 1786 et
759 1758 903 1795 gratum,
918 1756 1003 1786 illud
1015 1757 1179 1795 apostolic
1189 1765 1207 1787 a

194 1810 392 1839 auctoritate
419 1809 659 1839 confirmamus
676 1811 707 1840 et
731 1810 901 1848 presentis
922 1810 1039 1848 scripti
1062 1810 1209 1848 patroci-

195 1863 250 1892 nio
261 1862 612 1893 6011111111111111115.Νο11
624 1863 778 1893 obstante
788 1863 887 1902 quod,
904 1865 1053 1901 tempore
1068 1872 1208 1902 permu—

195 1915 334 1946 tationis
350 1916 556 1955 hujusmodi,
574 1917 710 1955 quidam
727 1918 820 1946 erant
838 1917 871 1946 in
893 1917 966 1955 ipsa
987 1917 1139 1950 ecclesia,
1159 1917 1208 1946 si—

195 1971 249 1999 cut
270 1969 513 2003 asseritur,sub
528 1970 780 2008 exspectatione
799 1969 1044 2008 prebendarum
1064 1970 1205 2008 recepti,

195 2021 319 2061 quibus
356 2022 467 2061 quoad
501 2023 749 2053 assecutionem
785 2023 929 2053 aliarum
957 2022 1207 2062 prebendarum

194 2075 327 2105 nullum
348 2085 389 2106 ex
406 2076 466 2106 1106
486 2076 711 2115 prejudicium
730 2076 787 2106 fiat
808 2094 856 2110 —.
884 2085 943 2106 seu
964 2077 1132 2107 contrario
1153 2086 1208 2107 ec-

197 2129 299 2160 clesie
313 2129 421 2168 ipsius
440 2131 579 2166 statuto,
592 2129 784 2169 juramento
797 2147 845 2160 —.
859 2130 954 2161 Nulli
972 2139 1050 2170 ergo
1062 2133 1124 2160 etc.
1143 2131 1208 2161 Da-

192 2184 264 2212 tum
284 2183 369 2221 apud
386 2183 673 2218 Urbemveterem,
693 2193 715 2212 11
731 2183 809 2214 idus
834 2183 925 2222 julii,
946 2192 1033 2213 anno
1051 2184 1167 2214 tertio.
1190 2195 1206 2212 »

765 2350 890 2383 Orvieto,
906 2352 923 2377 6
935 2350 1033 2386 juillet
1056 2351 1132 2378 1:264.

284 2352 377 2382 1981

226 2434 445 2470 Archiepiscopo
464 2435 642 2462 Narbonensi
662 2438 689 2462 et
705 2435 837 2470 episeopo
852 2436 1082 2469 Carcassonensi‚
1100 2444 1205 2464 execu-

190 2485 299 2511 toribus
320 2485 485 2511 testamenti
501 2485 647 2519 qnondam
667 2484 803 2512 Beatricis
820 2486 854 2512 dc
874 2485 994 2521 Tureyo,
1017 2485 1150 2520 indulget
1174 2488 1204 2513 ut

190 2541 240 2567 per
254 2533 356 2560 fratres
368 2533 520 2568 hospitalis
533 2541 691 2568 pauperum
707 2534 741 2560 de
755 2534 908 2567 Cabesaeo,
925 2534 1033 2561 ordinis
1049 2543 1072 2563 S.
1087 2535 1205 2570 Augus·

189 2581 254 2616 tini,
270 2582 462 2609 Narbonensis
472 2582 603 2612 diocesis,
616 2582 768 2617 adimpleri
785 2582 892 2610 saciant
909 2583 1039 2619 ejusdem
1059 2584 1202 2611 Beatricis

189 2630 350 2657 voluntates
373 2631 406 2657 de
425 2630 530 2657 divinis
556 2630 658 2658 officiis
683 2639 734 2665 pro
759 2631 847 2666 ipsius
871 2634 900 2659 et
927 2634 1079 2666 parentum
1104 2633 1199 2660 salute

189 2680 377 2707 celebrandis.
392 2680 470 2715 (Rau.
487 2680 530 2712 29,
546 2680 594 2707 fol.
612 2681 664 2708 205
679 2685 719 2712 v0,
736 2685 767 2707 11ο
786 2681 875 2714 1031.)

231 2798 246 2817 11
267 2813 272 2818 .
294 2812 299 2817 .
317 2787 542 2828 archiepiscopo
558 2787 764 2825 Narbonensi,
781 2792 808 2818 el
829 2813 835 2819 .
858 2813 864 2819 .
882 2788 1018 2829 episcopo
1039 2789 1203 2820 Carcasso·

191 2841 284 2872 nensi.
301 2842 454 2872 Dilectus
470 2841 562 2872 filius
581 2866 586 2871 .
607 2864 614 2871 .
629 2843 738 2872 rector
756 2841 937 2880 hospitalis
955 2851 1142 2882 pauperum
1161 2843 1201 2875 de

191 2895 372 2932 Cabesaco,
393 2895 523 2926 ordinis
542 2895 649 2926 sancti
667 2895 862 2935 Augustini,
879 2895 1113 2926 Narbonensis
1130 2897 1200 2928 dio-

2225 213 2282 241 317

1279 289 1377 324 cesis,
1403 297 1464 318 sua
1485 288 1582 318 nobis
1602 289 1762 327 petitione
1784 291 1983 321 monstravit
2006 292 2093 330 quod
2113 294 2280 331 quondam

1277 342 1413 372 Beatrix
1423 342 1463 371 de
1473 342 1618 381 Tureyo,
1632 342 1732 372 vidua
1744 343 1894 381 ejusdem
1904 344 2060 380 diocesis,
2078 346 2109 374 in
2120 349 2282 377 extremis

1277 394 1574 433 agens,nobilibus
1588 395 1671 424 viris
1686 397 1722 426 L.
1737 398 1766 426 et
1783 396 1828 430 S„
1844 397 1926 426 tiliis
1940 397 2120 436 suis,quos
2138 399 2282 430 inbonis

1276 447 1348 476 suis
1366 447 1507 477 heredes
1521 448 1716 486 reliquerat,
1735 449 1768 478 in
1787 449 1907 479 ultima
1922 450 2093 481 voluntate
2111 453 2279 483 mandavit

1275 501 1310 529 111
1329 499 1461 530 duobus
1479 501 1712 531 sacerdotibus
1730 502 1787 540 qui
1805 511 1865 540 pro
1879 512 1938 533 sue
1956 513 1992 533 ac
2010 507 2187 542 parentum
2206 515 2280 536 suo-

1275 562 1349 583 rum
1366 554 1556 583 animarum
1568 555 1726 591 remedio,
1746 556 1779 585 in
1793 556 1923 594 capella
1934 556 2112 596 hospitalis
2127 559 2275 596 ejusdem

1274 606 1389 636 divina
1407 607 1518 637 officia
1537 610 1698 646 perpetuo
1718 608 1936 644 celebrarent,
1955 612 2080 640 certam
2096 612 2194 642 annis
2213 613 2281 642 sin-

1274 660 1363 697 gulis
1381 660 1550 690 solverent
1569 661 1709 698 pecunie
1732 662 1964 700 quantitatem,
1987 663 2082 693 vobis
2099 674 2201 703 super
2217 668 2281 696 tes-

1273 713 1625 752 tamentohujusmodi
1636 715 1874 745 executoribus·
1889 716 2069 754 deputatis.
2088 718 2192 754 Unde,
2207 728 2280 749 cum

1274 768 1409 805 propter
1432 767 1741 797 incommoditatem
1770 769 1879 806 ipsius
1911 770 1987 803 loci,
2021 772 2051 800 et
2082 772 2161 809 quia
2191 772 2279 803 dii-‚ta

1274 821 1414 858 pecunia
1439 821 1532 850 tarde
1559 821 1713 853 solvitur,
1742 822 1921 860 presbiteri
1946 824 1986 852 ad
2010 824 2202 862 hujusmodi
2224 827 2278 864 pia

1273 873 1435 912 obsequia
1460 874 1611 912 deputati
1634 874 1821 913 injunctum
1846 876 1894 905 615
1917 876 2109 915 huJusmodi
2129 879 2281 910 ministe-

1271 927 1359 956 rium
1378 927 1512 965 exequi,
1533 929 1568 957 ut
1587 929 1762 961 asseritur,
1783 932 1951 967 nequeunt
1972 930 2058 960 sicut
2078 931 2210 967 debent,
2230 933 2281 963 id-

1271 989 1334 1019 que
1354 981 1463 1018 possit
1487 989 1546 1019 per
1568 981 1688 1011 fratres
1704 982 1883 1021 hospitalis
1899 983 2050 1021 ejusdem
2068 987 2280 1017 commodius

1271 1033 1461 1072 adimpleri,
1487 1034 1691 1072 supplicavit
1714 1035 1811 1065 nobis
1833 1035 2005 1074 predictus
2026 1039 2136 1068 rector
2161 1041 2195 1069 ut
2220 1040 2281 1070 hoc

1270 1095 1329 1125 per
1339 1087 1423 1117 duos
1440 1087 1561 1117 fratres
1570 1087 1789 1126 presbiteros,
1804 1089 1843 1118 de
1858 1098 1943 1119 novo
1955 1091 2278 1130 ponendosibidem,

1270 1140 1343 1170 fieri
1367 1141 1618 1177 mandaremus,
1644 1142 1794 1180 predicta
1811 1143 1953 1180 pecunia
1980 1143 2089 1174 eidem
2118 1144 2280 1184 hospitali

1269 1202 1329 1232 pro
1340 1195 1585 1224 sustentatione
1596 1195 1748 1233 ipsorum
1759 1196 1830 1225 suis
1841 1196 2051 1234 temporibus
2061 1198 2280 1236 assignanda.

1268 1247 1305 1277 In
1320 1247 1381 1277 hoc
1393 1248 1496 1286 igitur
1509 1247 1605 1278 vobis
1619 1248 1748 1278 deferre
1763 1249 1927 1283 volentes,
1946 1250 2149 1281 fraternitati
2166 1255 2280 1284 vestre

1268 1301 1469 1331 mandamus
1487 1301 1658 1340 quatinus,
1679 1302 1902 1333 consideratis
1920 1303 2118 1341 diligentius
2137 1305 2282 1336 circum-

1268 1354 1404 1384 stantiis
1420 1355 1602 1390 universis,
1625 1355 1756 1385 faciatis
1777 1364 1878 1393 super
1893 1356 1953 1386 hoc
1972 1359 2070 1395 prout
2089 1359 2280 1390 secundum

1267 1402 1376 1437 Deum
1392 1409 1547 1438 videritis
1560 1409 1749 1439 animarum
1766 1410 1867 1439 saluti
1886 1412 1916 1440 et
1928 1411 2077 1448 predicte
2090 1413 2280 1443 testatricis

1267 1461 1432 1491 voluntati
1458 1462 1581 1492 melius
1606 1462 1776 1500 expedire.
1795 1463 1920 1492 Datum
1948 1464 2037 1502 apud
2061 1464 2280 1497 Urbemvete-

1267 1523 1350 1550 16111,
1370 1525 1391 1543 11
1410 1524 1514 1545 nonas
1528 1516 1617 1554 julii,
1639 1525 1725 1546 anno
1742 1517 1852 1547 tertio.
1873 1527 1887 1546 >J

1854 1691 1978 1721 Orvieto,
1996 1691 2027 1717 31
2047 1691 2106 1718 mai
2125 1692 2204 1719 1262.

1358 1691 1454 1722 1982

1301 1774 1448 1806 Silvestro,
1468 1774 1605 1801 canonico
1626 1759 1839 1802 luterumnensi
1862 1776 1981 1802 mandat
2002 1779 2031 1802 ut
2058 1776 2222 1811 Philippum
2243 1778 2277 1804 de

1266 1825 1430 1851 lntcranme
1458 1824 1570 1850 nullum
1588 1824 1679 1850 adhuv
1698 1824 1868 1851 beneficium
1895 1827 2071 1859 assecutum,
2100 1826 2127 1851 in
2155 1826 2277 1853 ccclesia

1266 1882 1288 1899 s.
1305 1873 1450 1899 Valentini
1468 1873 1495 1899 in
1507 1872 1633 1907 Campis,
1649 1873 1817 1900 Narniensis
1833 1873 1966 1903 diocesis,
1985 1874 2012 1901 in
2029 1875 2210 1906 canonicum,
2227 1875 2277 1902 sub

1265 1922 1477 1956 exspectatione
1500 1923 1691 1956 praebendae,
1706 1922 1793 1956 recipi
1810 1922 1907 1949 faciat.
1933 1923 2011 1958 (nm.
2029 1924 2073 1955 29,
2098 1924 2147 1950 fol.
2169 1925 2221 1951 205
2241 1930 2277 1956 v⁰‚

1266 1977 1298 1997 11ο
1315 1972 1381 1999 1032
1396 1972 1405 1999 l

1305 2087 1322 2108 ((
1333 2076 1495 2110 silvestro,
1510 2077 1655 2106 canonico
1666 2077 1924 2117 Ieilerampnensi.
1936 2077 2100 2107 Volenies
2116 2078 2277 2108 dilectum

1266 2131 1374 2161 filium
1400 2149 1448 2161 —.
1480 2131 1605 2161 Datum
1634 2131 1722 2170 apud
1744 2131 2035 2167 Urbemveterem,
2060 2141 2081 2160 11
2112 2131 2277 2161 kalendas

1260 2185 1361 2224 junii,
1382 2193 1468 2214 anno
1485 2185 1597 2214 tertio.
1623 2194 1637 2213 ))

1851 2355 1975 2383 Urvieto,
1995 2355 2026 2381 19
2046 2355 2104 2381 mai
2126 2356 2202 2382 1264.

1355 2358 1452 2389 1983

1297 2440 1388 2468 Priori
1412 2449 1435 2468 s.
1466 2440 1593 2475 Sepulcri
1613 2440 1838 2467 Jerosolimitani
1866 2443 1893 2467 et
1912 2439 2113 2467 archidiacono
2136 2440 2278 2475 Tyberia-

1260 2490 1342 2517 densi
1358 2491 1477 2517 mandat
1492 2492 1522 2517 ut
1535 2490 1671 2516 Jacobum
1685 2490 1720 2516 de
1735 2489 2000 2522 Sancto-Quinum,
2017 2489 2187 2516 canonicum
2205 2490 2277 2517 Lid-

1260 2540 1391 2572 densem,
1406 2540 1454 2574 qui
1465 2547 1566 2574 papae,
1583 2542 1649 2566 ante
1662 2541 1690 2565 et
1705 2541 1769 2573 post
1785 2539 2017 2573 assumptionem
2031 2539 2067 2565 ad
2084 2538 2275 2572 pontificatus

1259 2588 1384 2624 apicem,
1397 2588 1522 2616 servitiis
1536 2588 1652 2619 institit,
1668 2588 1696 2614 in
1708 2587 1831 2615 ecclesia
1846 2587 1985 2615 Beriteusi
2001 2587 2030 2614 in
2044 2587 2218 2615 canonicum
2230 2596 2276 2615 re-

1260 2637 1315 2672 cipi
1331 2637 1448 2664 faeiant.
1466 2638 1543 2671 (Rau.
1561 2638 1605 2668 29,
1624 2637 1671 2664 fol.
1691 2637 1743 2664 205
1759 2642 1795 2668 v⁰‚
1812 2642 1842 2663 11α
1858 2637 1948 2668 1033.)

1300 2752 1315 2771 1(
1347 2742 1452 2772 Priori
1471 2751 1494 2771 s.
1515 2740 1657 2781 Sepulcri
1671 2740 1925 2775 Jerosolz'mitani,
1946 2745 1973 2771 et
1994 2763 2001 2770 .
2023 2765 2029 2771 .
2054 2739 2271 2770 archidiacono

1262 2795 1487 2836 Tyberiadensi.
1515 2794 1677 2826 Volentes
1707 2794 1829 2825 dilecto
1853 2794 1923 2825 filio
1946 2812 1996 2825 —.
2024 2794 2151 2825 Datum
2182 2792 2271 2832 apud

1259 2848 1548 2885 Urbemveterem,
1566 2857 1641 2878 x1111
1656 2847 1816 2878 kalendas
1828 2848 1929 2888 Junii‚
1945 2856 2032 2878 anno
2049 2847 2161 2878 tertio.
2182 2857 2196 2875 υ
