2519 3262
224 235 260 264 12
972 237 1214 268 REGISTRES
1246 236 1460 268 D’URBAIN
1492 237 1549 267 IV.

222 318 277 352 lis,
298 320 452 356 presente
476 319 637 357 magistro
654 321 752 350 Petro
769 320 1002 351 archidiacono
1020 321 1226 360 supradicto.
1258 332 1259 339 ¹

223 380 308 401 anno
323 372 457 402 Domini
472 372 654 402 millesimo
672 374 736 403 ΩΟΠ
753 374 965 412 sexagesimo
982 375 1111 412 quarto,
1125 374 1228 403 indic·
1258 382 1259 385 ¹

222 424 312 454 tione
329 433 385 460 vii,
409 435 428 453 ιι
454 425 616 454 kalendas
636 426 759 459 martii,
785 426 999 464 pontificatus
1021 426 1149 455 domini
1170 426 1230 457 Ur—

222 477 298 507 bani
310 486 394 516 pape
413 478 486 513 1111,
498 487 584 508 anno
595 479 703 512 tertio,
715 479 929 517 presentibus
946 480 1046 508 etiam
1059 479 1229 517 religiosis

222 530 305 560 viris
328 530 428 560 fratre
454 531 630 569 Paparono
651 533 681 561 et
703 532 803 561 fratre
828 532 944 567 Paulo,
966 531 1094 561 ordinis
1118 532 1230 562 predi-

222 584 388 618 catorum,
420 583 555 613 domino
585 584 717 613 Andrea
746 585 786 613 de
812 585 914 615 Reate
944 584 1149 622 presbitero,
1174 585 1229 615 do-

222 636 313 665 mino
342 636 521 666 Rambotto
552 637 784 667 archidiacono
816 637 1066 672 Camerinensi‚
1094 637 1228 668 Cintbio

222 689 262 718 (le
294 689 394 718 Pinea
430 689 630 725 camerario,
665 690 826 727 magistro
860 691 1037 729 Raynaldo
1068 691 1228 721 canonico

224 742 443 775 Ferrariensi,
469 742 653 780 capellanis
671 743 876 773 venerabilis
893 743 1000 782 patris
1016 744 1141 774 domini
1159 753 1228 774 car-

222 795 346 824 dinalis
363 795 515 832 predicti,
533 795 678 824 testibus
697 796 738 825 ad
761 795 821 825 hoc
840 797 967 826 vocatis
987 797 1180 836 specialiter
1197 798 1228 828 et

222 847 358 886 rogatis.
380 847 448 885 Ego
468 856 544 877 vero
562 848 753 878 Bernardus
773 849 883 879 dictus
901 849 1072 879 Bardom'er
1087 850 1107 887 ¹,
1122 850 1228 889 publi-

221 910 279 930 cus
309 900 490 939 apostolice
514 901 604 930 sedis
633 901 831 932 auctoritate
862 903 1015 933 notarius
1043 904 1226 942 predictus,

221 953 277 992 qui
303 953 486 989 collationi,
506 954 692 992 provisioni
710 956 742 985 et
768 955 968 986 investiture
992 957 1153 995 predictis
1169 966 1229 996 per

221 1006 447 1037 venerabilem
460 1008 589 1046 patrem
602 1008 776 1039 dominum
792 1010 837 1045 J„
849 1011 962 1040 sancte
979 1010 1084 1041 Marie
1100 1010 1134 1040 in
1151 1010 1230 1041 Cos-

221 1060 332 1090 medin
351 1060 527 1090 diaconum
548 1061 752 1092 cardinalem
769 1062 948 1101 prefatum,
963 1063 1072 1100 factis,
1087 1072 1229 1103 presens

221 1113 370 1147 interfui,
389 1115 562 1151 presentes
586 1114 727 1151 litteras,
747 1115 786 1145 de
804 1117 962 1147 mandato
979 1118 1011 1147 et
1030 1119 1228 1149 auctoritate

221 1166 369 1205 ejusdem
388 1167 514 1197 domini
529 1168 723 1204 cardinalis,
741 1169 879 1208 propria
893 1179 995 1200 manu
1010 1170 1130 1209 scripsi
1149 1172 1180 1202 et
1194 1172 1228 1202 in

219 1219 387 1259 publicam
407 1220 548 1250 formam
568 1221 681 1261 redegi
702 1231 843 1262 meoque
859 1223 955 1262 signo
979 1223 1121 1263 signavi.
1144 1234 1160 1254 >›

258 1273 353 1304 Nulli
385 1282 462 1312 ergo
487 1276 600 1305 nostre
626 1276 894 1307 confirmationis
918 1278 950 1307 et
974 1278 1229 1309 constitutionis

220 1326 402 1365 infringere
422 1328 484 1357 etc.
505 1327 629 1358 Datum
649 1329 737 1368 apud
763 1329 1053 1368 Urbemveterem,
1069 1341 1100 1361 VI
1122 1341 1228 1362 nonas

219 1379 344 1413 martii.
361 1389 447 1410 anno
463 1381 574 1411 tertio.
594 1391 608 1410 ))

312 1548 406 1579 1009

790 1549 914 1581 Orvieto,
937 1550 966 1576 14
982 1558 1059 1577 mars
1078 1551 1155 1578 1264.

254 1631 482 1658 (londoniensem
507 1634 531 1658 et
559 1641 584 1659 s.
611 1633 730 1660 Maurini
749 1634 879 1668 abbates,
900 1635 1078 1669 Agennensis
1094 1636 1228 1669 diocesis,

219 1679 383 1713 praedictae
407 1680 569 1707 collationis
590 1685 755 1708 executores
777 1683 936 1710 constituit.
968 1685 1048 1719 (Rae.
1065 1685 1109 1716 29,
1128 1685 1177 1711 fol.
1195 1686 1229 1712 29

219 1734 257 1762 νο,
270 1733 301 1755 11⁰
319 1730 375 1762 57.)

258 1845 274 1864 «
295 1858 318 1865 ..
341 1834 552 1870 Condemensi,
570 1842 596 1866 cl
613 1861 637 1867 ..
657 1847 680 1866 s.
695 1837 832 1867 Μαιινίηἱ
846 1838 1015 1876 abbatibus,
1037 1842 1229 1879 Ayennensis

220 1887 353 1919 diocesis.
381 1889 423 1919 Ut
448 1889 579 1920 illibata
603 1893 663 1921 etc.
682 1909 731 1920 -.
758 1892 881 1921 Datum
899 1893 987 1930 apud
1012 1893 1228 1925 Urbemvete-

220 1950 301 1977 rem,
321 1951 341 1971 ιι
362 1941 437 1972 idus
456 1942 581 1979 martii,
601 1952 687 1973 anno
703 1944 814 1974 tertio.
835 1953 851 1973 »

311 2110 404 2141 1010

821 2112 944 2146 Orvieto,
959 2114 976 2140 6
992 2122 1069 2141 mars
1086 2115 1155 2142 1204

253 2193 388 2227 Magistro
414 2194 521 2221 Oddoni
547 2195 580 2221 de
612 2195 798 2223 Saucheriaeo
830 2198 1022 2231 praebendam
1045 2199 1072 2225 in
1104 2199 1226 2228 ccclesia

219 2241 426 2273 Suessioncnsi,
447 2253 462 2270 a
481 2244 524 2274 R„
542 2252 565 2270 s.
584 2245 685 2279 Angcli
709 2246 831 2272 diacono
845 2247 996 2280 cardinali,
1017 2248 1224 2283 adjudicatam,

218 2290 379 2318 confirmat.
399 2292 475 2325 diac.
492 2294 537 2326 29,
559 2292 582 2319 so
598 2295 643 2326 30,
664 2298 697 2320 [ιο
714 2294 777 2329 58.)

256 2407 272 2426 ((
288 2397 437 2436 Μαρίείνο
463 2398 584 2429 Oddom'
608 2399 643 2430 de
669 2400 887 2437 Samboriaco,
916 2403 1060 2433 canonico
1089 2404 1225 2435 Suessio-

216 2450 312 2480 nem-i.
340 2451 386 2481 Ea
414 2461 477 2490 que
501 2453 640 2491 judium,
671 2456 732 2485 etc.
759 2463 866 2494 usque
896 2457 1109 2487 communiri.
1138 2458 1224 2489 Sane

214 2501 300 2534 lecta
321 2513 430 2534 coram
452 2505 549 2536 nobis
577 2507 767 2538 devotionis
798 2510 854 2539 tue
883 2509 1002 2547 petitio
1032 2510 1225 2542 continebat

215 2556 303 2595 quod
324 2565 394 2591 nos,
415 2557 447 2587 in
464 2567 565 2589 causa
581 2569 645 2598 que
662 2560 749 2591 inter
765 2563 796 2591 tc
814 2563 845 2592 et
856 2562 1048 2593 VValterum
1067 2563 1106 2594 de
1124 2564 1221 2601 Fara,

214 2609 411 2640 canonicum
421 2612 677 2643 Sucssioncnsis
693 2613 845 2649 ecclesie,
862 2623 964 2654 super
978 2615 1149 2654 prebenda
1159 2626 1223 2656 que

213 2662 343 2692 vacavit
372 2663 403 2693 in
431 2664 546 2694 eadem
574 2666 716 2696 ecclesia
738 2676 797 2706 per
822 2670 964 2698 mortem
987 2670 1142 2708 magistri
1162 2671 1223 2702 Ra·

213 2714 295 2745 dulfi
313 2715 352 2745 de
369 2716 543 2754 Vassliaco,
563 2718 790 2750 archidiaconi
811 2720 850 2751 de
871 2721 1037 2756 Tardano‚
1056 2723 1088 2753 in
1105 2724 1222 2754 eadem

212 2767 352 2798 ecclesia
368 2769 569 2805 vertebatur,
584 2780 641 2809 per
659 2773 920 2811 appellationem
934 2775 974 2804 ad
992 2775 1106 2806 sedem
1126 2785 1222 2815 apos-
1251 2786 1252 2791 ¹

210 2820 347 2851 tolicam
376 2821 525 2861 legitime
550 2824 718 2862 devoluta,
739 2826 899 2857 dilectum
929 2827 1037 2858 tilium
1066 2831 1220 2860 nostrum
1251 2853 1252 2861 ,

1251 2872 1252 2875 ’
1283 2881 1299 2902 »
1316 2873 1349 2903 in
1363 2872 1438 2911 jure
1455 2873 1616 2911 magister
1630 2873 1700 2903 (ΜΟ
1711 2873 1750 2903 de
1765 2871 2189 2907 Saucheriaco,canonicus
2200 2871 2301 2900 Sues-

243 2924 264 2948 1.
283 2924 326 2949 Ms
342 2932 346 2948 :
363 2926 516 2951 Bardomor.

1290 321 1345 357 R„
1360 321 1466 351 sancti
1486 321 1605 360 Angeli
1624 321 1800 352 diaconum
1818 322 2034 358 cardinalem,
2055 324 2211 354 dedimus
2229 334 2304 363 par-

1290 373 1383 403 tibus
1413 374 1612 409 auditorem,
1639 374 1696 413 qui
1725 375 1848 405 dilecto
1877 375 1946 405 tilio
1977 376 2140 414 magistro
2170 378 2303 408 Andree

1290 427 1437 465 Spiliati,
1457 427 1631 465 capellano
1660 430 1786 463 nostro,
1805 436 1939 458 causam
1958 430 2126 459 commisit
2147 431 2300 461 eandem.

1291 480 1386 510 L‘nde
1404 480 1490 510 idem
1509 480 1716 519 capellanus,
1739 481 1882 520 cognitis
1911 481 2020 519 ipsius
2048 490 2148 512 cause
2171 484 2303 513 meritis

1290 533 1321 562 et
1337 533 1424 571 juris
1449 533 1564 563 ordine
1581 533 1770 567 observato,
1790 543 1850 573 pro
1867 537 1898 564 te
1915 537 2070 573 presente
2090 537 2205 565 contra
2223 544 2303 566 eun—

1289 586 1365 616 dem
1376 586 1580 620 Walterum,
1593 587 1731 617 citatum
1746 587 1874 625 pluries
1888 588 1919 617 in
1934 588 2105 618 amlientia
2121 587 2255 626 publica
2270 591 2302 619 et

1290 640 1503 677 expectatum
1520 639 1660 676 diutius,
1676 641 1713 670 ut
1728 641 1778 670 est
1797 641 1913 674 moris,
1933 642 1965 670 et
1982 649 2040 679 per
2061 649 2095 670 se
2113 641 2165 670 vel
2184 650 2302 679 procu-

1290 694 1436 722 ratorem
1456 692 1624 731 ydoneum
1643 693 1782 723 minime
1802 696 2065 732 comparentem,
2084 694 2302 724 diffinitivam

1290 745 1493 775 sententiam
1510 746 1750 785 promulgavit,
1770 748 1867 784 prout
1886 747 1919 776 in
1936 747 2061 777 litteris
2083 747 2158 777 inde
2175 747 2290 777 consec

1289 798 1334 827 tis
1354 799 1385 828 et
1403 798 1555 836 ipsorum
1571 799 1754 829 cardinalis
1771 801 1802 829 et
1820 799 1984 838 capellani
2005 800 2130 839 sigillis
2148 800 2302 836 munitis,

1289 851 1424 889 plenius
1450 852 1651 882 continetur.
1675 853 1745 882 Nos
1771 852 1885 891 igitur,
1904 853 1974 882 tuis
1993 853 2302 892 supplicationibus

1290 904 1457 941 inclinati,
1486 905 1687 935 sententiam
1707 905 1913 944 hujusmodi,
1945 908 2045 944 prout
2063 907 2202 945 provide
2235 906 2303 936 lata

1290 959 1353 993 est,
1373 960 1479 988 ratam
1503 960 1537 988 et
1560 960 1690 998 gratam
1708 958 1883 993 habentes,
1899 967 1972 989 cam
1991 960 2190 990 auctoritate
2208 968 2304 998 apos·

1289 1010 1391 1041 tolica
1419 1011 1660 1041 confirmamus
1694 1013 1725 1041 et
1758 1012 1928 1050 presentis
1958 1012 2076 1050 scripti
2115 1012 2303 1051 patrocinio

1289 1064 1550 1098 communimus,
1574 1066 1726 1095 tenorem
1751 1064 1941 1095 litterarum
1964 1065 2113 1104 ipsarum
2135 1065 2175 1095 de
2199 1064 2302 1095 verbo

1289 1117 1331 1147 ad
1348 1117 1487 1147 verbum
1505 1117 1722 1156 presentibus
1738 1118 1843 1148 inseri
1864 1118 2037 1153 facientes,
2056 1118 2114 1157 qui
2133 1118 2210 1148 talis
2227 1120 2276 1148 est
2295 1127 2300 1146 :

1329 1180 1345 1201 «
1365 1171 1402 1201 In
1423 1170 1558 1201 nomine
1582 1171 1720 1201 Domini
1740 1180 1848 1201 amen.
1865 1171 2064 1201 Presidente
2083 1171 2225 1201 rationis
2243 1171 2305 1201 im-

1290 1225 1383 1263 perio
1400 1241 1449 1253 -.
1466 1224 1564 1259 Sane,
1583 1226 1722 1254 vacante
1747 1225 1890 1263 quadam
1907 1224 2078 1264 prebenda
2101 1225 2135 1254 in
2150 1224 2304 1255 Suessio-

1290 1277 1387 1307 nensi
1424 1277 1566 1308 ecclesia
1602 1286 1661 1316 per
1695 1279 1838 1308 mortem
1874 1277 2027 1317 magistri
2063 1277 2233 1316 Radulphi
2263 1277 2304 1308 de

1290 1331 1469 1367 Vailliaco,
1488 1330 1713 1361 archidiaconi
1743 1331 1894 1369 ejusdem
1922 1331 2064 1361 ecclesie
2081 1331 2114 1361 in
2134 1331 2302 1366 Tardano,

1290 1384 1461 1423 prebenda
1479 1384 1552 1423 ipsa
1576 1384 1739 1423 magistro
1758 1384 1880 1420 Odoni,
1905 1385 2064 1414 canonico
2082 1384 2233 1423 ejusdem
2253 1392 2304 1414 ec-

1291 1438 1406 1473 clesie,
1424 1438 1582 1468 canonice
1603 1438 1773 1476 assignata
1788 1438 1901 1468 extitit
1920 1440 1949 1467 et
1971 1438 2104 1474 collata,
2126 1437 2213 1468 idem
2236 1446 2303 1467 ma-

1290 1491 1394 1530 gister
1418 1490 1515 1522 Oddo
1546 1490 1607 1521 fuit
1640 1491 1672 1520 in
1698 1490 1794 1520 illius
1823 1491 2032 1529 corporalem
2049 1491 2303 1529 possessionem

1290 1544 1460 1580 inductus,
1480 1546 1618 1582 propter
1639 1544 1727 1582 quod
1747 1544 1923 1573 &Valterus
1943 1544 1982 1573 de
2007 1544 2105 1580 Fara,
2121 1543 2303 1574 canonicus

1290 1597 1440 1635 ejusdem
1461 1597 1614 1633 ecclesie,
1639 1597 1672 1626 in
1691 1596 1780 1626 dicta
1796 1596 1967 1635 prebenda
1983 1605 2018 1626 se
2035 1596 2092 1635 jus
2110 1595 2232 1626 habere
2251 1604 2303 1626 as-

1290 1658 1418 1687 serenS,
1430 1650 1471 1680 ad
1486 1650 1599 1680 sedem
1615 1650 1835 1688 apostolicam
1847 1649 2041 1688 appellavit.
2054 1650 2180 1680 Eodem
2191 1650 2303 1689 itaque

1290 1703 1453 1742 magistro
1479 1703 1629 1737 Oddone,
1646 1703 1744 1742 juxta
1764 1703 2042 1733 constitutionem
2063 1703 2173 1733 felicis
2191 1711 2304 1733 recor-

1290 1757 1438 1787 dationis
1461 1756 1589 1787 domini
1615 1756 1813 1790 innocentii,
1839 1758 1976 1795 propter
2003 1756 2062 1787 hoc
2092 1757 2132 1786 ad
2161 1756 2302 1787 eandem

1289 1810 1515 1849 personaliter
1538 1810 1728 1843 accedente,
1760 1810 1998 1840 sanctissimus
2025 1812 2121 1849 pater
2145 1809 2304 1840 dominus

1289 1863 1447 1894 Urbanus
1465 1872 1551 1902 papa
1566 1864 1643 1897 IIII,
1657 1864 1841 1894 reverendo
1859 1863 1892 1893 in
1910 1862 2043 1893 Christo
2060 1863 2148 1902 patri
2167 1863 2303 1893 domino

1288 1917 1343 1953 R„
1356 1917 1461 1946 sancti
1473 1916 1594 1955 Angeli
1610 1916 1750 1946 diacono
1766 1916 1943 1952 cardinali,
1955 1924 2091 1946 causam
2108 1915 2303 1954 hujusmodi

1289 1970 1491 2000 audiendam
1526 1969 1842 2008 terminandamque
1878 1969 2059 1999 commisit.
2091 1969 2196 1999 Porro
2227 1976 2299 2003 nos

1289 2023 1450 2062 magister
1472 2023 1625 2053 Andreas
1650 2022 1798 2061 Spiliati,
1823 2022 1974 2061 ejusdem
2000 2022 2129 2052 domini
2147 2030 2232 2060 pape
2250 2030 2302 2051 ca-

1288 2077 1456 2115 pellanus,
1482 2076 1535 2106 cui
1553 2076 1664 2106 dictus
1687 2076 1869 2106 cardinalis
1887 2084 2022 2105 causam
2043 2075 2151 2114 ipsam
2167 2075 2302 2105 commi-

1288 2130 1344 2166 sit,
1366 2129 1509 2160 eundem
1538 2129 1730 2159 XValterum
1759 2129 1889 2168 pluries
1910 2129 1944 2158 in
1968 2128 2140 2158 audientia
2167 2127 2303 2167 publica

1287 2183 1384 2214 citari
1403 2183 1546 2213 fecimus
1567 2185 1597 2213 et
1620 2183 1768 2218 tandem,
1787 2192 1847 2221 pro
1867 2191 1905 2212 eo
1923 2190 2035 2212 coram
2053 2181 2150 2212 nobis
2167 2182 2300 2212 nemine

1287 2238 1513 2275 comparente,
1528 2245 1732 2275 quamquam
1750 2244 1827 2266 eum
1843 2237 1917 2274 post
1934 2235 2115 2265 terminum
2135 2235 2169 2265 in
2186 2234 2301 2273 hujus-

1287 2290 1377 2320 modi
1392 2289 1632 2320 constitutione
1654 2291 1830 2322 statutum,
1847 2289 1975 2318 diutius
1992 2288 2297 2327 expectawrhnus,

1287 2343 1583 2381 pronuntiavimus
1599 2342 1723 2372 dictam
1738 2350 1873 2372 causam
1893 2350 1953 2380 per
1973 2341 2166 2380 hujusmodi
2185 2340 2299 2380 appel-

1286 2396 1446 2426 lationem
1459 2395 1569 2434 ipsius
1579 2395 1726 2426 Walteri
1740 2394 1809 2425 fore
1826 2395 1866 2425 ad
1883 2394 2069 2433 predictam
2086 2393 2200 2424 sedem
2219 2393 2300 2433 legi-

1285 2448 1366 2479 time
1380 2448 1574 2479 devolutam
1593 2449 1623 2478 et
1639 2447 1727 2486 apud
1746 2447 1860 2478 sedem
1879 2447 1989 2486 ipsam
2006 2447 2142 2477 tractari
2163 2446 2296 2478 debere.

1284 2502 1506 2532 Postmodum
1535 2510 1613 2531 vero
1635 2501 1724 2531 idem
1742 2501 1904 2539 magister
1921 2500 1992 2531 Odo
2012 2509 2124 2531 coram
2142 2499 2242 2530 nobis
2260 2499 2300 2530 li-

1284 2554 1412 2585 bellum
1429 2554 1552 2585 obtulit
1574 2553 1637 2584 sub
1655 2554 1714 2584 hac
1733 2553 1839 2584 forma
1857 2562 1862 2581 :

1324 2618 1340 2638 «
1358 2608 1478 2639 Coram
1495 2606 1603 2641 vobis,
1616 2607 1753 2637 domino
1765 2607 1900 2638 Andrea
1914 2606 2061 2645 Spiliati,
2073 2606 2201 2636 domiui
2215 2613 2300 2645 pape

1284 2670 1301 2690 »
1318 2660 1524 2691 subdiacono
1542 2663 1573 2691 et
1589 2660 1774 2699 capellano.
1794 2660 1847 2690 cui
1863 2659 2067 2690 venerabilis
2085 2662 2180 2699 pater
2197 2659 2302 2690 domi-

1284 2723 1300 2744 »
1317 2723 1381 2744 nus
1393 2714 1572 2749 RicarduS,
1585 2714 1691 2744 sancti
1707 2713 1825 2752 Angeli
1836 2714 1998 2743 diaconus
2010 2712 2206 2748 cardinali&
2215 2721 2233 2742 a
2245 2712 2301 2742 do-

1283 2776 1300 2796 »
1317 2767 1408 2798 mino
1425 2775 1511 2806 papa
1523 2766 1678 2805 partibus
1695 2767 1829 2797 ainlitor
1840 2767 1951 2801 datus,
1962 2774 2098 2796 causam
2109 2765 2174 2795 sibi
2194 2765 2226 2794 in
2239 2764 2298 2795 hac

1283 2828 1300 2849 »
1316 2821 1409 2859 parte
1428 2820 1647 2850 commissam
1669 2819 1764 2850 vobis
1790 2819 1972 2855 commisit,
1995 2819 2074 2849 dicit
2092 2821 2123 2848 et
2139 2817 2298 2856 proponit

1283 2934 1299 2955 »
1315 2925 1496 2959 sionensis,
1513 2928 1627 2956 contra
1641 2926 1832 2956 XValterum
1848 2925 1887 2955 de
1902 2925 2000 2961 Fara,
2011 2925 2083 2964 ejus
2099 2923 2298 2955 concanoni-
