2519 3262
1114 274 1365 306 APPENDICE
1388 274 1413 304 I.

222 371 358 401 inanem
376 379 410 400 ac
426 370 554 400 nullius
571 378 711 408 prorsus
724 370 869 400 existere
889 369 1078 404 firmitatis;
1092 371 1123 399 et
1134 368 1237 398 nichi-

222 424 372 454 lominus
398 423 585 454 venerabili
607 423 705 453 fratri
726 424 842 453 nostro
859 422 1018 461 episcopo
1044 421 1232 460 Anagnino,

222 477 348 507 nostris
364 476 427 507 sub
445 478 536 507 certa
553 476 661 507 forma
678 476 711 506 in
728 476 852 506 virtute
874 475 1063 506 obedientie
1081 474 1235 505 districte

222 531 380 561 dedimus
400 530 528 561 litteris
550 530 584 560 in
610 529 779 569 preceptis
802 532 837 559 ut
856 528 1047 567 hujusmodi
1064 527 1233 557 inhibitio-

222 593 297 614 nem
318 585 470 614 nostram
494 584 528 613 in
552 592 613 613 sua
630 583 766 613 civitate
786 591 822 612 ac
837 582 870 612 in
889 581 1046 612 omnibus
1066 581 1186 611 castris
1203 582 1235 610 et
1265 603 1267 632 Ι

220 637 305 668 locis
324 646 383 667 sue
404 636 562 676 dyocesis
583 645 642 675 per
661 645 696 666 se
719 636 771 666 vel
788 644 848 674 per
866 635 972 665 alium
989 643 1048 664 seu
1066 634 1152 663 alios
1172 633 1235 663 sol·
1265 639 1267 663 ὲ

221 691 403 729 lempniter
434 690 634 729 publicaret,
655 689 783 719 faciens
808 688 929 718 exinde
953 687 1070 717 confici
1099 686 1236 725 publica

221 744 449 774 instrumenta
464 745 493 774 et
504 743 746 773 nichilominus
758 741 1021 780 publicationem
1039 739 1234 779 hujusmodi

222 797 367 836 singulis
385 797 504 827 diebus
518 796 698 827 dominicis
710 797 741 826 et
756 794 889 825 festivis
901 794 935 823 in
947 793 1100 824 ecclesiis
1118 801 1235 823 earun-

221 851 296 881 dem
314 851 463 881 civitatis
482 852 513 880 et
537 849 682 880 diocesis
710 849 834 878 faceret
854 847 1019 882 innovari,
1046 846 1233 876 contradic-

221 906 313 935 tores
328 906 389 934 etc.
409 904 502 934 Idem
518 912 597 933 vero
613 902 804 941 episcopus,
821 901 908 930 sicut
920 899 1123 938 accepimus,
1142 907 1234 928 man-

221 958 336 988 datum
360 958 515 987 nostrum
534 963 705 994 exequens
727 954 919 993 diligenter,
940 952 1177 982 inhibitionem
1202 953 1233 982 et

220 1010 498 1041 constitutionem
533 1008 728 1048 hujusmodi
766 1006 1002 1045 sollempniter
1033 1005 1230 1044 publicavit.

259 1064 376 1102 Nuper
393 1065 504 1094 autem
522 1061 694 1092 intellecto
718 1060 807 1100 quod
827 1059 958 1090 nobiles
979 1059 1045 1089 viri
1061 1058 1232 1089 Johannes

217 1117 355 1157 Rogerii
372 1117 411 1147 de
435 1114 706 1146 Vallemontonis
721 1115 751 1144 et
768 1113 891 1144 Petrus
907 1112 1057 1152 Rogerii,
1083 1113 1156 1152 eJus
1179 1121 1233 1142 ne-

216 1179 291 1210 pos,
303 1170 473 1200 Johannes
492 1168 531 1198 de
552 1168 744 1198 Canturano
763 1175 892 1197 necnon
914 1168 945 1197 et
969 1165 1110 1196 heredes
1128 1174 1229 1204 quon-

217 1224 294 1254 dam
303 1222 480 1254 Tholomei
490 1222 529 1252 de
545 1220 817 1251 Vallemontonis
829 1220 860 1250 et
873 1219 1045 1250 Johannes
1059 1218 1098 1250 de
1108 1219 1232 1250 Sarmi-

215 1278 304 1313 neto,
338 1276 428 1306 cives
452 1275 635 1314 Anagnini,
667 1276 784 1304 contra
814 1272 1053 1303 inhibitionem
1077 1274 1231 1303 nostram

214 1331 341 1360 temere
357 1329 545 1365 venientes,
556 1328 658 1358 etiam
671 1328 747 1366 post
771 1327 923 1366 ejusdem
942 1325 1155 1356 inhibitionis
1170 1334 1232 1365 pu-

213 1382 443 1419 blicationem,
460 1383 500 1412 de
512 1381 686 1417 vassallis,
696 1380 810 1416 terris,
824 1379 983 1410 domibus
995 1379 1140 1418 aliisque
1153 1388 1232 1418 pos-

214 1436 429 1466 sessionibus
442 1437 474 1466 et
490 1435 662 1474 bonisque
671 1433 840 1464 habebant
851 1433 885 1463 in
901 1434 1012 1463 castro
1026 1433 1229 1468 Sarmineto,

213 1489 483 1526 Terracinensis,
493 1487 661 1528 dyocesis,
675 1487 843 1526 quendam
856 1486 1073 1516 alienationis
1085 1487 1232 1516 contrac-

213 1543 287 1572 tum
305 1544 421 1572 contra
442 1541 587 1572 formam
605 1541 692 1570 dicte
716 1539 933 1570 inhibitionis
950 1539 1109 1574 fecerant,
1129 1547 1232 1577 prop-

214 1597 266 1626 ter
282 1595 369 1634 quod
394 1604 499 1634 penas
518 1595 731 1625 incurrerant
747 1593 781 1623 in
798 1593 915 1624 eadem
933 1592 1135 1622 inhibitione
1155 1601 1231 1622 nos-

214 1650 267 1679 tra
281 1650 466 1683 contentas,
482 1656 544 1679 nos
557 1647 666 1678 eidem
680 1646 840 1686 episcopo
858 1648 890 1676 in
903 1646 1028 1676 virtute
1041 1645 1230 1676 obedientie

214 1711 274 1742 per
289 1703 374 1732 alias
396 1703 532 1732 nostras
554 1700 698 1730 firmiter
719 1699 933 1739 precepimus
956 1699 1089 1729 litteras
1104 1699 1141 1728 ut
1157 1707 1231 1729 con-

214 1757 359 1786 tractum
388 1754 585 1794 hujusmodi
608 1762 683 1784 cum
713 1761 924 1792 quacumque
949 1761 1104 1791 persona,
1129 1751 1229 1782 eccle-

215 1809 353 1840 siastica
370 1809 424 1839 vel
442 1808 601 1844 seculari,
630 1807 873 1846 cujuscumque
893 1807 1014 1842 status,
1041 1805 1229 1844 dignitatis,

214 1863 344 1894 ordinis
358 1862 412 1893 vel
423 1861 633 1892 condicionis
650 1861 825 1895 existeret,
843 1868 907 1898 que
920 1868 985 1889 non
1000 1861 1090 1889 esset
1106 1859 1145 1889 de
1157 1867 1230 1898 pre-

214 1916 314 1946 dictis
334 1915 520 1955 Campania
544 1914 598 1945 vel
622 1913 794 1944 Maritima
818 1915 850 1943 et
875 1913 996 1943 exinde
1021 1912 1174 1946 oriunda,
1198 1913 1230 1942 et

214 1979 278 2009 que
289 1978 355 2001 non
370 1970 460 2000 esset
476 1969 517 1999 de
530 1968 602 1998 foro
618 1967 758 1998 rectoris
775 1968 960 1997 memorate
972 1966 1155 2005 provincie,
1168 1965 1229 1995 ini-
1261 1978 1262 1991 κ

213 2025 298 2057 tum,
314 2022 449 2062 publice
465 2031 502 2052 ac
520 2021 758 2060 sollempniter
775 2020 924 2054 irritum,
944 2028 1088 2049 vacuum
1110 2021 1141 2049 et
1158 2019 1227 2049 ina-

213 2085 290 2107 nem
313 2077 344 2107 et
360 2075 491 2106 nullius
509 2075 657 2106 existere
676 2073 861 2109 firmitatis,
887 2072 1046 2103 omnibus
1066 2073 1230 2111 predictis

213 2129 387 2160 nobilibus
405 2129 606 2160 auctoritate
630 2130 746 2158 nost-ra
765 2127 908 2157 firmiter
927 2128 959 2157 et
982 2126 1135 2156 districte
1153 2134 1230 2165 pre-

213 2184 343 2223 cipiens
365 2184 401 2213 ut
420 2182 512 2212 infra
534 2185 603 2212 tres
622 2182 696 2212 dies
712 2182 789 2220 post
805 2181 1002 2219 preceptum
1020 2179 1228 2219 hujusmodi,

212 2236 402 2276 predictum
420 2236 629 2266 contractum
646 2234 876 2264 dissolverent
893 2234 925 2263 et
941 2232 1075 2271 publice
1094 2241 1230 2263 revoca-

212 2291 298 2326 rent,
319 2298 384 2320 non
410 2288 625 2319 obstantibus
650 2286 862 2327 quibuslibet
880 2286 990 2325 penis,
1014 2285 1230 2325 obligationi-

212 2342 287 2378 bus,
303 2342 507 2381 juramentis
518 2342 621 2372 etiam
638 2349 739 2380 super
751 2340 814 2371 hoc
829 2339 1054 2378 interpositis,
1071 2348 1090 2369 a
1106 2339 1230 2378 quibus

212 2404 270 2426 eos
294 2396 456 2426 duximus
486 2395 723 2430 absolvendos,
746 2396 779 2424 et
800 2393 925 2424 faceret
953 2393 992 2423 de
1016 2393 1229 2423 revocatione

212 2449 406 2489 huJ‘usmodi
432 2448 551 2479 confici
577 2447 751 2487 publicum
777 2447 1046 2477 instrumentum
1070 2446 1160 2485 quod
1188 2447 1229 2476 ad

212 2511 273 2533 nos
297 2511 357 2541 per
375 2511 474 2532 suum
496 2501 657 2531 nuncium
675 2501 883 2536 destinaret;
906 2500 994 2539 quod
1018 2499 1047 2529 si
1068 2499 1149 2530 dicti
1172 2508 1230 2530 no-

212 2556 300 2586 biles
319 2555 470 2594 ejusdem
488 2554 650 2593 episcopi,
674 2553 779 2584 immo
796 2553 909 2592 potius
932 2554 1059 2588 nostro,
1088 2561 1155 2583 non
1178 2561 1229 2583 ac—

212 2609 427 2648 quiescerent
442 2608 478 2638 in
492 2607 553 2638 hac
563 2609 658 2646 parte
670 2608 841 2646 precepto,
853 2607 942 2637 idem
956 2606 1134 2645 episcopus
1148 2606 1228 2637 illos

213 2671 255 2693 ex
280 2663 374 2701 parte
397 2662 514 2692 nostra
537 2660 764 2700 peremptorie
788 2659 891 2691 citare
922 2660 1054 2690 curaret
1077 2661 1114 2689 ut
1137 2659 1228 2690 infra

213 2717 286 2746 octo
307 2715 379 2745 dies
398 2715 475 2753 post
488 2714 683 2744 citationem
700 2721 798 2743 suam
814 2715 1051 2751 comparerent
1067 2720 1229 2751 persona-

213 2768 292 2799 liter
306 2776 420 2798 coram
438 2766 536 2798 nobis
557 2765 767 2797 satisfacturi
793 2764 891 2796 nobis
910 2765 951 2795 de
971 2773 1057 2803 pena
1075 2764 1110 2795 in
1125 2773 1227 2804 quam

213 2821 401 2852 inciderant
417 2822 450 2851 et
463 2819 549 2851 alias
561 2822 678 2850 nostra
695 2827 798 2858 super
812 2818 880 2848 hiis
901 2818 1052 2848 audituri
1068 2818 1227 2849 mandata

215 2877 246 2906 et
268 2874 451 2905 efficaciter
471 2873 660 2913 impleturi.

254 2930 383 2959 Verum
417 2928 508 2967 quia,
539 2927 626 2958 sicut
654 2927 692 2957 tu
723 2925 822 2956 nobis
851 2934 1020 2965 exponere
1049 2925 1225 2961 curavisti,

213 2981 384 3013 Johannes
408 2980 546 3020 Rogerii
574 2980 700 3019 aliique
726 2979 868 3018 predicti
889 2982 1000 3009 tecum
1025 2977 1226 3017 hujusmodi

2263 278 2299 307 23

1292 367 1398 397 iniere
1418 366 1638 402 contractum,
1660 367 1761 404 tuque
1786 366 2022 400 vassallorum,
2042 368 2220 405 terrarum,
2243 370 2296 399 ‹lo-

1293 428 1425 450 morum
1461 428 1497 449 ac
1533 419 1788 457 possessionum
1821 421 1852 449 et
1874 419 2040 450 bonorum
2069 421 2295 459 predictorum

1292 472 1404 512 precio
1423 472 1551 502 eisdem
1582 472 1754 502 nobilibus
1779 473 1963 511 persoluto,
1984 475 2163 513 antequam
2188 475 2227 504 ad
2250 475 2294 514 ip-

1292 534 1367 556 sum
1382 525 1578 564 episcopum
1597 524 1789 563 hujusmodi
1806 528 1918 556 nostre
1935 527 2081 557 secunde
2097 527 2209 558 littere
2227 537 2297 566 per-

1292 578 1477 614 venissent,
1507 578 1759 616 possessionem
1787 579 1928 617 adeptus
1960 579 2073 610 fueras
2104 581 2297 617 eorundem,

1292 641 1353 662 nos
1368 631 1428 662 hec
1442 632 1568 661 attente
1580 633 1759 670 pensantes
1774 633 1805 662 et
1821 632 2073 663 considerantes
2092 633 2192 663 etiam
2207 634 2295 673 quod

1264 680 1267 690 ’
1292 686 1406 715 nostre
1427 684 1626 714 intentionis
1646 693 1710 714 non
1730 684 1843 714 extitit
1863 685 1895 714 in
1919 685 2112 724 hujusmodi
2136 687 2299 724 generali-

1291 740 1358 768 tate
1376 736 1569 772 verborum,
1586 737 1743 768 videlicet
1768 748 1833 767 rum
1857 748 2036 778 quacunque
2055 749 2186 779 persona
2210 742 2300 769 cccle-

1290 791 1412 820 siaslica
1431 789 1478 820 vel
1490 790 1630 827 seculari,
1646 791 1850 830 cujuscunque
1869 796 1975 827 status,
1994 791 2161 831 diynilatis,
2181 793 2298 823 ordinis

1291 843 1340 874 vel
1358 843 1543 873 condicionis
1557 844 1676 880 existat,
1692 845 1725 875 te
1741 844 1793 874 vel
1806 845 1911 874 alium
1930 846 2211 884 comprehendere
2231 855 2299 877 car-

1291 897 1451 934 dinalem,
1479 898 1547 928 tuis
1572 897 1880 936 supplicationibus
1905 898 2070 934 inclinati,
2101 908 2297 938 processum

1264 971 1265 974 =
1290 950 1432 988 predicti
1451 951 1601 990 episcopi
1623 951 1804 990 Anagnini,
1829 951 1858 981 si
1878 951 1955 990 quis
1981 952 2014 982 in
2038 952 2098 983 hac
2115 955 2209 992 parte
2239 962 2297 992 per

1291 1012 1368 1033 eum
1396 1006 1512 1034 contra
1529 1004 1661 1034 nobiles
1680 1006 1712 1035 et
1728 1006 1936 1035 contractum
1961 1005 2144 1044 predictos,
2169 1015 2228 1045 per
2246 1015 2297 1038 se-

1291 1057 1418 1087 cundas
1444 1057 1575 1088 litteras
1602 1058 1736 1088 nostras
1757 1058 1798 1088 ad
1830 1067 1907 1089 eum
1934 1067 2036 1097 super
2060 1059 2121 1090 hoc
2139 1059 2297 1096 directas,

1291 1111 1341 1140 est
1366 1110 1514 1146 habitus,
1539 1111 1737 1142 auctoritate
1762 1112 1973 1150 presentium
1996 1112 2146 1143 totaliter
2165 1122 2298 1144 revoca·

1291 1172 1378 1198 mus⁷
1402 1164 1621 1195 decernentes
1637 1165 1772 1195 eosdem
1804 1165 1937 1196 nobiles
1960 1174 2064 1204 penas
2089 1166 2123 1196 in
2146 1167 2297 1205 predicta

1290 1219 1406 1248 nostra
1432 1217 1633 1248 inhibitione
1662 1220 1849 1255 contentas,
1882 1219 2077 1250 nullatenus
2110 1220 2294 1250 incurrisse

1290 1271 1451 1310 ipsosque
1470 1279 1489 1301 a
1518 1272 1717 1302 necessitate
1735 1272 1892 1302 veniendi
1911 1274 2050 1312 propter
2069 1272 2130 1303 hoc
2157 1273 2198 1303 ad
2225 1282 2300 1304 nos-

1288 1325 1376 1354 tram
1392 1324 1611 1363 presentiam,
1630 1325 1805 1355 occasione
1823 1325 1993 1356 citationis
2015 1326 2220 1365 hujusmodi,
2244 1327 2300 1358 ab-

1290 1377 1472 1408 solventes.
1497 1378 1591 1408 Nulli
1621 1387 1700 1417 ergo
1729 1380 1843 1409 nostre
1867 1379 2104 1416 revocationis
2136 1381 2300 1411 constitu-

1288 1431 1392 1462 tionis
1416 1433 1447 1462 et
1470 1432 1694 1463 absolutionis
1728 1434 1790 1462 etc.
1810 1433 1936 1463 Datum
1966 1433 2056 1472 apud
2080 1433 2300 1466 Urbemvete-

1288 1493 1370 1521 rem,
1390 1494 1448 1515 vui
1465 1485 1630 1516 kalendas
1646 1485 1739 1524 maii,
1758 1494 1844 1516 anno
1861 1487 2017 1517 secundo.
2037 1495 2054 1516 )›

1378 1645 1474 1676 2845

1322 1738 1458 1765 Omnium
1477 1739 1665 1766 ecclesiarum
1689 1739 1824 1774 praelatis
1846 1740 1963 1767 nunciat
1991 1748 2021 1767 se
2045 1740 2160 1767 beatum
2186 1741 2298 1768 Riccar·

1287 1788 1366 1818 dum,
1381 1788 1525 1822 quondam
1539 1789 1705 1822 episcopum
1722 1789 1931 1816 Cicestrensem
1944 1789 2119 1821 mirabilem,
2134 1790 2163 1816 in
2180 1790 2250 1817 festo
2270 1791 2296 1819 b.

1287 1837 1429 1864 Vincentii
1448 1845 1478 1864 xi
1502 1838 1639 1864 kalendas
1659 1838 1804 1869 februarii,
1828 1842 1995 1866 sanctorum
2019 1839 2152 1874 catalogo
2168 1840 2297 1874 adscrip-

1287 1886 1360 1913 sisse
1377 1886 1473 1921 eisque
1497 1888 1615 1914 mandat
1636 1890 1666 1914 ut
1687 1894 1720 1914 111
1742 1895 1831 1914 nonas
1853 1887 1952 1922 aprilis
1970 1887 2121 1915 celebriter
2137 1888 2196 1924 ejus
2220 1888 2294 1915 festa

1286 1936 1444 1963 celebrent.
1469 1936 1634 1968 (Bonnmux
1658 1936 1722 1969 761,
1752 1942 1783 1962 n⁰
1803 1937 1872 1967 5643
1897 1937 2017 1963 [attic.
2044 1944 2058 1963 c
2096 1937 2142 1970 49,
2168 1943 2200 1963 n⁰
2224 1938 2295 1970 274,

1287 1985 1363 2011 Bina.
1385 1985 1482 2011 Vane.
1500 1986 1580 2016 6735,
1598 1991 1627 2010 n0
1646 1985 1657 2012 1
1675 1992 1680 2010 z
1705 1985 1783 2012 ssmt.
1805 1986 1876 2012 Nar.
1900 1986 1980 2016 4311,
2001 1992 2031 2012 n⁰
2047 1986 2071 2013 l.
2089 1986 2167 2012 Bm.
2189 1987 2295 2014 VAT1c.

1286 2035 1365 2064 3977,
1380 2038 1411 2060 [1⁰
1422 2034 1474 2062 430
1488 2041 1496 2066 3
1512 2034 1590 2060 ssmr.
1606 2034 1677 2060 Nu.
1701 2034 1794 2065 14173,
1812 2039 1845 2060 n⁰
1858 2034 1925 2064 340;
1946 2035 2107 2067 PoTTuAsr,
2128 2035 2241 2067 18232.)

1325 2137 1342 2158 «
1362 2127 1591 2157 Venerabilibus
1603 2127 1755 2166 fratribus
1773 2127 2021 2167 archiepiscopis,
2043 2128 2193 2168 episcopis
2209 2134 2236 2158 et
2251 2127 2298 2158 di-

1287 2180 1369 2210 lectis
1386 2180 1462 2218 filiis
1478 2180 1635 2210 abbatibus
1649 2186 1675 2210 et
1688 2180 1758 2210 aliis
1772 2180 1964 2210 ecclesiarum
1979 2180 2110 2221 prelatis
2123 2186 2178 2212 etc.
2195 2181 2296 2212 Exul-

1285 2237 1333 2265 tet
1350 2234 1500 2274 angelica
1518 2234 1616 2264 turba
1633 2251 1682 2263 —-.
1704 2243 1720 2264 »

1375 2396 1473 2426 284ss

1319 2488 1430 2515 Decano
1446 2490 1474 2514 et
1494 2488 1619 2522 capitulo
1637 2487 1863 2514 Cicestrensibus
1891 2486 2018 2521 indulget
2044 2489 2073 2513 ut
2097 2494 2199 2520 corpus
2217 2485 2293 2512 beati

1284 2536 1412 2564 Riccardi
1440 2537 1469 2563 in
1494 2537 1590 2564 locum
1608 2536 1701 2571 magis
1713 2538 1884 2570 oportunum
1914 2535 2082 2569 transferre,
2104 2535 2293 2570 ejusdemque

1284 2585 1484 2613 translationis
1503 2585 1579 2612 diem
1593 2585 1745 2620 quotannis
1765 2584 1909 2611 celebrare
1926 2584 2052 2615 valeant,
2074 2591 2164 2610 unum
2183 2591 2292 2610 annum

1284 2634 1417 2662 omnibus
1434 2635 1481 2669 qui
1504 2634 1585 2670 hujus
1602 2633 1800 2660 translationis
1816 2636 1843 2660 et
1861 2632 2052 2668 quadraginta
2076 2632 2136 2659 dies
2157 2631 2293 2659 omnibus

1284 2683 1331 2719 qui
1340 2683 1536 2710 anniversario
1545 2683 1590 2710 die
1598 2683 1725 2718 ejusdem
1738 2681 1935 2709 translationis
1947 2681 2027 2709 sestis
2037 2681 2197 2708 intererunt
2205 2682 2239 2708 de
2252 2681 2295 2708 in-

1280 2733 1388 2769 junctis
1404 2732 1589 2767 poenitentiis
1602 2731 1765 2758 relaxando.
1781 2731 1946 2766 (Bonnaanx
1957 2732 2019 2762 761,
2035 2734 2068 2757 n⁰
2080 2732 2148 2763 565,-
2169 2731 2292 2758 VALLic.

1283 2790 1298 2809 c
1318 2782 1363 2815 49,
1379 2787 1409 2808 n0
1423 2783 1494 2814 2753
1511 2782 1589 2808 Bmt.
1607 2781 1704 2807 Varie.
1721 2781 1801 2812 (5735,
1817 2785 1849 2806 n⁰
1865 2781 1903 2812 23
1921 2780 1998 2807 Bm.
2016 2780 2088 2807 Nar.
2103 2779 2184 2811 4311,
2200 2785 2232 2806 n⁰
2254 2780 2292 2813 2;

1283 2831 1361 2857 Bm.
1377 2831 1569 2862 VAT1c.3977,
1589 2835 1619 2856 n⁰
1631 2830 1699 2858 431:
1717 2829 1883 2856 B1811.N.⁵.T.
1898 2829 1997 2863 14193,
2013 2833 2047 2856 110
2063 2829 2141 2861 340.)

1325 2933 1339 2953 ((
1360 2923 1479 2953 Βεεαηο
1495 2928 1522 2953 et
1539 2922 1676 2963 capitulo
1695 2921 1940 2953 cicestr-ensibus.
1956 2921 2156 2952 Laudabilis
2173 2923 2205 2952 et
2221 2921 2294 2952 lon—

1283 2985 1364 3017 geve
1382 2994 1430 3006 -.
1457 2986 1472 3006 »
