2519 3262
282 182 341 218 378

285 278 361 304 taxat
380 276 531 311 pertinent,
558 276 657 302 relicto
682 274 881 302 ecclesiastico
905 273 1012 309 judice.
1037 274 1064 300 in
1087 273 1147 300 soro
1173 272 1296 300 seculari

286 326 436 353 convenire
453 327 648 360 praesumant.
668 324 746 359 (Rau.
774 324 818 354 29,
839 323 886 350 sol.
905 323 966 353 248,
990 326 1021 349 n⁰
1041 322 1125 352 1330;
1149 322 1297 349 PorrnAsr

288 375 397 406 18731.)

327 491 343 510 ((
372 480 614 520 ,stt-cleiepiscopis
637 484 663 508 el
680 479 826 518 episcopis
842 489 876 507 ac
896 478 1015 508 dilectis
1035 478 1109 518 filiis
1126 478 1296 515 abhatibus,

283 533 448 573 prioribus,
461 532 592 569 decanis,
605 531 830 561 archidiaconis
840 537 866 561 ee
881 531 950 561 aliis
963 530 1155 561 ecclesiarum
1165 530 1297 571 prelatis

285 596 334 616 seu
348 585 512 615 rectoribus
535 596 568 614 ac
586 585 734 614 universis
755 585 873 614 clericis
890 595 946 625 per
974 585 1134 615 Yberniam
1151 584 1296 614 constitu-

286 640 334 668 tis.
356 639 566 669 Provisionis
584 641 696 669 nostre
714 638 890 677 provenire
913 656 961 668 —.
982 638 1104 668 Datum
1126 638 1214 676 apud
1235 638 1295 668 Ur-

286 693 522 726 bemveterem,
541 692 695 722 kalendis
711 691 912 728 decembris,
930 700 1013 721 anno
1028 691 1137 721 tertio.
1159 699 1175 720 »

778 848 901 879 Orvieto,
919 849 953 875 22
969 849 1122 875 novembre
1144 848 1221 875 1263.

374 850 471 880 2282

320 933 456 967 Episcopo
473 933 624 960 Mutinensi
638 933 753 960 mandat
771 935 800 960 ut
815 941 831 960 a
847 933 1005 965 Mansredo,
1023 932 1113 959 electo
1126 932 1293 961 Veronensi.

283 981 451 1016 plebanatus
464 981 556 1016 plebis
572 990 594 1008 s.
619 982 731 1015 Vitalis,
748 982 872 1017 Reginae
891 981 1022 1012 diocesis.
1045 981 1238 1016 resignatione
1252 990 1294 1007 re-

282 1033 374 1065 cepta,
393 1031 526 1057 eumdem
547 1030 730 1065 plebanatum
758 1030 889 1057 Albcrico
912 1031 945 1057 de
966 1030 1072 1061 Pinizo,
1092 1030 1206 1063 clerico,
1228 1032 1295 1056 nato

284 1079 388 1106 nobilis
404 1079 456 1106 viri
471 1079 587 1107 Rolandi
603 1081 636 1107 de
651 1080 793 1112 Robcrtis,
811 1080 949 1115 assignet.
969 1080 1049 1115 (linc.
1062 1081 1106 1111 29,
1123 1079 1170 1106 sol.
1186 1079 1237 1107 248
1254 1084 1294 1111 v0,

282 1133 313 1154 n⁰
328 1128 421 1164 1331.)

323 1247 338 1267 «
365 1237 519 1277 Episcopo
536 1237 711 1267 Mutinensi
731 1237 814 1268 Cum
838 1237 981 1267 dilectus
998 1236 1089 1266 filius
1106 1253 1154 1264 —.
1170 1236 1293 1266 Datum

285 1291 372 1330 apud
404 1290 692 1325 Urbemveterem,
725 1300 747 1321 x
779 1290 942 1321 kalendas
974 1289 1173 1325 decembris,
1207 1297 1293 1320 anno

283 1344 392 1375 tertio.
411 1352 428 1374 »

781 1498 904 1531 Ort-icto,
921 1500 955 1526 26
970 1499 1123 1525 novembre
1144 1498 1221 1525 1263.

372 1503 467 1534 2283

319 1586 455 1620 Episcopo
477 1585 651 1620 Lingonensi
672 1584 797 1619 indulget
819 1586 846 1610 ut
866 1582 983 1618 Symoni
1001 1583 1035 1609 de
1056 1582 1186 1616 Buxeria,
1206 1581 1294 1616 ipsius

283 1635 389 1669 nepoti,
405 1635 438 1661 de
455 1634 548 1669 aliquo
569 1635 722 1668 personatu
736 1633 779 1659 vel
796 1631 936 1667 dignitate
952 1631 1140 1666 Lingonensis
1157 1630 1294 1657 ecclesiae

283 1684 376 1710 valeat
392 1683 551 1717 providere.
573 1683 649 1717 (llas.
664 1684 708 1713 29,
729 1681 776 1708 fol.
793 1682 845 1710 248
862 1686 898 1711 νο,
917 1687 945 1707 n‘*
964 1680 1055 1715 1332.)

323 1800 339 1821 ((
358 1790 514 1830 Episcopo
533 1789 727 1829 Linqommsi.
747 1788 984 1819 Fraternitatis
1001 1789 1057 1818 tue
1075 1788 1230 1826 prompta
1243 1805 1292 1816 —.

283 1844 408 1874 Datum
432 1843 519 1882 apud
545 1843 833 1878 Urbemveterem,
861 1851 892 1871 ν]
913 1841 1075 1872 kalendas
1093 1840 1293 1876 decembris,

283 1905 370 1928 anno
386 1897 497 1927 tertio.
518 1905 535 1925 »

783 2053 906 2086 Orvieto,
930 2054 958 2080 11
972 2053 1123 2079 decembre
1145 2053 1220 2079 1263.

373 2056 470 2088 2284

319 2139 420 2167 Abbati
437 2148 460 2166 S.
478 2138 622 2166 Saturnini
637 2141 662 2165 et
683 2137 853 2165 cancellario
864 2137 1002 2164 ecclesiae
1017 2137 1195 2163 'l’liolosanae
1213 2145 1293 2163 man-

283 2189 330 2216 dat
346 2191 376 2216 ut
393 2188 533 2223 magistro
548 2188 642 2216 Petro,
658 2187 735 2214 dicto
748 2187 851 2215 Armet.
865 2186 967 2213 rectori
983 2186 1120 2213 eeclesiae
1134 2186 1167 2211 de
1184 2194 1206 2211 s.
1223 2185 1294 2211 Mar-

282 2237 341 2265 tino
361 2240 387 2264 et
414 2238 447 2264 de
469 2237 594 2267 Raissac,
617 2235 856 2263 Carcassonensis
875 2234 1009 2267 diocesis,
1035 2235 1069 2261 de
1086 2234 1181 2268 aliquo
1206 2233 1293 2261 eccle-

282 2287 397 2314 siastico
425 2286 562 2314 beneficio
587 2285 616 2312 in
640 2285 746 2312 diocesi
767 2284 998 2315 Carcassonensi,
1026 2284 1062 2310 ad
1086 2283 1292 2318 cujuscumque

281 2335 463 2363 collationem
482 2337 639 2370 spectante,
671 2335 788 2361 obtentu
820 2333 954 2368 magistri
985 2331 1145 2366 Michaelis,
1174 2335 1291 2359 sanctae

281 2385 425 2412 Romanae
440 2384 576 2411 ecclesiae
588 2383 826 2414 vicecancellarii,
842 2382 1022 2417 provideant,
1041 2381 1161 2409 ecclesia
1178 2390 1200 2408 s.
1222 2381 1292 2408 Mar·

281 2433 332 2460 tini
350 2433 427 2468 prius
440 2433 570 2460 dimissa.
589 2433 668 2468 (REG.
686 2434 730 2463 29,
754 2432 802 2459 sol.
820 2432 871 2459 248
888 2437 923 2465 νο,
942 2437 971 2458 n⁰
988 2431 1080 2464 1333.)

320 2550 334 2569 (t
355 2563 361 2570 .
379 2564 384 2569 .
401 2539 538 2569 abbatis,
554 2538 729 2575 Saturnini,
750 2543 775 2567 ec
796 2561 803 2568 .
820 2563 826 2568 .
848 2536 1031 2567 cancellario
1049 2536 1168 2566 ecclesie
1184 2535 1291 2565 Tholo-

278 2604 359 2624 sane.
380 2593 562 2624 Probitatis
585 2594 618 2623 et
636 2592 775 2622 scientie
791 2609 839 2622 —.
860 2592 984 2622 Datum
1002 2590 1090 2629 apud
1107 2589 1291 2620 Urbemve-

278 2649 395 2684 terem,
419 2656 453 2676 ιιι
471 2646 546 2676 idus
564 2644 762 2680 decembris,
780 2653 866 2675 anno
883 2644 994 2675 tertio.
1015 2653 1029 2672 »

776 2805 900 2833 Orvieto.
914 2807 946 2832 27
965 2805 1122 2833 novembre
1139 2805 1214 2832 1263.

367 2808 462 2839 2285

313 2891 422 2917 bucano
436 2890 574 2917 ecclesiae
585 2889 842 2917 Autissiodorensis
853 2890 969 2917 mandat
982 2892 1010 2917 ut
1021 2888 1142 2916 Jolianni
1153 2889 1186 2915 tle
1199 2889 1286 2916 luter·

1037 186 1283 219 REGISTRES
1313 186 1525 218 D'L'nnAIN
1559 187 1614 217 lv.

1354 273 1424 299 duas
1440 281 1538 307 aquas,
1553 272 1691 299 canonico
1705 271 1871 303 senonensi,
1891 271 1937 306 qui
1958 270 2108 298 dimidiam
2127 272 2318 306 praebendam
2339 273 2366 299 in

1355 322 1454 348 eadem
1481 321 1601 348 ecclesia
1618 321 1751 352 obtinuit,
1769 321 1886 348 obtentu
1908 320 2041 356 magistri
2056 320 2203 351 johannis,
2222 322 2368 355 generalis

1353 370 1492 397 auditoris
1523 378 1674 397 causarum
1703 377 1836 396 camerae
1865 369 2050 404 apostolicae,
2077 369 2167 404 ipsius
2189 370 2313 404 nepotis,
2333 371 2368 397 de

1354 420 1516 454 praebenda
1555 419 1680 453 integra,
1710 419 1791 454 juxta
1823 419 1954 446 ordinem
1991 419 2176 453 receptionis,
2208 419 2367 453 provideat.

1353 468 1433 502 (Rau.
1454 469 1497 499 29,
1517 468 1562 494 l'ol.
1579 468 1641 498 229,
1657 472 1688 494 n⁰
1711 468 1800 502 ¹334)

1394 583 1408 601 «
1432 572 1553 601 Decano
1580 571 1700 601 ecclesie
1722 571 1992 602 Aueisiodnrensis.
2016 571 2181 610 Exposuit
2207 571 2304 602 nobis
2321 572 2368 602 di-

1352 626 1460 656 lectus
1483 644 1532 654 —.
1564 626 1688 656 Datum
1720 625 1806 664 apud
1839 625 2127 659 Urbemveterem,
2159 633 2177 653 v
2206 625 2370 656 kalendas

1352 678 1552 715 decembris,
1573 687 1659 709 anno
1678 679 1788 708 tertio.
1811 690 1824 704 »

1862 844 1987 877 Orvieto,
2012 847 2028 873 5
2045 845 2199 872 decembre
2219 846 2295 873 1263.

1441 848 1539 879 2286

1387 931 1543 967 Paganello
1583 932 1616 957 dc
1647 931 1790 962 Pomaria,
1819 931 1957 958 canonico
1990 931 2112 962 Lucano,
2144 930 2292 966 capellano
2323 931 2367 962 0.,

1353 989 1375 1007 s,
1394 980 1510 1007 Adriani
1524 979 1636 1007 diaconi
1652 979 1819 1014 cardinalis,
1835 979 1964 1014 indulget
1979 982 2019 1011 ut,
2033 988 2090 1006 non
2102 979 2233 1007 obstante
2249 980 2324 1014 quod
2339 979 2369 1007 in

1350 1030 1550 1060 Gerardinum,
1576 1028 1714 1056 ecclesiae
1742 1029 1870 1056 Lucanae
1899 1028 2080 1060 canonicum,
2106 1027 2246 1055 violentas
2269 1027 2368 1064 injecit

1352 1087 1464 1113 manus,
1476 1079 1503 1105 in
1519 1079 1619 1105 eadem
1637 1077 1758 1105 ecclesia
1768 1077 1922 1105 canonicus
1937 1085 2087 1105 remancre
2102 1077 2206 1104 valcat.
2224 1077 2302 1111 (Rea.
2321 1077 2368 1112 29,

1351 1127 1399 1155 fol.
1416 1129 1479 1161 249,
1495 1132 1526 1154 n⁹
1549 1127 1639 1162 1335.)

1392 1247 1405 1265 (t
1434 1235 1604 1276 I’aycmello
1632 1234 1668 1265 de
1692 1235 1850 1272 I'orcaria,
1877 1234 2022 1264 canonico
2048 1233 2183 1270 Lucano,
2208 1233 2368 1274 capellano

1351 1290 1455 1320 dilecti
1479 1289 1539 1329 filii
1563 1290 1610 1323 (1.,
1629 1299 1653 1318 s.
1678 1288 1813 1318 Adriani
1839 1287 1960 1318 diaconi
1986 1286 2164 1317 cardinalis.
2190 1287 2228 1317 In
2253 1289 2369 1318 nostra

1351 1343 1555 1374 constitutus
1571 1359 1620 1372 —.
1642 1342 1767 1372 Datum
1787 1341 1875 1380 apud
1894 1340 2182 1377 Urbemveterem,
2199 1340 2298 1371 nonis
2314 1341 2370 1371 de-

1351 1396 1508 1431 cembris,
1526 1404 1612 1426 anno
1629 1395 1740 1426 tertio.
1761 1405 1776 1424 »

1440 1564 1538 1594 2287
1873 1560 1997 1591 Orvieto‚
2016 1562 2032 1588 5
2047 1559 2198 1587 decembre
2219 1560 2296 1587 1263.

1387 1647 1526 1682 Episcopo
1553 1646 1666 1673 Sutrino
1693 1646 1808 1672 mandat
1834 1647 1864 1672 ut
1892 1645 2204 1680 archipresbyteratum
2231 1643 2370 1671 ecclesiae

1351 1696 1521 1730 Nepesinae,
1536 1695 1616 1730 cnjus
1630 1697 1783 1729 proventus
1796 1694 1949 1721 annualem
1967 1693 2095 1721 valorem
2113 1694 2212 1720 decem
2226 1692 2366 1720 librarum

1352 1745 1519 1780 pisanorum
1536 1751 1689 1779 parvorum
1709 1752 1765 1770 non
1778 1744 1927 1774 excedunt,
1945 1743 2078 1774 Tineoso,
2094 1742 2263 1777 presbytero
2280 1741 2370 1768 cccle-

1352 1794 1411 1821 siae
1429 1793 1574 1828 praesatae
1586 1792 1735 1824 canonico,
1750 1792 1878 1818 conferat
1890 1795 1916 1818 et
1931 1791 2070 1826 assignet.
2087 1791 2168 1825 (lieo.
2180 1791 2224 1822 29,
2241 1789 2288 1817 sol.
2305 1790 2368 1820 249,

1351 1849 1380 1869 n⁰
1396 1842 1488 1877 1336.)

1392 1960 1406 1978 «
1426 1949 1579 1989 Episcopo
1593 1948 1731 1977 Sutrino.
1749 1947 1844 1982 Cum,
1864 1947 1950 1977 sicut
1967 1947 2159 1985 accepimus
2174 1963 2223 1974 —.
2242 1945 2368 1976 Datum

1351 2003 1439 2042 apud
1460 2002 1748 2037 Urbemveterem,
1776 2001 1875 2030 nonis
1895 1999 2096 2035 decembris,
2118 2007 2204 2030 anno
2223 1999 2332 2030 tertio.
2353 2010 2367 2027 n

1841 2165 1965 2197 orricio,
1988 2166 2029 2192 1⁰³
2045 2165 2197 2192 decembre
2215 2165 2293 2192 1263.

1439 2169 1537 2199 2288

1386 2251 1579 2286 lnsrasrriptis
1599 2252 1715 2278 mandat
1735 2251 1878 2285 inquirant
1896 2251 1928 2277 de
1946 2250 2098 2277 latrocinio
2118 2250 2146 2276 in
2164 2250 2298 2277 sacristia
2316 2250 2367 2277 Bo-

1350 2301 1497 2328 noniensis
1514 2300 1650 2327 ecclesiae
1675 2302 1849 2335 perpetrato.
1868 2300 1948 2334 (nm.
1964 2300 2008 2331 29,
2025 2299 2073 2326 sol.
2093 2299 2145 2326 249
2165 2305 2203 2332 τ’,
2223 2303 2255 2325 n⁰
2277 2299 2366 2332 1337.)

1391 2416 1405 2434 «
1421 2406 1521 2442 stell-0,
1536 2405 1614 2435 dicto
1626 2405 1780 2444 Capreto,
1793 2405 1937 2434 canonico
1951 2403 2147 2440 Bononiensi,
2162 2408 2191 2433 et
2204 2402 2366 2434 Franci-sco

1349 2459 1385 2489 de
1395 2459 1487 2499 Buys,
1496 2458 1752 2500 archipresbitero
1760 2457 1794 2488 de
1802 2457 1957 2492 Salusera,
1967 2455 2264 2487 lmolensisdiocesis.
2274 2456 2365 2487 Olim

1349 2513 1389 2543 ad
1408 2513 1614 2543 audientiam
1631 2513 1781 2542 nostram
1798 2511 1929 2550 perlato
1945 2511 2033 2550 quod
2052 2511 2190 2549 qnidam
2207 2509 2366 2549 iniquita-

1348 2565 1474 2601 tistilii.
1487 2566 1525 2595 ad
1543 2565 1739 2596 thesaurum
1754 2564 1895 2595 ecclesie
1910 2563 2135 2594 Bononiensis
2148 2571 2184 2594 ac
2199 2562 2265 2593 alia
2276 2562 2363 2594 bona

1349 2628 1412 2658 que
1432 2619 1586 2658 deposita
1604 2620 1699 2649 erant
1718 2619 1750 2648 in
1770 2617 1925 2648 sacristia
1942 2617 2051 2656 ipsius
2066 2616 2219 2653 ecclesie,
2236 2616 2365 2656 cupidi-

1348 2672 1427 2702 tatis
1466 2671 1598 2710 injectis
1627 2671 1746 2706 oculis,
1783 2671 1824 2700 ad
1851 2670 1991 2701 eandem
2022 2669 2225 2704 sacristiam,
2254 2669 2363 2699 noctis

1348 2726 1509 2764 tempore,
1529 2733 1613 2755 ausu
1631 2724 1811 2755 temerario
1829 2725 2052 2758 accesserant,
2075 2724 2105 2753 et
2123 2730 2224 2761 quam
2248 2729 2364 2753 conce-

1319 2767 1320 2770 *
1347 2780 1464 2817 perant
1484 2778 1669 2817 nequitiam
1687 2777 1911 2816 producentes
1929 2777 1963 2806 in
1984 2778 2106 2806 actum.
2124 2775 2292 2815 quondam
2310 2783 2363 2805 sa·

1346 2831 1482 2861 cristam
1502 2831 1611 2870 ipsius
1630 2830 1770 2861 ecclesie
1787 2839 1824 2860 ac
1840 2831 1993 2868 nepotem
2010 2829 2161 2868 ejusdem
2178 2829 2255 2859 ante
2271 2827 2361 2858 sores

1316 2896 1318 2906 Α
1346 2884 1486 2915 ecclesie
1501 2883 1676 2923 prelibato,
1695 2885 1893 2923 suggerente
1907 2882 2044 2912 humani
2055 2881 2190 2921 generis
2208 2881 2358 2915 inimico,
