2519 3262
1022 185 1262 223 TROISIEME
1293 184 1456 222 ANNEE.

288 278 386 309 2326

690 275 814 307 Orvieto,
835 276 865 303 18
885 276 1037 302 decembre
1061 276 1139 302 1263.

232 361 343 387 Decano
369 363 398 388 ct
415 360 540 395 capitulo
567 360 705 388 ecclcsiae
723 361 748 386 b.
774 360 878 387 Mariae
902 359 1086 393 Nigellensis,
1110 358 1210 385 Novio-

195 410 305 437 mensis
322 410 456 443 diocesis,
474 410 605 444 indulget
614 412 644 436 ut
657 410 811 436 Robertum
826 409 927 436 Leonis
944 408 1093 435 clericum.
1111 410 1209 434 natum

197 459 330 494 magistri
348 460 509 494 Raymundi
526 459 692 492 Lombardi‚
709 459 737 485 in
758 458 928 485 canonicum
945 457 1072 491 recipere
1084 457 1208 484 valeant.

195 509 276 541 (Rrec.
299 509 343 541 29,
369 507 416 534 sol.
435 508 497 539 258,
518 513 546 534 11θ
563 508 651 540 1375)

238 633 253 652 (t
272 622 392 652 Decano
420 627 448 652 et
468 621 604 662 capitulo
624 621 745 652 ecclesie
764 621 904 651 b.Mc1›·ie
930 621 1125 660 Niqellensis,
1146 621 1210 651 No-

196 675 358 705 viomense's
377 675 515 705 diocesis.
533 676 582 706 Ex
598 678 692 714 parte
707 676 820 705 vestra
835 693 884 705 —.
899 675 1022 704 Datum
1043 675 1131 713 apud
1150 675 1211 705 [Τ-

197 728 437 766 hemveterem,
456 737 501 759 xv
518 728 682 758 kalendas
697 727 858 767 januarii,
876 736 962 757 anno
979 729 1093 758 tertio.
1114 740 1128 755 »

695 900 819 929 Orvieto,
836 901 870 927 26
886 901 1040 927 novembre
1063 901 1137 928 12o3.

286 903 384 934 2327

233 985 369 1020 Magistro
386 985 519 1017 Johanni,
536 985 738 1011 archidiacono
756 985 942 1011 Tricastrino.
959 985 1110 1019 capellano
1128 993 1211 1019 apos-

197 1034 294 1065 tolico,
312 1035 431 1060 obtentu
448 1034 495 1067 M„
512 1042 535 1060 s.
551 1033 656 1060 Mariae
670 1033 698 1060 in
713 1033 828 1060 l'orticu
842 1033 956 1060 diaconi
974 1033 1143 1063 cardinalis,
1165 1042 1213 1060 cu-

192 1083 240 1119 jus
261 1084 355 1110 socius
370 1085 398 1110 ct
414 1082 620 1110 commensalis
636 1082 743 1113 existit,
762 1082 965 1110 canonicatum
985 1083 1124 1109 ccclesiae
1147 1082 1212 1108 ΔΧηί-

193 1132 301 1159 ciensis
315 1140 380 1159 cum
397 1132 560 1167 praebenda
575 1132 694 1159 confert.
714 1132 792 1164 (nno.
815 1132 859 1161 29,
878 1131 925 1159 l'ol.
944 1132 996 1159 258
1017 1136 1055 1163 v⁰‚
1072 1138 1101 1158 11⁰
1121 1131 1212 1163 13715.)

236 1253 254 1274 ((
270 1244 418 1283 Magistro
434 1243 579 1279 Johanni,
596 1243 815 1273 archidiacono
836 1243 1035 1280 Tricastrino,
1053 1242 1212 1282 capellano

196 1302 311 1335 nostro,
328 1297 473 1327 canonico
487 1297 654 1328 Aniciensi.
670 1297 721 1327 Ad
738 1297 925 1327 faciendam
944 1296 1004 1327 tibi
1025 1314 1071 1325 —.
1088 1297 1212 1326 Datum

196 1351 286 1390 apud
313 1350 603 1387 Urbemveterem,
636 1359 668 1380 vi
699 1350 861 1380 kalendas
900 1349 1100 1385 decembris,
1127 1358 1212 1380 anno

195 1405 310 1435 tertio.
334 1414 349 1433 ›)

289 1573 387 1604 2328

703 1570 827 1602 Orvieto,
844 1571 877 1597 26
892 1571 1046 1597 novembre
1065 1571 1140 1598 1203.

234 1652 455 1679 Aurasicensem
481 1654 509 1678 et
545 1652 836 1685 Carpentoratenscm
868 1650 1017 1685 episcopos
1050 1650 1213 1685 praedictae

195 1701 360 1728 collationis
379 1700 528 1728 constituit
544 1703 720 1727 executores.
735 1700 811 1734 (lino.
825 1701 870 1732 29,
890 1699 938 1726 fol.
959 1699 1010 1726 258
1026 1705 1062 1732 νο,
1081 1700 1215 1731 1101377.)

241 1826 255 1841 α
275 1839 281 1844 .
300 1838 306 1844 .
326 1812 532 1846 Aurasicensz',
552 1816 598 1841 et.
616 1835 622 1841 .
639 1810 912 1851 Carpcnloralensi
928 1809 1087 1850 episcopis.
1104 1810 1155 1840 Ad
1170 1810 1213 1840 sa-

195 1867 353 1897 ciendam
379 1866 501 1896 dilecto
530 1883 578 1894 -—.
606 1865 730 1895 Datum
759 1864 848 1903 apud
872 1863 1161 1900 Urbemveterem,
1182 1872 1213 1892 vi

198 1920 364 1951 kalendas
381 1919 582 1956 decembris,
603 1927 689 1948 anno
710 1917 822 1948 tertio.
840 1929 854 1945 »

291 2092 388 2123 2329
736 2088 862 2122 Orvieto,
875 2088 910 2116 30
928 2088 1045 2114 octobre
1066 2087 1143 2116 1203.

235 2176 372 2211 Magistro
395 2175 550 2202 Lambcrto
575 2175 608 2201 de
637 2173 770 2204 Ghisnes,
797 2172 973 2200 subdiacono
1008 2173 1036 2198 et
1067 2170 1215 2206 capellano

197 2225 368 2260 apostolico⁷
392 2224 531 2251 canonico
555 2222 740 2253 Virdunensi,
763 2222 879 2249 mandat
898 2224 928 2248 ut
955 2221 982 2248 in
1001 2220 1215 2255 possessionem

198 2274 330 2302 beneficii
349 2276 377 2301 et
392 2273 579 2300 canonicatus
594 2272 733 2299 ecclesiae
751 2270 966 2304 Ambianensis‚
981 2270 1148 2297 vacantium
1169 2278 1218 2304 per

200 2326 326 2350 mortem
350 2322 483 2357 magistri
506 2321 623 2352 Odonis,
641 2322 787 2356 quondam
806 2320 895 2355 ipsius
920 2319 1057 2346 ecclesiae
1074 2319 1216 2347 canonici,

196 2372 384 2400 Godefridum
413 2371 624 2406 presbyterum,
642 2372 784 2397 rectorem
804 2370 941 2396 ecclesiae
962 2369 996 2395 de
1017 2368 1170 2395 Yillaribus
1190 2368 1217 2395 in

200 2421 351 2456 Boscagio,
369 2420 571 2447 Ambianensis
586 2419 722 2451 diocesis,
744 2420 892 2452 inducant,
917 2420 1015 2445 amoto
1033 2418 1068 2444 ab
1084 2417 1125 2444 eis
1143 2417 1218 2445 Guil-

199 2470 298 2500 lehno,
315 2469 452 2496 canonico
469 2468 606 2496 ecclesiae
622 2469 656 2495 de
667 2468 848 2501 Melloto,cui
861 2476 917 2494 non
933 2467 1075 2494 sacerdoti
1085 2467 1218 2494 existenti

199 2520 236 2546 ab
247 2519 380 2553 episcopo
390 2517 587 2551 Arnbianensi,
597 2519 664 2544 tunc
677 2516 939 2551 excommunicato,
952 2516 1099 2551 provisum
1114 2515 1216 2542 tuerat.

200 2569 283 2603 (Rae.
300 2568 344 2599 29,
365 2567 414 2594 sol.
432 2567 495 2600 259,
514 2570 546 2592 n⁰
567 2566 658 2601 1378.)

242 2690 258 2709 «
277 2679 425 2719 Maqistro
440 2677 599 2707 Lamberto
613 2676 648 2706 de
664 2676 801 2713 Ghssnes,
814 2676 999 2707 subdiacono
1009 2682 1036 2707 et
1054 2676 1217 2717 capellano

200 2737 319 2767 nostro,
350 2731 495 2761 canonico
522 2729 713 2760 Virdzmensi.
744 2730 847 2766 Olim,
865 2730 952 2760 Sicut
981 2730 1147 2760 asseritur
1166 2747 1216 2759 ——.

204 2787 329 2817 Datum
349 2785 438 2824 apud
456 2783 746 2818 Urbemveterem,
769 2792 804 2812 ιιι
825 2783 989 2814 kalendas
1011 2783 1218 2818 novembris,

200 2848 294 2870 anno
312 2839 424 2869 tertio.
446 2848 461 2867 i)

334 2943 472 2970 Uanus
495 2941 548 2974 IV,
566 2943 588 2968 t.
609 2939 665 2973 ΙΙΙ,
688 2941 751 2974 Περ.
774 2939 834 2966 ord.

2221 198 2279 227 385

1359 276 1456 306 2330

1761 275 1885 308 (stricto,
1903 276 1936 302 20
1952 278 2107 304 novembre
2133 278 2207 305 1203.

1304 358 1441 392 Episcopo
1466 358 1622 384 'l‘udcrtino
1647 359 1765 385 mandat
1791 361 1818 385 ut
1844 359 1931 385 nobili
1945 360 2004 386 viro
2024 361 2181 391 Leontii-do,
2200 362 2276 389 dicto

1268 407 1410 433 Fulcaemo
1426 408 1458 433 de
1476 407 1569 440 Trois,
1591 408 1626 433 ab
1646 407 1775 434 hostibus
1801 408 1938 435 ecclesiae
1956 409 2038 435 bonis
2057 409 2116 436 suis
2143 411 2280 437 destituto

1267 457 1295 481 et
1311 456 1426 482 exulare
1445 459 1556 489 coacto,
1570 456 1598 482 in
1619 458 1790 484 necessariis
1809 459 1844 484 ab
1862 466 1917 484 uno
1934 458 1976 484 vel
1996 458 2123 492 pluribus
2139 462 2281 486 monaste·

1268 504 1317 531 riis
1341 505 1511 538 Spolctanae
1528 505 1651 533 diocesis
1669 506 1811 540 provideri
1836 507 1934 533 sat-iai.
1953 507 2030 542 (ltsso.
2043 508 2086 537 29,
2105 508 2154 535 sol.
2172 510 2223 535 2:39
2241 514 2280 540 νυ,

1268 559 1296 579 n⁰
1311 554 1403 587 1379.)

1309 659 1498 700 «Episcopo
1526 660 1704 691 Tucim-tino.
1733 662 1947 692 Constitutus
1972 663 2005 692 in
2030 663 2199 701 presentia
2229 682 2279 692 —.

1268 713 1392 742 Datum
1412 714 1501 751 apud
1526 714 1814 748 Urhemveterem,
1836 725 1871 744 ιιι
1892 715 2055 745 kalendas
2079 716 2280 752 decembris,

1269 774 1355 796 anno
1372 767 1481 797 tertio.
1503 777 1517 795 »

1360 929 1454 960 2331

1768 929 1893 962 orvietO,
1912 930 1942 957 18
1960 930 2113 956 decembre
2134 930 2208 957 1203.

1306 1012 1444 1046 Episcopo
1471 1011 1642 1039 Viterbiensi
1664 1013 1783 1039 mandat
1809 1016 1835 1039 ut
1862 1013 1979 1040 Nicolao
2004 1014 2128 1045 Viviani,
2149 1014 2281 1049 scriptori

1270 1061 1439 1095 apostolico,
1454 1070 1466 1087 c
1479 1062 1592 1088 inonico
1606 1061 1744 1088 ecclesiae
1764 1070 1786 1088 S.
1807 1062 1892 1088 Marci
1912 1063 1945 1089 de
1969 1063 2052 1093 Urbe,
2068 1062 2225 1096 prioratum
2243 1071 2284 1090 se-

1270 1110 1396 1137 cularem
1408 1110 1546 1137 ecelesiae
1564 1119 1586 1137 s.
1605 1110 1708 1137 Mariae
1730 1111 1763 1137 de
1785 1111 1884 1143 lsscda,
1900 1112 1936 1137 ad
1953 1111 2041 1145 ipsius
2059 1112 2184 1146 episcopi
2199 1112 2284 1139 colla-

1270 1160 1378 1186 tionem
1397 1162 1587 1194 spectantem,
1606 1159 1745 1194 assignet.
1764 1161 1842 1194 (lilio.
1859 1161 1904 1193 20,
1921 1160 1968 1187 sol.
1989 1162 2090 1192 25111»,
2107 1166 2138 1187 110
2157 1162 2247 1195 1380.)

1311 1265 1503 1304 «Episcopo
1526 1265 1716 1295 Viterbiensi.
1740 1265 1872 1296 Meritis
1900 1265 2082 1296 laudabilis
2107 1275 2285 1298 conversa-

1270 1319 1374 1349 tionis
1396 1336 1444 1349 ——.
1470 1320 1593 1349 Datum
1620 1319 1708 1358 apud
1734 1319 2024 1353 Urbemvetere1n,
2052 1328 2096 1349 xv
2121 1320 2284 1350 kalendas

1268 1373 1428 1412 januarii,
1450 1381 1536 1402 anno
1555 1372 1666 1402 tertio.
1688 1383 1702 1401 ))

1362 1535 1458 1566 2332

1770 1533 1894 1565 Orvicto,
1912 1535 1941 1561 17
1957 1535 2112 1561 novembre
2134 1536 2209 1563 1203.

1307 1619 1418 1644 Decano
1439 1618 1596 1645 Parisiensi
1619 1619 1734 1645 mandat
1754 1620 1782 1644 ut
1801 1627 1901 1645 omnes
1915 1627 2108 1653 quascumque
2126 1619 2283 1646 sententias

1272 1667 1399 1701 prolatas
1410 1668 1560 1694 occasione
1575 1668 1791 1702 praepositurae
1802 1667 1993 1694 Cliablearum
2004 1668 2032 1694 in
2041 1668 2164 1695 eeclesia
2175 1678 2196 1694 s.
2211 1669 2284 1695 Mar-

1272 1716 1323 1743 tini
1338 1716 1526 1749 Turonensis,
1544 1716 1696 1743 Guillelnio
1712 1716 1891 1743 thesaurario
1911 1717 2068 1744 Senonensi
2085 1717 2218 1751 collatae,
2241 1726 2285 1744 re-

1272 1765 1358 1792 laxet.
1378 1765 1458 1797 (neo.
1475 1766 1520 1796 zo,
1540 1766 1588 1792 1‘01.
1608 1766 1660 1792 259
1676 1771 1712 1795 w,
1733 1759 1871 1795 11'01331.)

1275 1903 1278 1906 ,
1313 1880 1327 1899 1(
1345 1869 1465 1899 Det-ano
1484 1869 1664 1899 parisiensi.
1689 1871 1739 1900 Ex
1758 1872 1852 1908 parte
1873 1870 1988 1900 dilecti
2009 1870 2071 1900 filii
2094 1870 2283 1907 (willelmi,

1272 1923 1478 1953 thesaurarii
1495 1923 1714 1961 Senonensis,
1734 1924 1887 1963 germani
1906 1924 2080 1954 karissimi
2100 1924 2133 1954 in
2152 1924 2286 1954 Christo

1274 1977 1336 2007 filii
1356 1977 1463 2007 nostri
1483 2000 1489 2006 .
1511 2000 1517 2006 .
1534 1977 1682 2007 illustris
1698 1977 1788 2016 regis
1804 1978 1966 2011 Nmarre,
1989 1978 2123 2007 comitis
2145 1978 2286 2016 Campa-

1274 2030 1342 2067 nie,
1358 2030 1423 2060 fnit
1441 2029 1655 2068 propositum
1672 2039 1785 2060 corani
1811 2029 1908 2060 nobis
1934 2030 2034 2068 quod,
2054 2032 2191 2060 vacante
2215 2038 2287 2069 pre-

1274 2083 1428 2122 positura
1447 2082 1671 2113 Clrablearuni
1690 2083 1723 2112 in
1738 2083 1881 2113 ecclesia
1901 2083 2008 2113 sancti
2024 2084 2160 2113 Martini
2182 2084 2287 2114 'l'uro-

1275 2136 1403 2173 nensis,
1421 2159 1426 2165 .
1447 2160 1452 2165 .
1484 2137 1632 2166 decanus
1660 2136 1768 2174 ipsius
1795 2137 1949 2172 ecclesie,
1971 2137 2011 2166 ad
2030 2146 2129 2175 quem
2152 2136 2287 2167 collatio

1276 2191 1428 2230 ejusdem
1456 2190 1670 2228 prepositure
1694 2190 1864 2228 pertinere
1881 2190 2080 2226 dinoscitur,
2099 2191 2286 2229 prepositu-

1277 2253 1348 2274 ram
1366 2244 1476 2282 ipsam
1495 2244 1582 2274 dicto
1601 2243 1785 2274 Guillelmo
1805 2244 1957 2274 conferre
1975 2244 2114 2274 curavit.
2135 2244 2288 2274 Dilectus

1276 2306 1411 2337 quoque
1427 2297 1519 2327 filius
1539 2297 1752 2327 Percivallus
1771 2297 1810 2327 de
1831 2297 1991 2333 Lavania,
2011 2296 2239 2327 subdiaconus
2257 2298 2289 2327 et

1277 2351 1474 2390 capellanus
1493 2352 1618 2385 noster,
1631 2350 1813 2380 canonicus
1829 2350 2036 2385 Baiocensis,
2048 2351 2207 2380 executor
2223 2358 2288 2379 una

1278 2414 1353 2436 cum
1373 2405 1495 2434 dilecto
1514 2403 1584 2433 silio
1601 2403 1753 2433 Johanne
1773 2403 2003 2439 Pantaleonis,
2030 2402 2235 2433 subdiacono
2257 2404 2289 2433 et

1277 2459 1452 2498 capellano
1481 2459 1608 2493 nostro,
1626 2456 1859 2486 archidiacono
1887 2456 2135 2491 Canieracensi,
2150 2456 2183 2486 in
2202 2456 2290 2487 dicta

1278 2512 1420 2543 ecclesia
1446 2511 1485 2541 de
1511 2511 1693 2549 personatu
1723 2509 1775 2540 vel
1804 2509 1966 2548 dignitate
1991 2511 2048 2540 aut
2077 2510 2292 2549 prepositura

1279 2566 1459 2604 deputatus
1479 2574 1496 2594 a
1526 2563 1634 2599 nobis,
1654 2563 1706 2593 cui
1730 2563 1840 2593 dietus
1859 2563 2030 2593 „Iohannes
2045 2572 2147 2602 super
2167 2563 2228 2594 hoc
2246 2563 2291 2593 vi-

1279 2628 1333 2649 ces
1350 2627 1442 2654 suas,
1462 2619 1561 2656 prout
1579 2617 1756 2653 asseritur,
1777 2616 2005 2653 commiserat,
2029 2617 2152 2646 dictam
2172 2626 2290 2656 prepo-

1281 2673 1424 2702 situram
1450 2671 1559 2700 eidem
1578 2669 1813 2700 arclssdiacono
1831 2670 1956 2699 dicitur
1981 2669 2180 2706 contulisse,
2203 2678 2239 2700 ae
2257 2670 2291 2699 in

1280 2725 1545 2756 contradictores
1573 2725 1605 2753 et
1630 2722 1775 2753 rebelles
1798 2724 1829 2753 et
1845 2723 2138 2753 contravenientes
2160 2731 2293 2753 excom-

1280 2778 1534 2814 municationis,
1563 2776 1802 2816 suspensionis
1839 2778 1870 2806 et
1902 2776 2074 2806 interdicti
2107 2776 2292 2806 sententias

1281 2832 1528 2871 promulgasse.
1547 2831 1658 2866 Quare
1686 2830 1796 2860 dictus
1813 2829 2018 2861 Gnillelmus
2036 2828 2134 2859 nobis
2158 2829 2292 2860 humili-

1281 2887 1331 2916 ter
1348 2884 1552 2924 supplicavit
1571 2886 1617 2918 ut,
1632 2893 1707 2914 cum
1732 2884 1849 2914 exorta
1867 2883 1954 2913 Inter
1970 2883 2083 2921 ipsum
2102 2884 2133 2913 et
2151 2883 2293 2913 eundem

2136 2936 2171 2964 49
