2519 3262
1070 196 1308 235 TROISIEME
1340 195 1502 232 ANNEE.

244 290 492 321 sententialiter
509 289 714 329 adjudicavit
733 289 884 325 eandem,
902 297 1003 327 super
1022 287 1167 326 ipsatibi
1185 295 1258 326 per-
1289 308 1291 310 v

243 345 384 383 petuum
417 343 593 374 silentium
621 343 836 382 imponendo.
857 342 1015 372 Ceterum
1038 341 1127 370 idem
1153 340 1260 370 cardi-
1290 357 1291 362 =

244 397 345 433 nalis,
371 406 412 427 ne
440 398 477 427 tu
500 405 559 435 spe
588 396 747 435 quamde
774 394 989 425 ordinatione
1019 394 1090 423 sive
1118 393 1258 423 arbitrio

244 450 354 489 ipsius
383 458 598 488 conceperas,
625 449 762 479 omnino
790 447 978 482 frustreris
997 447 1056 477 sed
1080 447 1258 476 comodum

244 503 440 542 assequaris
459 512 500 533 ex
513 511 562 539 eo,
583 503 622 532 de
640 501 780 540 speciali
797 500 954 530 mandato
972 502 1087 530 nostro
1104 501 1135 529 et
1148 501 1259 529 aucto-

244 556 343 586 ritate
375 555 559 586 arbitratus
587 554 662 591 fuit,
693 554 874 590 ordinavit,
907 553 1025 583 statuit
1050 554 1081 583 et
1112 552 1259 591 providit

245 609 334 648 quod
359 611 395 639 tu
412 609 531 639 tandiu
557 607 773 637 medietatem
792 606 962 636 fructuum
985 608 1014 636 et
1033 607 1258 644 proventuum

243 664 479 701 perceptorum
496 669 538 691 ex
564 660 653 690 dicta
675 659 845 698 prebenda
866 668 884 689 a
905 662 1054 698 tempore
1074 659 1260 688 vacationis

245 715 355 753 ipsius
383 716 415 745 et
433 713 729 752 percipiendorum
748 712 873 743 habeas
897 714 928 743 et
957 712 1136 751 percipias,
1164 712 1258 742 cotti-

245 766 674 798 dianisdistributionibus
689 766 867 796 dumtaxat
887 765 1051 804 exceptis,
1072 766 1177 795 donec
1196 765 1259 795 due

243 820 412 859 prebende
426 819 591 850 vacabunt
604 820 637 849 in
648 819 792 850 ecclesia
807 819 1018 858 supradicta;
1032 820 1063 849 et
1076 819 1104 849 si
1120 818 1260 857 preben-

245 873 321 903 dam
332 873 442 912 primo
453 873 648 903 vacaturam
661 872 788 902 ibidem
798 872 935 910 pacifice
948 872 1056 902 fueris
1071 873 1260 908 assecutus,

244 934 286 957 ex
305 929 382 956 tunc
398 926 451 956 vel
468 927 650 964 postquam
668 926 731 956 due
748 925 917 964 prebende
937 925 1102 955 vacabunt
1120 925 1154 954 in
1172 925 1262 954 dicta

243 979 398 1015 ecclesia,
416 979 545 1010 fructus
561 980 592 1009 et
602 980 787 1018 proventus
803 979 890 1009 dicte
900 978 1069 1017 prebende
1087 979 1153 1017 ipsi
1170 987 1262 1017 pres·
1291 1001 1293 1010 2

242 1032 362 1072 bytero
383 1033 512 1071 integre
538 1033 737 1062 remaneant
757 1033 789 1062 et
811 1032 851 1061 ad
872 1032 1094 1070 prestandum
1114 1031 1175 1062 tibi
1196 1032 1262 1062 dic-

242 1086 313 1116 tam
336 1086 553 1116 medietatem
575 1085 770 1116 nullatenus
793 1086 959 1116 teneatur.
983 1085 1140 1115 Decrevit
1158 1085 1260 1115 etiam
1292 1110 1293 1121 ,

244 1140 453 1169 memoratus
482 1138 665 1169 cardinalis
696 1138 896 1168 auctoritate
924 1139 1075 1177 predicta
1107 1139 1197 1177 quod
1224 1140 1260 1168 tu
1292 1174 1293 1180 ἵ

243 1191 346 1222 3113111
362 1191 569 1230 prebendam
588 1192 622 1221 in
640 1192 811 1230 sepedicta
829 1191 972 1222 ecclesia
988 1192 1182 1222 vacaturam
1198 1191 1261 1222 tibi

243 1245 283 1275 de
298 1245 373 1283 jure
391 1245 540 1276 debitam
556 1245 764 1284 assequaris,
779 1246 810 1275 et
827 1246 917 1284 quod
935 1245 976 1275 ad
994 1254 1094 1276 onera
1111 1245 1261 1284 quelibet

243 1307 307 1337 que
333 1298 421 1329 dicto
443 1298 643 1338 presbytero
668 1299 798 1328 ratione
822 1299 909 1329 dicte
935 1298 1105 1337 prebende
1125 1307 1261 1337 quomo-

242 1351 370 1382 dolibet
390 1352 618 1390 imponentur,
637 1352 777 1382 minime
797 1353 956 1387 tenearis,
974 1353 1073 1391 prout
1089 1352 1123 1382 in
1137 1353 1262 1382 instru-

244 1406 357 1435 mento
385 1405 521 1444 publico
550 1405 628 1436 inde
652 1405 814 1442 confecto,
842 1406 992 1443 sigillato
1012 1406 1126 1445 sigillo
1151 1405 1261 1444 ipsius

243 1458 439 1495 cardinalis,
459 1459 594 1497 plenius
611 1459 736 1488 dicitur
759 1459 935 1489 contineri.
956 1459 1027 1489 Nos
1049 1459 1173 1498 itaque,
1192 1459 1262 1488 tuis

244 1511 553 1550 supplicationibus
567 1511 734 1548 inclinati,
746 1512 836 1550 quod
854 1520 956 1550 super
971 1511 1032 1542 hoc
1046 1512 1261 1550 pei-eundem

245 1564 452 1594 cardinalem
466 1573 526 1602 pro
539 1566 571 1594 te
590 1564 715 1594 factum
732 1566 794 1601 est,
816 1566 926 1594 ratum
939 1566 970 1595 et
987 1565 1122 1595 firmum
1138 1565 1261 1595 haben-

244 1619 307 1654 tes,
325 1618 358 1648 id
377 1618 577 1649 auctoritate
588 1618 774 1657 apostolica
791 1618 1032 1649 confirmamus
1044 1621 1075 1649 et
1090 1619 1261 1658 presentis

246 1671 364 1709 scripti
394 1671 582 1710 patrocinio
613 1672 876 1702 communimus.
909 1672 1004 1702 Nulli
1039 1681 1116 1711 ergo
1148 1674 1261 1703 nostre

245 1724 512 1755 confirmationis
541 1726 616 1758 etc.‚
640 1733 749 1764 usque
774 1725 1000 1755 incursurum.
1020 1726 1145 1756 Datum
1174 1726 1262 1764 apud

246 1777 536 1814 Urbemveterem,
558 1787 576 1807 v
594 1777 672 1808 idus
691 1778 822 1816 aprilis,
842 1787 928 1808 311110
946 1778 1057 1808 tertio.
1076 1788 1092 1807 »

337 1969 433 1999 1122
844 1968 970 2001 Orvieio,
989 1968 1004 1995 9
1019 1968 1092 1995 avril
1111 1968 1189 1996 1202.

281 2051 422 2078 Abbatem
448 2060 470 2078 s.
502 2051 648 2079 Laurentii
674 2051 858 2079 Novariensis
883 2052 1048 2086 praedictae
1071 2053 1262 2081 ordinationis

247 2104 431 2127 executorem
448 2100 609 2128 constituit.
632 2101 711 2135 (Rae.
729 2102 773 2134 29,
796 2101 845 2128 sol.
864 2102 907 2134 72,
926 2110 957 2128 no
976 2102 1051 2136 171.)

285 2219 302 2240 ((
328 2234 334 2240 .
354 2233 359 2239 .
380 2209 483 2239 abbati
508 2220 531 2241 s.
560 2210 723 2240 Laurentii
748 2210 960 2240 Novaricnsz's.
993 2211 1117 2242 petitio
1147 2212 1263 2243 dilecti

244 2263 308 2293 filii
326 2282 373 2292 —.
400 2264 525 2294 Datum
544 2264 634 2303 apud
660 2264 950 2301 Urbemveterem,
982 2274 998 2293 v
1025 2265 1102 2295 idus
1129 2265 1260 2304 aprilis,

245 2325 332 2348 anno
352 2317 464 2347 tertio.
487 2327 502 2346 i)

341 2499 436 2530 1123

822 2499 946 2526 Orvicto.
963 2500 996 2526 20*
1015 2508 1093 2526 mars
1111 2500 1188 2527 1204.

284 2581 415 2617 Rogerio,
437 2583 504 2608 nato
530 2581 634 2608 Matbei
654 2582 842 2615 Deomidiedi,
870 2583 1063 2617 praebendam
1088 2583 1117 2610 in
1140 2583 1262 2611 ecclesia

246 2631 411 2658 Florentina
430 2639 446 2657 a
462 2631 505 2661 G„
523 2630 598 2657 tituli
618 2640 641 2657 s.
661 2631 747 2658 Marci
763 2632 930 2666 presbytero
948 2632 1098 2667 cardinali,
1118 2633 1262 2668 adjudica—

248 2682 320 2711 tam,
337 2680 500 2707 confirmat.
519 2679 597 2712 (Bne.
614 2679 658 2711 29,
676 2679 725 2706 fol.
741 2681 784 2711 72,
799 2681 854 2707 col.
873 2681 945 2715 172.)

288 2798 305 2819 (‹
324 2788 467 2828 Roqere'o,
484 2791 554 2817 nato
566 2787 682 2817 Mathei
695 2787 894 2824 Deomz'dicdz',
908 2788 1053 2818 canonico
1072 2787 1261 2819 Florentino.

249 2841 299 2872 Ea
316 2850 379 2881 que
394 2841 522 2881 judicio
550 2841 604 2871 vel
622 2841 800 2871 concordia
818 2842 894 2878 etc.‚
919 2850 1026 2880 usque
1044 2842 1260 2872 communiri.

249 2894 410 2925 Exhibita
429 2894 598 2933 siquidem
618 2893 716 2924 nohis
739 2895 797 2924 tua
814 2894 933 2932 petitio
954 2894 1145 2925 continebat
1160 2895 1261 2934 quod,

2274 206 2328 233 111

1321 294 1395 315 011111
1412 294 1472 315 nos
1487 286 1518 314 111
1533 294 1632 315 causa
1647 294 1710 324 que
1722 285 1808 315 inter
1824 287 1855 315 te
1866 287 1897 315 et
1914 286 2133 324 Rayueiium,
2149 286 2329 324 plebanum

1320 338 1430 377 plebis
1447 339 1553 368 sancti
1574 339 1662 368 Petri
1680 338 1712 367 in
1726 338 1872 373 Pisside,
1889 338 2084 368 Florentine
2100 340 2256 374 (11000515,
2278 350 2331 369 >u—

1290 385 1291 405 ³
1320 400 1379 430 per
1390 391 1557 429 preliieuda
1571 400 1669 430 quam
1682 391 1850 429 quondam
1863 391 2024 429 magister
2036 392 2328 428 Joharuws‘tuidi,

1320 446 1502 474 canonicus
1520 445 1660 474 ecclesie
1678 444 1884 478 Floreiitiue,
1904 445 1936 473 in
1948 453 1984 474 ea
1996 444 2154 480 obtinuit,
2176 454 2211 473 a(-
2231 454 2331 483 supvr

1290 501 1292 523 ἐ
1320 497 1486 528 fructibus
1505 499 1536 527 et
1553 497 1687 536 ‚juribus
1705 497 1935 535 spectantibus
1950 497 1989 526 ad
2003 497 2206 536 prebendam
2224 498 2330 535 ipsam

1320 559 1420 589 quam
1448 552 1480 580 te
1509 551 1667 580 canonice
1695 550 1856 588 proponis
1888 550 2046 588 adeptum
2074 552 2105 580 et
2134 550 2332 588 aliquandiu

1320 604 1456 642 pacifice
1468 604 1672 642 possedisse,
1692 612 1824 642 quaque
1841 612 1858 632 a
1870 603 1960 633 dicto
1976 604 2136 634 1131110110
2150 603 2331 641 spoliatum

1320 659 1351 687 te
1370 657 1494 696 injuste
1515 657 1620 686 fuisse
1644 656 1791 687 dicebas.
1810 658 1881 686 orta
1901 657 2025 693 extitit,
2044 657 2204 686 dilectum
2225 657 2333 686 lilium

1321 714 1472 740 nostrum
1491 710 1543 747 G„
1564 709 1655 739 tituli
1675 710 1781 739 sancti
1804 710 1907 740 Marci
1928 710 2163 748 presbyterum
2183 710 2333 739 cardina-

1321 764 1399 799 lem,
1418 763 1632 793 dedissemus
1650 762 1804 801 partibus
1828 763 2028 798 auditorem,
2048 764 2181 793 tandem
2208 764 2242 792 tu
2261 772 2334 801 per-

1321 817 1484 847 sonaliter
1507 818 1539 846 et
1566 816 1706 851 Cursus,
1726 817 1925 854 procurator
1949 816 2134 854 supradicti
2156 816 2330 855 Raynerii,

1321 870 1456 900 nomine
1480 869 1589 908 ipsius
1616 878 1633 899 a
1658 878 1723 907 quo
1753 878 1855 907 super
1879 869 1939 899 boc
1963 869 2109 907 speciale
2137 870 2331 899 mandatum

1320 923 1474 959 habebat,
1497 923 1530 952 111
1559 923 1703 952 eundem
1722 922 1940 957 cardinalem,
1961 923 2133 952 reservata
2158 922 2223 951 sibi
2245 922 2334 959 judi-

1321 976 1425 1007 ciaria
1441 977 1618 1014 potestate,
1636 977 1810 1013 tamquam
1829 975 1861 1005 111
1886 975 2063 1010 arbitrum,
2082 975 2332 1009 arbitratorom,

1312 1029 1535 1059 ,amicabilem
1559 1028 1833 1066 compositorem,
1859 1028 2082 1063 laiuilatorem,
2103 1030 2334 1066 preceptcuem

1322 1082 1609 1117 etori‘linatorcm,
1623 1082 1688 1111 alte
1699 1083 1731 1111 et
1747 1081 1846 1110 basse
1862 1089 1963 1119 super
1978 1081 2157 1119 premissis
2177 1081 2336 1111 omuibus

1323 1137 1441 1174 sponte
1461 1144 1496 1165 ac
1520 1134 1731 1165 concorditer
1752 1134 2027 1172 compromittere
2048 1134 2230 1163 curavistis
2245 1134 2335 1172 jura-

1322 1190 1433 1219 mento
1466 1188 1618 1227 prestito,
1647 1187 1710 1217 sub
1743 1189 1833 1217 certa
1855 1195 1941 1225 pena
1970 1187 2071 1217 etiam
2099 1188 2336 1225 promittentes

1322 1241 1514 1276 observare,
1527 1241 1697 1271 attendere
1711 1250 1746 1270 ac
1762 1241 1795 1270 in
1808 1240 1964 1271 omnibus
1979 1240 2164 1279 adimplere
2178 1241 2336 1271 universa

1322 1296 1354 1325 et.
1368 1295 1502 1334 singula
1517 1303 1580 1334 que
1600 1303 1658 1333 per
1676 1294 1803 1324 dictum
1820 1293 2026 1323 cardinalem
2051 1293 2288 1323 ordinarentur
2305 1296 2337 1324 et

1322 1349 1514 1378 dicerentur
1544 1356 1646 1386 super
1674 1347 1835 1385 predictis
1859 1348 1891 1377 et
1916 1346 2066 1385 quolibet
2095 1347 2334 1384 predictorum.

1321 1402 1414 1432 Idem
1444 1403 1555 1432 autem
1581 1401 1775 1436 cardinalis,
1801 1401 1935 1439 recepto
1967 1400 2159 1438 hujusmodi
2186 1409 2336 1439 compro-

1322 1455 1429 1484 misso
1455 1456 1485 1485 et
1505 1463 1522 1484 a
1547 1454 1645 1484 nobis
1674 1462 1776 1492 super
1799 1453 1961 1491 predictis
1984 1453 2059 1482 vive
2087 1453 2178 1482 vocis
2200 1453 2335 1483 oraculo

1323 1508 1463 1546 speciali
1489 1507 1625 1537 licentia
1654 1508 1684 1536 et
1712 1506 1911 1536 auctoritate
1937 1505 2136 1541 arbitrandi,
2164 1506 2334 1541 laudandi,

1323 1561 1543 1600 precipiemli,
1564 1560 1755 1595 ordinandi,
1772 1559 1996 1589 amicabiliter
2011 1560 2245 1597 componendi,
2265 1568 2337 1589 sen-

1322 1613 1499 1649 tentiandi,
1519 1613 1722 1649 diffiniendi,
1746 1612 1915 1642 statuendi
1943 1613 1972 1642 et
1998 1612 2143 1642 faciendi
2163 1612 2249 1642 sicut
2271 1612 2336 1642 sibi

1323 1667 1434 1697 ris-mn
1454 1667 1615 1697 existeret
1633 1666 1805 1705 expedire,
1822 1665 1861 1695 de
1880 1664 2036 1695 omnibus
2054 1674 2118 1703 que
2135 1665 2168 1694 111
2186 1674 2336 1704 compro-

1323 1721 1429 1750 misso
1449 1720 1676 1751 continentur,
1696 1720 1844 1757 optenta,
1864 1720 1894 1748 et
1909 1718 2090 1756 diligenter
2105 1718 2337 1749 voluntatibus

1323 1773 1469 1811 partium
1489 1772 1703 1811 perquisitis,
1725 1773 1757 1802 te
1781 1772 1813 1801 et
1836 1771 1924 1801 dicto
1943 1772 2159 1809 procuratore
2176 1772 2339 1810 presenti—

1323 1826 1386 1856 bus
1402 1826 1556 1865 jurisque
1575 1825 1692 1856 ordine
1711 1824 1953 1854 nichilominus
1968 1823 2158 1860 observato,
2177 1826 2338 1854 131111105-

1322 1881 1375 1910 tra
1399 1888 1500 1918 quam
1526 1879 1635 1917 ipsius
1659 1878 1898 1917 compromissi
1920 1878 2131 1912 auctoritate,
2155 1877 2336 1914 laudando,

1324 1933 1532 1969 arbitrando,
1542 1931 1771 1971 precipiendo,
1781 1930 2007 1961 amicabiliter
2015 1931 2254 1969 componendo,
2265 1940 2338 1962 sen-

1323 1987 1496 2017 tentiando
1516 1987 1547 2016 et
1566 1985 1764 2015 diffiniendo
1786 1985 1820 2014 in
1840 1984 1989 2022 scriptiS,
2010 1984 2242 2023 supradictum
2260 1985 2339 2016 Rai-

1324 2040 1456 2070 nerium
1481 2048 1499 2069 a
1527 2039 1744 2078 possessione
1767 2038 1854 2068 dicte
1878 2037 2047 2076 prebende
2070 2038 2101 2067 et
2127 2038 2338 2075 quarundam

1324 2102 1437 2124 rerum
1461 2093 1502 2123 ad
1520 2092 1727 2131 prebendam
1755 2092 1865 2130 ipsam
1887 2090 2129 2129 pertinentium
2160 2091 2285 2121 amovit
2307 2093 2338 2122 et

1324 2146 1548 2177 amovendum
1566 2145 1812 2185 pronunciavit.
1841 2144 2064 2180 Prehendam,
2093 2145 2205 2174 autem
2229 2147 2259 2174 et
2283 2154 2338 2175 res

1325 2200 1461 2230 easdem
1482 2199 1545 2229 tibi
1571 2208 1631 2238 per
1656 2199 1769 2237 ipsum
1795 2197 1994 2228 Rainerium
2026 2197 2161 2226 restitui
2187 2197 2338 2235 precepit

1324 2255 1423 2292 atque
1450 2253 1634 2289 mandavit,
1665 2252 1855 2290 dictamque
1884 2250 2089 2289 prebendam
2120 2258 2195 2279 cum
2223 2250 2334 2286 domo,

1322 2307 1424 2337 terris
1440 2308 1471 2337 et
1486 2306 1596 2336 vineis
1610 2304 1780 2343 injudicio
1797 2303 1924 2342 petitis,
1943 2303 2005 2333 tibi
2022 2303 2217 2342 adjudicans
2233 2302 2336 2333 <licto-

1324 2369 1388 2400 que
1404 2359 1626 2399 procuratori,
1653 2358 1788 2388 nomine
1814 2358 1924 2395 ipsius
1942 2356 2118 2395 Raynerii,
2134 2358 2336 2394 perpetuum

1322 2414 1502 2452 imponens
1515 2412 1689 2443 silentium
1705 2419 1806 2449 super
1821 2410 1918 2449 ipsis,
1937 2418 2014 2440 eum
2027 2409 2069 2439 ad
2084 2409 2335 2439 restitutionem

1322 2467 1564 2506 possessionis,
1579 2464 1758 2504 prebende,
1771 2464 1905 2499 domus,
1916 2466 2081 2493 terrarum
2097 2463 2129 2492 et
2145 2462 2333 2499 vinearum,

1322 2522 1475 2560 ipsarum
1494 2519 1557 2550 tibi
1584 2518 1771 2548 taciendam
1797 2517 2044 2555 condempnare
2071 2516 2212 2551 curavit,
2236 2517 2336 2554 prout

1322 2574 1357 2604 in
1378 2573 1514 2613 publico
1533 2572 1758 2602 instrumento
1777 2570 1926 2600 confecto
1944 2569 2066 2599 eximie
2085 2577 2121 2599 ac
2138 2568 2251 2607 sigillo
2267 2577 2336 2598 car—

1322 2627 1447 2658 dinalis
1461 2626 1603 2665 predicti
1617 2625 1747 2663 signato
1760 2623 1897 2662 plenius
1914 2623 2114 2653 continetur.
2126 2622 2197 2652 Nos
2209 2622 2332 2660 itaque,

1322 2681 1391 2711 tuis
1409 2677 1717 2719 supplicationibus
1737 2676 1903 2711 inclinati,
1923 2675 2011 2715 quod
2029 2675 2070 2705 ab
2093 2675 2209 2705 eodem
2228 2674 2334 2704 cardi-

1322 2734 1391 2764 nali
1408 2742 1510 2772 super
1526 2732 1592 2762 hiis
1610 2731 1734 2761 factum
1755 2731 1817 2766 est,
1835 2732 1946 2759 ratum
1962 2730 1994 2759 et
2010 2728 2145 2758 firmum
2160 2727 2333 2763 habentes,

1322 2788 1357 2818 id
1389 2786 1589 2817 auctoritate
1623 2783 1809 2822 apostolica
1839 2782 2079 2813 confirmamus
2109 2782 2140 2811 et
2165 2780 2334 2819 presentis

1324 2839 1442 2879 scripti
1460 2837 1646 2878 patrocinio
1664 2836 1925 2867 communimus.

1365 2893 1530 2924 Tenorem
1561 2892 1672 2921 autem
1704 2889 1815 2928 ipsius
1842 2887 2060 2919 instrumenti
2092 2887 2132 2917 de
2164 2885 2265 2916 verbo
2293 2885 2334 2915 ad
