2659 3242
98 676 172 704 1264

77 727 159 761 sept.

202 727 227 752 1.

201 2316 211 2329 D

258 676 386 704 Orvietm

890 245 1061 275 TABLES
1080 245 1139 275 DU
1160 245 1378 275 REGISTRE
1398 246 1606 275 D’URBAIN
1626 248 1669 276 IV
1973 263 1975 265 v
2404 255 2470 285 2823

1009 342 1093 369 rages.
1113 342 1242 364 Numeros.

436 397 500 424 suri
519 397 583 424 sint
603 398 635 424 in
655 398 830 425 subsidium
850 397 955 425 dictae
975 398 1036 424 ter-

438 453 502 479 rae,
533 446 619 475 illam
650 447 796 474 concedit
826 452 955 473 suorum
986 453 1037 473 ve-

438 495 524 522 niam
542 496 745 529 peccatorum
764 502 845 530 quae
857 501 1038 522 succurren—

439 544 525 570 tibus
558 544 663 573 dictae
696 547 810 571 Terrae
843 544 875 570 in
907 543 1047 577 generali

438 593 571 619 concilio
608 594 656 619 est
692 600 848 619 concessa.

1041 637 1105 656 tome
1132 635 1162 656 111

480 677 633 710 Magistro
664 677 814 710 Johanni,
845 676 929 703 dicto
960 674 1246 707 Bac-145812727

437 725 523 758 cerie,
536 726 754 754 archidiacono
766 725 941 758 Baiocensi,
952 731 1039 752 man-

442 776 497 801 dat
525 776 560 801 ut,
587 774 715 801 Nicolao
743 774 842 807 Sotin,
869 774 981 800 clerico
1008 775 1035 800 et

442 823 640 857 procuratori
665 823 809 857 magistri
836 823 926 850 Pauli
952 823 989 850 de
1015 830 1039 849 s.

442 872 556 905 Helya,
607 872 794 898 thesaurarii
841 871 1032 904 Baiocensis,

442 921 555 947 rectori
591 920 795 955 parrochialis
832 920 980 947 ecclesiae
1016 927 1040 946 s.

443 969 780 1003 Albini-super-Algot.,
837 968 1043 996 Lexoviensis

440 1018 583 1050 diocesis,
613 1018 703 1051 quus
732 1018 874 1045 redditus
902 1018 1044 1044 valorem

442 1067 559 1100 viginti
575 1067 725 1093 librarum
742 1067 961 1093 turonensium
978 1073 1042 1093 non

442 1117 610 1147 excedunt,
639 1116 780 1141 eamdem
810 1115 971 1142 ecclesiam
1000 1115 1030 1141 in

443 1164 641 1198 pinguiorem
674 1165 861 1190 commutet.

1044 1209 1107 1228 tome
1134 1207 1164 1227 ιιι

481 1248 639 1282 Episcopo
676 1247 869 1275 Virdunensi
904 1249 1036 1275 mandat
1057 1247 1132 1278 1459
1153 1246 1249 1278 12732

441 1299 476 1324 ut
496 1297 626 1330 Symoni
646 1297 683 1323 de
700 1296 838 1329 Antella,
856 1297 1041 1331 presbytero

442 1346 574 1380 pauperi
598 1345 807 1373 Virdunensis
833 1345 977 1379 diocesis,
1004 1346 1041 1373 de

442 1395 548 1429 aliquo
569 1394 722 1421 beneficio
742 1394 953 1423 ecclesiastico
971 1401 1041 1429 pro-

442 1444 550 1471 videat
573 1445 611 1472 ad
634 1443 837 1469 collationem
861 1443 987 1471 abbatis
1009 1444 1037 1469 et

442 1494 619 1519 conventus
642 1492 828 1518 monasterii
851 1500 876 1518 s.
899 1491 1041 1519 Mauritii

442 1543 479 1568 de
497 1541 668 1573 Belloloco,
687 1540 806 1567 ordinis
824 1548 849 1567 s.
867 1540 1042 1573 Benedicti,

442 1589 583 1623 ejusdem
603 1589 747 1621 diocesis,
767 1591 944 1624 spectante.
1045 1626 1053 1644 t
1135 1624 1165 1644 m

1056 1629 1108 1645 ome

482 1665 634 1699 Magistro
668 1665 842 1699 Stephano,
875 1665 1056 1696 subdiaco-l
1075 1664 1134 1690 460
1154 1663 1249 1697 12738

443 1722 483 1742 no
504 1716 535 1741 et
555 1714 719 1749 capellano
739 1714 926 1748 apostolico,
946 1714 1043 1740 archi-

445 1763 578 1791 diacono
619 1762 878 1795 wratislaviensi,
918 1762 1041 1789 confert

444 1812 668 1839 canonicatum
700 1812 733 1838 et
764 1812 978 1846 praebendam
1010 1811 1042 1837 in

445 1861 573 1887 ecclesia
597 1859 809 1887 Cracoviensi.
1046 1896 1055 1914 t
1137 1894 1166 1914 m

1057 1899 1110 1915 Ome

481 1936 618 1966 Decano.
641 1937 671 1963 et
686 1935 925 1969 Bartholomao,
947 1942 1040 1962 cano·
1060 1934 1136 1965 1460
1155 1933 1251 1965 12739

445 1986 514 2012 nico
545 1985 811 2013 Olumucensibus
842 1985 975 2011 mandat
1008 1986 1043 2010 ut

448 2034 634 2068 magistrum
671 2034 880 2068 Stephanum,
918 2032 1044 2060 subdia-

445 2090 559 2109 conum
571 2084 603 2109 et
614 2083 813 2117 capellanum
825 2081 1044 2116 apostolieum,

449 2131 708 2158 archidiaconum
743 2130 1044 2163 wratislaviensem,

448 2181 479 2207 in
509 2180 636 2206 ecclesia
664 2178 865 2207 Cracoviensi
894 2179 925 2205 in
954 2185 1045 2205 cano-

450 2230 555 2255 nicum
577 2228 674 2262 recipi
695 2227 823 2254 faciant.

1047 2264 1111 2283 tome
1138 2262 1168 2283 111

485 2304 732 2338 Archiepiscopo
770 2302 1009 2330 Ravennatensi
1029 2303 1099 2334 1461
1124 2303 1219 2334 12745

452 2354 583 2380 mandat
606 2352 746 2379 exhiberi
768 2352 862 2378 faciat
886 2359 903 2378 a
924 2358 1047 2378 monas-

449 2402 535 2428 teriis
563 2408 636 2428 suae
663 2401 761 2435 ipsius
788 2400 967 2434 provinciae
996 2407 1047 2426 an-

448 2457 542 2477 nuam
565 2450 741 2484 persionem
762 2449 901 2476 Johanni
922 2449 1048 2474 Formo-

450 2500 476 2526 si
501 2499 591 2531 laico,
618 2499 693 2524 olim
719 2497 838 2524 cursori
864 2497 1048 2531 apostolico,

454 2556 516 2574 non
556 2546 758 2573 obstantibus
794 2546 1047 2580 quibuscumque

452 2596 567 2623 litteris
589 2595 765 2622 contrariis.

495 2671 644 2705 Gregorio
687 2670 822 2705 plebano
864 2669 965 2703 plebis
1007 2668 1164 2700 de13381
1200 2669 1252 2696 714

454 2720 671 2752 Marmoracia,
695 2718 842 2746 Senensis
875 2718 1018 2751 diocesis,

455 2770 587 2796 mandat
629 2770 664 2795 ut
706 2767 855 2800 Adotam,
899 2767 1046 2794 abbatem

452 2817 637 2844 monasterii
659 2818 696 2844 de
720 2816 836 2848 Insula,
857 2815 1050 2843 vulteranae

454 2866 595 2899 diocesis,
628 2867 666 2894 ad
698 2865 892 2892 audientiam
925 2864 1050 2899 aposto—

454 2916 546 2942 licam
566 2915 655 2941 citet.

1324 437 1399 463 1264

1302 487 1383 520 sept.

1337 840 1347 853 ))

1339 1275 1349 1288 ))

1339 1512 1348 1524 )1

1340 1862 1351 1874 D

1344 2344 1354 2356 >l

1345 2578 1355 2591 ))

1418 1512 1428 1525 ))

1424 2344 1434 2356 ))

1425 2578 1436 2591 l)

1486 438 1612 465 Orvieto.

1423 486 1452 513 2.
1477 486 1487 502 '-

2236 348 2320 374 Pageu.
2340 349 2468 371 Numeros.

2266 404 2329 423 tome
2355 403 2385 424 ΙΙΙ

1707 441 1936 468 Archidiacono
1958 444 1988 468 et
2016 443 2168 476 magistro
2182 442 2259 470 Deo·
2280 443 2354 475 1340
2375 444 2469 475 12100

1669 491 1743 516 dato
1767 490 1874 519 Baros,
1891 491 2041 518 canonico
2065 490 2263 518 Caturcensi-

1667 539 1734 570 buS,
1757 541 1889 567 mandat
1914 541 1950 566 ut
1972 541 2107 567 Geraldo
2129 541 2262 574 Burreti,

1665 589 1797 622 pauperi
1826 589 1937 615 clerico
1967 589 2168 616 Caturcensis
2198 590 2262 617 dio-

1664 637 1753 669 cesis,
1771 639 1808 664 de
1824 640 1963 672 quodam
1982 638 2192 665 ecclesiastico
2211 639 2261 665 be-

1666 686 1789 719 neficio,
1812 688 1850 713 ad
1872 687 2100 721 cujuscumque
2121 687 2262 714 collatio-

1666 742 1736 760 nem
1774 737 1951 769 speclante,
1990 736 2188 769 provideant.

2268 796 2330 814 tome
2357 793 2387 814 ΙΙΙ

1701 832 1831 859 Cantori
1842 833 1986 859 ecclesiae
2000 834 2027 859 b.
2044 833 2161 860 Mariae
2177 833 2261 868 Mag·
2283 834 2357 860 ’340
2376 834 2464 862 12111

1668 882 1799 908 (lalenae
1819 882 2006 908 Bisuntinae
2029 883 2160 909 mandat
2181 889 2263 908 com-

1667 931 1764 964 pellat
1802 931 1985 965 episcopum
2023 933 2053 957 et
2092 931 2265 965 capitulum

1667 980 1882 1014 Lingonenses
1915 981 1953 1007 ad
1986 980 2201 1014 recipiendum
2234 980 2264 1006 in

1667 1029 1852 1056 canonicum
1885 1030 2069 1063 magistrum
2102 1029 2265 1056 oddonem

1669 1080 1706 1105 de
1736 1078 1969 1111 Rubeomonte,
1999 1078 2198 1113 capellanum
2227 1078 2264 1105 G.

1668 1127 1755 1154 tituli
1773 1134 1796 1154 s.
1816 1128 1979 1155 Laurentii
1996 1128 2027 1154 in
2046 1127 2164 1154 Lucina
2181 1134 2264 1162 pres-

1669 1177 1772 1209 byteri
1796 1177 1973 1204 cardinalis

2270 1227 2333 1245 tome
2360 1225 2389 1244 ΙΙΙ

1706 1266 1950 1300 Αιόὴίθρίεοορο
1965 1265 2163 1293 Narbonensi
2175 1271 2262 1292 man·
2284 1265 2360 1296 1342
2378 1265 2467 1295 12121

1668 1316 1723 1341 dat
1749 1316 1785 1341 ut
1810 1315 1953 1342 redditus
1978 1315 2126 1342 ecclesiae
2151 1317 2190 1343 de
2215 1317 2267 1344 Sa-

1667 1364 1807 1398 viniano,
1834 1364 2027 1391 Arelatensis
2053 1365 2196 1398 diocesis,
2222 1372 2267 1392 se-

1667 1414 1824 1447 questret.

2270 1463 2334 1482 tome
2360 1462 2390 1482 ιιι

1709 1502 1834 1529 Decano
1866 1503 2013 1529 ecclesiae
2043 1503 2074 1529 in
2105 1503 2262 1536 Limporc,
2283 1502 2357 1533 1344
2378 1501 2468 1534 12131

1667 1552 1868 1578 'i'reverensis
1898 1551 2040 1584 diocesis,
2074 1552 2205 1579 mandat
2233 1553 2267 1578 ut,

1668 1601 1874 1633 Guarnerum,
1886 1607 2061 1635 pauperum
2074 1600 2219 1627 clericum
2231 1601 2268 1627 de

1670 1650 1901 1683 Westerburch‚
1924 1650 1955 1676 in
1978 1650 2106 1676 ecclesia
2127 1649 2263 1676 Gemun-

1668 1699 1759 1725 densi
1777 1699 1810 1726 in
1829 1699 2015 1725 canonicum
2038 1698 2136 1733 recipi
2162 1697 2262 1726 saciat

1676 1747 1768 1783 eique
1806 1750 1844 1775 de
1872 1748 2057 1783 praebenda
2081 1747 2258 1782 provideat.

2272 1810 2336 1829 tome
2362 1808 2392 1828 ιιι

1707 1849 1951 1884 Archiepiscopo
1963 1849 2169 1883 Strigoniensi
2180 1855 2265 1877 man·
2287 1848 2360 1878 1345
2382 1848 2475 1881 12137

1671 1901 1726 1926 dat.
1758 1900 1793 1926 ut
1837 1900 1869 1926 in
1909 1899 2038 1933 negotio
2076 1898 2265 1932 provisionis

1674 1948 1814 1983 episcopi
1831 1948 2068 1976 Bisinianensis,
2089 1948 2120 1974 in
2132 1955 2187 1974 sua
2199 1954 2268 1982 pro—

1670 1997 1784 2031 vincia,
1806 1997 1936 2024 ulterius
1960 2004 2016 2024 nec
2040 1997 2189 2031 procedat
2213 2003 2269 2022 nec

1673 2054 1766 2081 super
1795 2047 1863 2081 ipsa
1893 2046 2074 2081 provisione
2103 2045 2270 2080 permittat¹

1673 2097 1841 2130 praelatos,
1867 2096 1998 2129 collegia
2022 2095 2074 2122 vel
2100 2095 2176 2122 alias
2200 2102 2268 2129 per-

1672 2154 1764 2174 sonas
1786 2146 2049 2173 monasteriorum
2073 2145 2105 2170 et
2128 2144 2268 2171 ecclesia-

1672 2202 1741 2221 rum
1770 2194 1911 2228 ejusdem
1939 2194 2119 2228 provinciae
2148 2193 2266 2227 aliqua—

1676 2246 1766 2270 tenus
1794 2243 1966 2269 molestari.

2275 2290 2339 2308 tome
2365 2287 2395 2308 111

1711 2331 1810 2357 Priori
1839 2332 1866 2357 et
1899 2330 2039 2365 capitulo
2069 2329 2215 2356 ecclesiae
2243 2328 2363 2361 51345
2401 2327 2478 2353 2138

1673 2381 1784 2407 Jacobi
1807 2379 2042 2405 Colimbriensis
2066 2378 2211 2411 indulget
2236 2379 2266 2404 ut

1674 2429 1817 2455 Jaurium
1843 2429 1929 2454 Petri
1953 2427 2099 2454 clericum
2123 2427 2154 2453 in
2179 2433 2269 2454 cano-

1677 2478 1779 2504 nicum
1804 2477 1942 2511 recipere
1966 2477 2104 2504 valeant.

2275 2525 2338 2543 tome
2365 2521 2394 2542 111

1712 2566 1864 2599 Magistro
1908 2565 2006 2592 Paulo
2050 2566 2088 2591 de
2129 2563 2265 2591 Belvaco
2303 2562 2474 2593 46012734

1680 2616 1810 2643 mandat
1843 2616 1877 2640 ut
1909 2613 2051 2640 Johanni
2082 2614 2120 2640 de
2148 2612 2274 2644 Creusa,

1675 2664 1806 2698 pauperi
1829 2663 1939 2689 clerico
1963 2662 2183 2688 Ambianensis
2206 2662 2271 2689 dio—

1673 2713 1761 2745 cesis,
1778 2713 1816 2739 de
1833 2712 1939 2746 aliquo
1957 2710 2109 2737 beneficio
2117 2710 2273 2738 ecclesias-

1677 2762 1739 2787 tico
1777 2761 1953 2795 provideat,
1994 2761 2033 2786 ad
2071 2760 2272 2787 collationem

1677 2810 1801 2838 abbatis
1827 2811 1859 2836 et
1886 2810 2063 2836 conventus
2088 2809 2272 2835 monasterii

1678 2861 1715 2886 de
1740 2859 1882 2891 Morolio,
1907 2858 2025 2885 ordinis
2049 2866 2073 2885 s.
2098 2857 2271 2887 Benedicti,

1679 2907 1898 2934 Anibi-artensis
1927 2907 2068 2939 diocesis,
2099 2908 2273 2941 spectante.
