2659 3242
130 253 189 283 134

149 1143 222 1173 Ῑῖῦῑῐ

925 245 1096 275 TABLES
1122 243 1183 274 DU
1209 241 1429 273 REGISTRE
1456 242 1665 272 D’URBAIN
1693 243 1737 272 IV

1056 339 1141 365 Pageu.
1158 335 1283 359 Numeros.

490 401 616 428 moneat
633 407 725 434 super
743 399 858 433 aliquo,
879 398 931 425 vel
947 398 987 425 ad
1003 403 1090 432 prae-

490 450 623 476 sentiam
643 449 742 483 ipsius
762 440 851 479 citet,
874 447 900 474 si
930 446 1092 473 commode

435 521 438 523 Α
489 498 569 525 infra
592 497 673 524 sines
696 496 864 531 legationis
887 496 918 522 id
942 494 1092 530 nequive-

309 1144 436 1174 Orodem.

227 1194 295 1220 (icc.
321 1195 363 1221 10r

488 547 531 573 rit
568 546 740 581 provenire,
780 544 924 571 coneedit
961 543 1093 571 faculta-

491 598 555 622 tem
577 594 772 629 proponendi
793 594 873 620 citra
895 599 990 625 mare,
1024 598 1094 618 con-

489 644 611 672 vocatis
632 644 715 671 clero
738 644 771 670 et
793 641 916 677 populo,
953 640 1098 675 publicae

488 693 652 720 citationis
673 693 777 719 edicta
800 692 832 718 et
853 690 989 717 faciendi
1002 688 1098 715 moni-

489 742 590 769 tiones
618 741 768 776 publicas,
800 740 844 766 ita
873 740 909 766 ut
947 743 1098 773 personae

490 791 670 826 hujusmodi
706 796 808 816 coram
855 789 965 822 ipsum,
1017 785 1097 812 infra

489 840 659 866 terminum
688 840 724 865 ab
753 838 821 871 ipso
858 835 1093 870 praefigendum

489 889 615 917 eisdem,
643 887 845 921 compareant
861 884 1006 918 etipsius
1031 889 1092 908 mo-

489 937 665 964 nitionibus
683 942 792 969 parere
811 933 978 968 procurent
998 939 1003 956 :
1024 938 1092 965 pro-

489 986 557 1012 viso
583 985 668 1019 quod
692 983 863 1010 citationes
889 983 922 1007 et
948 979 1092 1006 monitio-

487 1041 542 1060 nes
568 1033 748 1066 hujusmodi
772 1031 852 1057 fiant
878 1031 909 1056 in
934 1029 1009 1055 locis
1034 1027 1092 1054 sol-

486 1082 651 1109 lemnibus,

534 1144 669 1171 Guidoni
700 1143 846 1176 episcopo
869 1139 1042 1171 sabinensi,
1066 1138 1098 1164 in
1116 1134 1121 1175 1
1137 1134 1197 1163 299
1216 1133 1221 1173 Ι
1239 1132 1297 1161 592

486 1192 617 1227 Angliae
647 1191 793 1226 partibus
823 1188 1016 1223 apostolicae
1045 1193 1091 1213 se-

488 1242 535 1268 dis
570 1241 683 1274 legato,
721 1238 866 1266 concedit
901 1235 1089 1263 facultatem

486 1290 650 1317 relaxandi
671 1288 774 1315 omnia
795 1286 975 1321 juramenta
996 1292 1013 1311 a
1044 1290 1089 1309 re-

487 1346 523 1374 ge
544 1340 576 1365 et
596 1338 703 1372 regina
722 1336 854 1370 Angliae
876 1342 909 1362 ac
942 1333 1090 1360 Eduardo

487 1390 520 1415 et
533 1387 728 1418 Eadmundo,
746 1392 852 1412 eorum
865 1383 950 1415 filiis,
967 1383 999 1409 et
1021 1380 1090 1416 qui-

490 1438 686 1470 buscumque
730 1434 802 1461 aliis
845 1431 995 1467 personis,
1042 1436 1088 1457 ec-

487 1485 674 1512 clesiasticis
705 1485 737 1510 et
768 1481 971 1512 secularibusy
1004 1485 1089 1506 occa-

491 1534 578 1561 sione
591 1533 772 1567 hujusmodi
784 1530 970 1561 discordiae,
986 1534 1089 1562 praes-

488 1583 559 1613 tita,
584 1584 616 1609 et
637 1581 818 1616 specialiter
839 1579 918 1606 illud
937 1577 1023 1613 quod
1044 1583 1089 1602 re-

487 1632 561 1667 gina
579 1633 611 1658 et
627 1631 690 1657 filii
704 1629 861 1664 praedicti
877 1629 915 1655 de
930 1627 1089 1654 redeundo

490 1682 530 1709 ad
550 1687 679 1715 regnum
700 1679 802 1713 ipsum
824 1676 1024 1712 praestitisse
1044 1675 1089 1702 di-

488 1730 609 1757 cuntur.

532 1791 677 1821 Guidoni‚
697 1790 843 1824 episcopo
862 1786 1035 1818 Sabfflensi,
1063 1785 1094 1812 in
1112 1779 1118 1820 Ι
1134 1782 1194 1810 300
1213 1778 1219 1819 l
1237 1781 1294 1808 594

488 1840 620 1874 Angliae
638 1839 782 1874 partibus
798 1836 989 1871 apostolicae
1005 1834 1089 1861 sedis

488 1889 599 1923 legato,
634 1887 778 1914 concedit
822 1885 1008 1912 facultatem
1041 1889 1087 1909 re-

488 1937 625 1968 laxandi,
648 1936 740 1969 juxta
761 1934 893 1961 formam
927 1931 1085 1961 ecclcsiae.

488 1992 703 2020 quascumque
758 1981 978 2016 suspensionis,
1036 1986 1086 2006 ex-

491 2032 785 2060 communicationis
839 2032 870 2057 et
925 2028 1088 2056 interdicti

488 2082 671 2110 sententias.
701 2081 726 2108 si
749 2088 829 2115 quas
855 2079 1030 2106 existentes
1055 2077 1086 2103 in

490 2132 583 2158 terris
626 2129 792 2164 legationis
838 2128 898 2162 ipsi
942 2125 1085 2153 commis-

490 2188 551 2210 sae,
600 2179 797 2206 incurrerunt
837 2178 990 2203 hactenus
1035 2173 1087 2201 vel

490 2229 658 2256 incurrent.
716 2222 878 2253 occasione
931 2222 1083 2250 turbati&

487 2277 535 2304 nis
575 2277 606 2303 in
646 2283 739 2310 regno
777 2274 908 2308 Angliae
945 2272 1083 2300 exortae,

484 2333 605 2353 necnon
623 2324 807 2351 remittendi
825 2322 999 2349 liberaliter
1016 2319 1084 2355 qui-

486 2377 684 2408 buscumque
706 2372 848 2407 personis
871 2378 980 2398 omnes
1004 2368 1084 2402 inju-

483 2424 544 2450 rias
565 2424 597 2450 et
620 2422 766 2454 offensas,
790 2421 815 2448 si
835 2427 915 2455 quas
937 2417 1086 2446 ecclesiae

486 2472 659 2500 Romanae,
693 2471 862 2505 praetextu
895 2466 1086 2496 turbationis

491 2520 680 2554 hujusmodi,
719 2519 902 2550 intulerunt,
944 2524 978 2543 ac
1006 2516 1091 2550 ipsas

491 2576 639 2603 personas
666 2569 698 2594 in
725 2568 859 2601 gratiam
887 2566 970 2593 sedis
997 2571 1085 2599 apos-

490 2617 604 2645 tolicae
637 2616 843 2647 admittendi;
877 2613 1087 2648 congregandi

488 2673 615 2701 quoque
653 2665 826 2692 exercitum
843 2665 875 2690 et
897 2661 1087 2697 procedendi

490 2714 647 2741 hostiliter
672 2715 782 2740 contra
808 2719 916 2740 omnes
940 2711 1010 2738 illos
1034 2710 1089 2746 qui

488 2763 548 2798 ipsi
576 2763 754 2796 pertinaces
781 2763 811 2789 et
841 2760 974 2788 rebelles
987 2760 1019 2786 in
1034 2767 1082 2786 eo-

490 2812 559 2838 dem
583 2811 709 2846 negotio
731 2810 849 2838 fuerint
872 2812 905 2837 et
929 2809 1004 2837 alias
1038 2809 1098 2843 spi-

441 2864 444 2867 '
489 2860 648 2887 ritualiter
678 2860 710 2887 et
741 2859 960 2893 temporaliter
991 2865 1025 2885 ac
1056 2858 1087 2885 in

1378 490 1451 519 1263

1456 542 1522 569 de'z'.

1538 495 1664 522 Orvielo.

1549 544 1556 568 1
1567 548 1590 560 vr

2287 335 2373 363 Pago.
2389 335 2516 357 numeros.

1719 401 1771 420 eos
1789 401 1951 421 censuram
1971 394 2217 421 ecclesiasticam
2236 401 2321 421 exer-

1718 443 1821 469 cendi.

1759 495 1835 522 Vult
1856 498 1901 528 ut,
1922 497 2032 523 sedata
2051 495 2149 523 etiam
2160 495 2323 527 discordia,
2345 493 2350 533 l
2367 493 2427 522 309.
2447 493 2452 531 1
2470 493 2529 521 606

1726 546 1792 571 tam
1830 545 1933 579 ipsum
1974 544 2141 578 legationis
2179 539 2323 572 orticium'

1721 600 1817 627 quam
1847 600 1941 628 super
1968 593 2115 620 omnibus
2142 592 2215 619 aliis
2239 600 2322 628 quae

1723 642 1764 668 ad
1779 642 1898 676 gratias
1915 643 2077 677 aliquibus
2092 641 2254 668 iaciendas
2270 641 2323 669 vei

1723 692 1761 717 ad
1791 693 1984 725 potestatem
2013 692 2045 718 in
2073 691 2169 718 certis
2196 691 2322 718 casibus

1723 740 1927 774 dispensandi
1952 740 2123 774 pertinent,
2151 747 2206 774 per
2232 745 2320 773 apos-

1722 788 1834 815 tolicas
1861 789 1987 816 litteras
2015 789 2077 823 ipsi
2103 789 2207 822 legato
2234 787 2320 814 saeta

1721 838 1911 870 commissio,
1938 838 2061 864 tamdiu
2084 838 2199 864 durent
2221 837 2319 863 donec

1720 887 1757 912 de
1787 887 1853 913 illis
1878 886 2025 920 partibus
2050 886 2133 913 idem
2159 886 2326 920 episcopus

1719 935 1820 962 (luido
1862 943 1914 970 per
1965 936 2070 962 sedem
2113 933 2320 969 apostolicam

1718 985 1815 1012 ruerit
1838 985 2015 1011 revocatus.

1778 1034 2038 1065 Bonincuntrum,
2066 1031 2266 1066 capellanum
2281 1031 2322 1063 S„
2344 1028 2423 1067 1463
2446 1036 2450 1065 ι
2469 1029 2527 1057 ⁹67

1721 1083 1810 1109 tituli
1833 1090 1856 1109 s.
1882 1082 2011 1109 Martini
2026 1081 2206 1116 presbyteri
2228 1079 2326 1107 cardi-

1670 1166 1672 1168 ,
1717 1132 1809 1163 nalis.
1832 1132 1863 1158 in
1883 1131 2112 1165 possessionem
2134 1129 2285 1156 ecclesiae
2303 1135 2327 1156 s.

1717 1180 1834 1207 Mariae
1869 1181 1906 1207 de
1939 1179 2072 1211 Cheller,
2120 1178 2322 1205 Tridentinae

1718 1229 1860 1257 diocesis,
1884 1228 2016 1259 reducit,
2040 1226 2200 1254 sententia
2222 1227 2270 1257 U.,
2293 1232 2318 1252 a.

1717 1277 1883 1304 Eustachii
1902 1276 2071 1303 cardinalis
2087 1275 2219 1307 diaconi,
2247 1281 2318 1302 con-

1715 1326 1854 1353 firmata.

1757 1375 1877 1402 Abbati
1899 1382 1923 1401 s.
1947 1373 2112 1401 Laurentii
2132 1373 2225 1406 juxta
2239 1372 2304 1400 Tri·
2324 1367 2329 1407 Ι
2347 1371 2404 1398 464
2423 1369 2430 1410 1
2467 1370 2526 1398 968

1721 1425 1853 1451 dentum
1867 1423 1997 1450 mandat
2010 1422 2165 1457 quatinus
2177 1421 2318 1456 praedic-

1720 1475 1785 1500 tam
1825 1472 2008 1499 sententian
2047 1470 2228 1498 executioni
2266 1470 2318 1497 de-

1719 1522 1883 1553 mandans,
1910 1521 2163 1547 Bonincuntrum
2189 1519 2222 1546 in
2246 1525 2316 1554 pos-

1718 1571 1890 1598 sessionem
1910 1569 2060 1596 ecclesiae
2088 1576 2112 1595 s.
2133 1568 2252 1595 Mariae
2279 1567 2318 1595 de

1716 1618 1829 1646 Cheler
1850 1619 1991 1645 reducat.

1756 1667 1957 1694 provisiones
1975 1666 2226 1701 praebendarum
2237 1665 2303 1699 iam
2321 1660 2327 1700 Ι
2349 1663 2402 1692 143
2421 1659 2430 1700 1
2448 1662 2524 1692 1206

1716 1716 1819 1743 factas
1846 1717 1878 1742 in
1905 1715 2037 1742 ecclesia
2064 1714 2250 1748 Legionensi
2277 1714 2317 1741 ad

1717 1765 1875 1792 senarium
1904 1771 2068 1791 numerum
2096 1763 2231 1790 reducit.

1757 1815 1915 1848 Episcopo
1937 1813 2104 1840 Leodiensi
2117 1812 2249 1839 mandat
2265 1813 2302 1840 ut
2319 1807 2325 1848 l
2341 1811 2401 1840 373
2422 1807 2430 1849 Ι
2445 1809 2523 1839 2252

1714 1863 1890 1890 Guidonem
1917 1863 1955 1889 de
1982 1861 2142 1896 Luegnies,
2170 1861 2317 1888 clericum

1715 1912 1935 1939 Laudunensis
1955 1911 2098 1942 diocesis,
2122 1911 2154 1937 in
2186 1910 2316 1938 ecclesia

1715 1962 1745 1987 b.
1771 1960 1914 1994 Dionysii
1935 1960 1966 1986 in
1988 1960 2105 1986 Leodio
2138 1959 2169 1985 in
2190 1959 2315 1986 canoni-

1715 2016 1785 2036 cum
1808 2009 1905 2043 recipi
1926 2008 2020 2035 faciat
2044 2009 2137 2043 eique
2169 2008 2207 2034 de
2227 2014 2316 2042 prae-

1717 2059 1819 2085 benda
1845 2058 2022 2092 provideat.

1755 2107 1911 2141 Episcopo
1960 2107 2056 2132 Esino
2105 2105 2235 2133 mandat
2266 2106 2302 2134 ut
2320 2101 2326 2141 l
2343 2104 2402 2133 375
2420 2100 2427 2142 l
2442 2103 2521 2133 2203

1714 2156 1907 2183 monasterio
1934 2163 1958 2182 s.
1986 2155 2103 2182 Mariae
2131 2155 2168 2181 de
2206 2154 2312 2187 Plano¹

1716 2206 1830 2232 lisinae
1855 2205 1998 2235 diocesis,
2026 2204 2145 2230 ordinis
2169 2211 2193 2230 s.
2218 2203 2316 2230 Bene-

1713 2254 1800 2282 dietiv
1822 2254 1921 2280 eidem
1941 2253 2088 2287 episcopo
2105 2252 2257 2286 subiecto,
2278 2253 2317 2279 de

1715 2304 1831 2330 abbate
1848 2303 1967 2333 idoneo,
1987 2308 2058 2328 cum
2080 2301 2211 2328 consilio
2227 2301 2314 2328 Man-

1713 2352 1801 2384 rredi,
1825 2350 2012 2378 Veronensis
2033 2350 2135 2383 electi,
2158 2349 2316 2384 capitanei

1715 2402 1747 2427 et
1774 2400 1905 2426 rectoris
1932 2400 2067 2426 ducatus
2093 2398 2257 2432 spoletani
2282 2399 2314 2425 et

1716 2449 1873 2476 Mart-hiae
1889 2448 2117 2474 Anconitanae.
2136 2447 2313 2481 provideat.

2329 1614 2394 1633 tone
2409 1611 2438 1633 ΙΙΙ

2322 1763 2385 1780 tome
2401 1758 2432 1780 ΙΙΙ

2321 2058 2385 2075 tone
2400 2053 2430 2074 ΙΙΙ

2321 2498 2384 2518 tone
2399 2495 2430 2517 ΙΙΙ

1754 2549 2179 2584 Arcbiepiscopis,episcopis
2189 2550 2221 2576 et
2233 2548 2304 2576 aliis
2320 2544 2326 2584 1
2343 2547 2402 2576 377
2420 2543 2427 2585 Ι
2441 2545 2517 2575 2281

1715 2599 1916 2626 ecclesiarum
1948 2598 2106 2632 praelatis,
2138 2597 2315 2625 rectoribus

1715 2656 1748 2676 ac
1763 2648 1917 2675 universis
1928 2647 2048 2674 clericis
2061 2654 2115 2681 per
2128 2646 2311 2673 Hiberniam

1713 2696 1900 2723 constitutis
1925 2695 2046 2722 inhibet
2072 2702 2110 2722 ne
2137 2694 2216 2722 alter
2239 2694 2315 2722 alto-

1713 2752 1782 2773 rum
1813 2752 1907 2779 super
1938 2743 2077 2774 decimis.
2111 2742 2314 2770 testamentis

1715 2801 1748 2821 ac
1766 2795 1860 2820 rebus
1877 2793 1948 2820 aliis
1964 2794 1996 2819 et
2015 2792 2193 2819 actionibus
2209 2798 2311 2826 perso-

1715 2842 1849 2874 nulibus,
1863 2849 1945 2877 quae
1958 2841 1997 2868 ad
2008 2840 2110 2868 forum
2124 2840 2311 2867 ecclesiasti-

1717 2897 1787 2918 cum
1814 2891 1981 2917 dumtaxat
2006 2889 2176 2924 pertinent.
2201 2887 2312 2915 relicto
