2519 3262
256 231 293 260 16
1004 223 1250 255 REGISTRES
1282 223 1497 254 D'URBAIN
1529 225 1585 254 [v.

254 313 452 344 tradictores
468 321 526 350 per
543 319 721 341 censuram
740 309 1019 344 ecclesiasticam,
1036 308 1262 347 appellatione
1292 321 1294 328 ν

253 366 453 405 postposita,
482 363 727 402 compescendi,
765 364 795 392 et
827 361 1034 392 decrevisset
1066 361 1200 391 irritum
1230 362 1261 391 et

253 421 350 450 inane
377 419 404 449 31
437 426 533 448 secus
565 417 604 446 de
633 416 826 455 hujusmodi
860 414 1034 445 beneficiis
1061 415 1262 445 auctoritate

253 471 438 511 apostolica
471 470 521 500 vel
544 469 610 499 alia
631 469 751 507 quavis
769 478 785 498 a
803 477 973 507 quoquam
990 468 1197 506 contingeret
1217 470 1263 497 at-

252 525 422 563 temptari,
443 524 530 553 111010
559 522 845 561 archiepiscopus,
867 521 1044 552 intendens
1067 520 1259 557 Lodowico,

252 579 412 609 canonico
431 576 571 607 ecclesie
590 575 843 610 Palatiolensis‚
862 575 1084 605 Treverensis
1102 574 1260 610 diocesis,

251 631 374 662 clerico
386 633 417 661 et
428 630 589 660 familiari
607 628 811 659 venerabilis
825 628 888 658 viri
905 628 1059 667 magistri
1074 627 1260 664 Laurentii,

252 685 380 715 domini
398 692 482 722 pape
501 682 635 716 notarii,
654 690 754 721 quem
774 681 879 712 voluit
894 683 926 711 et
944 681 1044 720 elegit
1062 681 1102 711 de
1123 689 1262 711 numero

252 738 390 767 illorum
401 736 504 767 trium
522 744 608 772 esse,
620 735 819 765 auctoritate
831 735 967 765 illarum
979 734 1170 765 litterarum
1187 742 1262 772 pro-

251 790 371 826 videri,
390 815 395 820 .
413 815 419 819 .
438 789 562 819 decano
580 789 737 826 Metensi,
756 788 927 818 commisit
950 788 983 817 in
1001 787 1134 827 negotio
1152 786 1264 826 provi-

252 843 359 873 sionis
388 841 582 881 hujusmodi
612 841 703 871 vices
731 849 822 871 suas.
853 840 918 876 Qui
936 841 1083 871 decanus
1100 839 1262 870 Metensis

252 899 383 929 monuit
393 907 453 929 seu
467 898 597 928 moneri
612 897 689 928 t'ecit
703 921 722 928 ..
734 897 909 933 decanum,
922 898 952 927 et
963 896 1149 935 capitulum
1159 896 1263 926 eccle-

252 952 301 982 sie
319 952 426 982 sancti
438 951 567 982 Florini
584 951 619 981 in
635 950 856 986 Conssuenfia,
867 949 1088 980 Treverensis
1104 949 1260 985 diocesis,

252 1005 294 1035 ad
319 1013 403 1044 quos
431 1006 558 1043 spectat
586 1004 721 1034 collatio
744 1003 1004 1042 prebendarum,
1033 1004 1068 1033 ut
1094 1002 1262 1041 prefatum

252 1058 472 1089 Lodowicum
490 1057 543 1088 vel
558 1057 667 1096 ipsius
686 1058 952 1096 procuratorem,
966 1056 1056 1086 infra
1068 1056 1262 1095 quindecim

252 1111 326 1141 dies
349 1120 367 1141 a
389 1113 539 1149 tempore
567 1110 766 1140 monitionis
789 1118 860 1143 sue,
884 1109 1072 1148 reciperent
1096 1109 1130 1139 in
1154 1108 1263 1147 ipsius

252 1164 393 1195 ecclesie
425 1163 623 1194 canonicum
656 1165 687 1193 et
717 1163 750 1193 in
786 1163 936 1199 fratrem,
968 1162 1119 1202 alioquin
1147 1163 1264 1192 contra

252 1217 346 1256 ipsos
375 1217 595 1256 procederent
622 1218 785 1255 quantum
813 1216 894 1246 ordo
923 1215 1075 1255 exigeret
1104 1214 1259 1245 rationis.

253 1270 405 1309 Cumque
438 1270 654 1308 postmodum
677 1269 850 1308 negotium
872 1268 1068 1307 hujusmodi
1085 1268 1125 1298 ad
1149 1268 1262 1298 sedem

253 1323 475 1361 apostolicam
492 1331 552 1361 per
575 1322 837 1361 appellationem
856 1330 897 1352 ex
912 1322 1007 1360 parte
1024 1321 1190 1352 dictorum
1207 1320 1261 1351 de·

253 1376 326 1406 cani
341 1379 373 1406 et
387 1375 528 1414 capituli
544 1375 767 1414 interjectam,
779 1375 946 1405 diceretur
962 1374 1113 1414 legitime
1126 1374 1262 1404 devolu-

251 1431 319 1460 tam
339 1429 420 1469 (sic),
441 1428 591 1468 predicto
617 1428 796 1459 Lodowico
821 1436 933 1458 coram
964 1427 1073 1462 1101113,
1099 1427 1261 1465 magistro

251 1482 413 1517 Navarro,
431 1481 558 1512 domini
573 1490 657 1520 pape
674 1480 847 1519 capellano
859 1482 891 1510 et
904 1480 1013 1518 ipsius
1031 1479 1149 1518 palatii
1166 1487 1264 1518 gene-

251 1535 314 1564 rali
337 1535 490 1565 auditore
506 1543 698 1569 causarum,
713 1533 938 1572 personaliter
957 1534 1185 1570 comparente,
1201 1541 1262 1570 pro

252 1588 376 1618 decano
400 1590 431 1617 et
450 1587 597 1626 capitulo
620 1586 817 1617 memoratis
839 1586 954 1616 nullus
975 1585 1163 1624 comparuit
1185 1585 1262 1624 ydo-

250 1649 333 1671 neus
350 1640 572 1679 responsalis,
591 1639 668 1669 licet
685 1639 717 1669 in
736 1639 908 1669 audientia
920 1637 1056 1677 publica
1069 1638 1208 1676 pluries,
1227 1639 1261 1668 ut

251 1696 300 1724 031
318 1694 434 1729 moris,
458 1693 609 1732 legitime
627 1692 724 1723 citari
748 1692 947 1722 fecissemus
967 1693 999 1721 et
1024 1691 1153 1721 diutius
1173 1691 1262 1721 ultra

250 1746 503 1777 constitutIOnis
521 1749 673 1784 tempora
690 1745 1003 1784 expectavissemus
1026 1744 1175 1775 eosdem.
1200 1745 1262 1775 De-

250 1809 354 1833 11111111,
375 1800 460 1830 visis
488 1798 746 1838 probationibus
768 1798 849 1828 dicti
870 1798 1042 1828 Lodowici
1062 1799 1093 1828 et
1114 1797 1187 1836 ejus
1210 1806 1261 1827 ra-

249 1853 400 1884 tionibus
417 1853 553 1887 auditis,
573 1851 869 1891 pronuntiavimus
890 1859 1027 1881 causam
1051 1851 1161 1889 ipsam
1185 1859 1260 1881 esse

249 1906 282 1936 111
302 1907 393 1937 curia
412 1908 444 1937 et
474 1906 508 1936 111
532 1914 570 1936 03
595 1905 716 1936 11011010
742 1904 879 1943 procedi
897 1906 1060 1943 quantum
1088 1906 1203 1942 posset
1219 1903 1259 1934 de

245 1960 332 1998 jure,
346 1960 453 1999 partis
472 1959 612 1989 alterius
631 1958 820 1989 contumaci
837 1957 990 1988 absentia
1006 1966 1070 1987 non
1091 1956 1256 1988 obstante.

249 2013 468 2044 Postmodum
488 2013 577 2042 idem
593 2012 794 2042 Lodowicus
814 2012 979 2041 instanter
995 2010 1091 2049 petiit
1108 2012 1143 2040 ut
1158 2010 1190 2040 in
1205 2018 1258 2040 ne-

248 2067 338 2105 gotio
374 2066 632 2104 procederemus
666 2065 794 2098 eodem,
835 2072 947 2094 coram
977 2063 1076 2093 nobis
1104 2063 1258 2093 libellum

248 2121 391 2150 oll'erens
410 2119 443 2148 in
462 2119 521 2149 1130
540 2119 648 2149 forma
666 2130 671 2148 ;

288 2185 301 2201 «1
331 2173 449 2203 Coram
479 2171 585 2207 vobis,
609 2171 744 2202 1101111110
765 2171 927 2209 magistro
945 2170 1109 2206 Navarro,
1129 2169 1258 2200 domini

250 2236 264 2255 »
284 2234 366 2264 pape
397 2226 568 2264 capellano
597 2228 628 2255 et
646 2225 754 2263 ipsius
779 2224 896 2263 palatii
914 2232 1092 2253 causarum
1109 2223 1258 2262 generali

248 2288 264 2308 »
283 2279 434 2309 auditore
453 2278 604 2317 partibus
621 2278 710 2313 dato,
725 2278 805 2307 dicit
822 2279 853 2307 et
868 2277 1026 2315 proponit
1042 2276 1257 2311 Lodowicus‚

250 2343 263 2357 »
283 2332 462 2362 canonicus
480 2332 622 2362 ecclesie
640 2330 893 2366 Palatiolensis,
914 2329 1134 2360 'treverensis
1151 2329 1257 2359 dioce-

250 2394 264 2413 »
282 2385 341 2419 sis,
367 2385 509 2414 clericus
529 2386 561 2414 et
581 2384 763 2414 familiaris
788 2382 996 2413 venerabilis
1018 2382 1082 2412 viri
1102 2382 1258 2421 magistri

249 2447 263 2466 11
276 2438 460 2473 Laurentii,
470 2435 1015 2472 scolasticiTreverensis‚domini
1025 2444 1110 2474 pape
1121 2435 1256 2471 notarii,

250 2500 264 2518 »
284 2493 430 2520 contra..
448 2490 624 2526 1100311001,
639 2492 670 2520 01
689 2489 875 2528 capitulum
893 2489 1035 2519 ecclesie
1054 2488 1162 2518 330011
1182 2488 1256 2518 Flo-

250 2554 264 2569 »
283 2543 347 2572 rini
375 2543 407 2573 in
438 2543 658 2579 Continentia,
677 2542 898 2573 Treverensis
913 2542 1071 2577 diocesis,
1090 2542 1121 2572 et
1140 2549 1257 2572 00111111

249 2600 534 2634 »procuratorem
564 2596 673 2634 siquis
704 2597 875 2634 appareat,
901 2595 990 2634 quod
1017 2595 1257 2625 sanctissimus

250 2660 264 2678 11
286 2651 381 2688 pater
398 2649 554 2679 dominus
573 2649 730 2679 Urbanus
748 2657 833 2687 papa
852 2648 931 2684 1111,
950 2648 1111 2679 domino..
1131 2647 1258 2678 archie-

251 2714 265 2729 »
284 2702 421 2740 piscopo
437 2701 822 2737 Coloniensi,concessit
836 2710 894 2740 per
911 2710 991 2732 suas
1007 2701 1138 2732 litteras
1156 2700 1258 2731 facul-

250 2767 264 2782 υ
280 2756 383 2786 tatem
416 2755 613 2793 providendi
643 2763 701 2793 per
729 2764 764 2784 se
791 2755 842 2785 vel
871 2764 930 2793 per
958 2754 1063 2784 alium
1082 2762 1142 2784 seu
1172 2754 1258 2785 alios

251 2820 265 2835 »
284 2808 394 2838 tribus
421 2808 553 2838 clericis
574 2808 714 2846 ydoneis
739 2808 778 2838 de
799 2809 937 2838 totidem
962 2807 1135 2838 beneficiis
1154 2808 1256 2838 eccle-

251 2874 265 2889 »
284 2861 445 2895 siasticis,
464 2861 591 2891 scilicet
621 2861 761 2891 cuilibet
779 2870 893 2891 eorum
909 2861 949 2891 de
967 2861 1065 2891 unico
1083 2860 1255 2894 beneficio,

251 2927 265 2942 »
292 2914 332 2944 ad
365 2915 604 2953 quuscumque
634 2913 848 2944 collationem
876 2923 935 2944 seu
968 2913 1254 2953 presentationem

1325 320 1340 335 »
1362 308 1590 338 ecclesiastice
1609 317 1751 346 persone
1771 311 1954 348 spectante,
1977 311 2079 341 etiam
2101 312 2129 341 si
2148 321 2261 344 curam
2280 314 2339 344 ha-

1325 373 1340 388 »
1357 361 1456 391 beant
1474 362 1675 397 animarum,
1689 363 1719 391 et
1733 364 1891 392 vacarent
1910 365 1987 393 tunc
2003 364 2037 393 in
2056 364 2191 395 civitate
2207 374 2243 395 30
2261 366 2333 396 dio-

1324 426 1339 442 »
1357 414 1423 444 cesi
1443 414 1712 444 Treverensihus
1734 415 1787 445 vel
1811 416 2061 454 quamprimum
2082 417 2123 447 ad
2144 418 2177 447 id
2200 419 2335 450 offerret

1326 480 1339 493 »
1360 476 1394 497 se
1415 466 1568 503 facultas,
1590 469 1620 497 et
1640 467 1819 498 inducendi
1839 477 1896 498 eos
1914 469 1965 499 vel
1983 472 2220 507 procuratores
2239 480 2332 509 suos,

1325 533 1339 546 »
1357 528 1472 550 eorum
1497 520 1641 554 nomine,
1666 520 1700 550 in
1725 521 1861 551 illorum
1883 523 2139 560 possessionem
2164 532 2200 553 ac
2225 524 2336 555 deien-

1326 585 1340 599 »
1357 572 1454 602 dendi
1473 572 1639 608 inductos,
1653 575 1684 603 et
1701 573 1846 604 faciendi
1863 583 1920 604 eos
1937 574 1969 605 in
1985 575 2140 605 ecclesiis
2158 577 2192 606 in
2212 577 2336 616 quibus

1324 625 1439 664 »ipsis
1450 626 1693 664 providendum
1706 627 1854 664 duceret,
1865 628 1894 657 si
1905 628 2082 668 collegiate
2093 631 2217 666 essent,
2227 630 2336 670 singu-

1326 690 1339 704 »
1358 679 1408 708 103
1419 679 1575 709 videlicet
1592 679 1623 708 in
1639 679 1784 718 singulis
1794 680 1982 715 dumtaxat,
1998 682 2030 711 in
2044 685 2222 712 canonicos
2232 683 2337 722 recipi

1325 744 1339 758 »
1359 734 1389 761 et
1403 733 1435 761 in
1448 732 1568 762 fratres
1578 741 1615 762 ac
1625 733 1888 764 contradictores
1898 743 1957 773 per
1967 744 2142 765 censuram
2161 736 2338 766 ecclesias-

1326 796 1340 811 »
1358 785 1472 819 ticam,
1492 785 1720 824 appellatione
1747 788 1950 825 postposita,
1967 789 2215 826 compescendi,
2233 791 2263 819 et
2282 789 2336 819 de·

1324 847 1341 866 »
1356 838 1459 868 crevit
1482 838 1617 868 irritum
1637 841 1667 869 et
1686 839 1786 869 inane
1804 839 1833 869 si
1851 848 1949 870 secus
1966 840 2006 870 de
2027 840 2202 871 beneficiis
2221 841 2335 880 hujus-

1325 902 1340 918 »
1360 891 1462 927 modi,
1479 891 1678 922 30010111310
1701 892 1887 930 apostolica
1905 893 1957 923 vel
1977 894 2044 923 alia
2063 895 2196 933 quavis.
2218 904 2235 924 a
2255 904 2334 934 quo·

1326 956 1340 972 »
1360 952 1461 982 quam
1473 945 1681 984 contingeret
1695 945 1902 984 attemptari,
1918 946 2003 976 sicut
2019 947 2053 976 in
2066 946 2192 977 litteris
2205 950 2337 986 aposto-

1325 1010 1340 1025 »
1351 997 1427 1027 licis
1435 997 1808 1028 dinosciturcontineri.
1817 999 1909 1029 Idem
1918 1007 2051 1038 quoque
2061 999 2338 1040 archiepiscopus

1327 1062 1340 1077 »
1356 1050 1532 1081 intendens
1550 1051 1659 1081 eidem
1676 1051 1868 1087 Lodowico,
1885 1061 1986 1091 quem
2002 1053 2109 1083 voluit
2129 1054 2161 1083 et
2177 1053 2279 1092 elegit
2297 1054 2338 1084 de

1326 1115 1340 1130 »
1358 1113 1499 1134 numero
1518 1104 1656 1134 illorum
1674 1104 1778 1135 trium
1797 1113 1884 1139 esse,
1901 1105 2099 1136 auctoritate
2128 1106 2266 1136 illarum
2283 1106 2338 1136 lit-

1325 1167 1340 1187 »
1358 1158 1506 1188 terarum
1520 1158 1698 1196 providere
1713 1158 1766 1188 vel
1783 1158 1892 1189 facere
1903 1159 2087 1198 provideri,
2098 1159 2254 1190 ..decano
2269 1160 2337 1190 Me-

1326 1222 1340 1238 »
1356 1210 1457 1247 tensi,
1474 1211 1645 1241 commisit
1676 1212 1709 1242 in
1746 1212 1879 1251 negotio
1912 1213 2121 1250 provisionis
2142 1212 2338 1251 hujusmodi

1323 1273 1341 1294 »
1359 1264 1450 1294 vices
1471 1272 1562 1294 31133.
1591 1265 1654 1299 Qui
1672 1264 1819 1295 decanus
1839 1265 2003 1295 Metensis
2019 1265 2183 1296 decanum
2200 1267 2231 1296 et
2249 1266 2338 1304 capi-

1325 1329 1340 1345 »
1356 1317 1465 1347 tulum
1479 1317 1629 1356 predicte
1642 1318 1783 1348 ecclesie
1800 1318 1906 1348 sancti
1920 1318 2051 1348 Florini
2064 1319 2097 1349 in
2114 1319 2337 1355 Continentia,

1324 1381 1340 1398 n
1359 1370 1400 1400 ad
1425 1379 1510 1408 quos
1540 1373 1669 1409 spectat
1687 1371 1824 1401 collatio
1847 1371 2108 1410 prebendarum,
2128 1373 2258 1402 monuit
2278 1380 2338 1402 seu

1326 1434 1340 1450 »
1358 1423 1487 1453 moneri
1504 1423 1582 1453 fecit
1594 1425 1629 1453 ut
1643 1424 1813 1463 prefatum
1829 1425 2047 1455 Lodowicum
2062 1425 2114 1455 vel
2129 1425 2239 1464 ipsius
2262 1434 2340 1464 pro-

1326 1487 1339 1502 »
1357 1479 1558 1512 curatorem,
1570 1477 1658 1507 infra
1673 1477 1868 1516 quindecim
1886 1478 1960 1509 dies
1977 1487 1995 1508 3
2011 1480 2164 1517 tempore
2181 1478 2337 1509 monitio-

1324 1541 1339 1556 »
1358 1529 1411 1559 nis
1437 1538 1508 1564 sue,
1536 1530 1721 1568 reciperent
1741 1530 1774 1560 in
1797 1530 1907 1569 ipsius
1928 1531 2070 1561 ecclesie
2088 1531 2287 1561 canonicum
2305 1533 2337 1562 et

1326 1594 1340 1609 »
1357 1582 1391 1612 10
1406 1582 1557 1619 fratrem,
1570 1583 1722 1621 alioquin
1732 1585 1848 1613 contra
1861 1583 1954 1622 ipsos
1965 1584 2159 1622 procederet
2173 1588 2336 1623 quantum

1326 1647 1340 1661 »
1361 1635 1442 1666 ordo
1464 1635 1608 1666 rationis
1625 1636 1778 1666 dictaret.
1806 1636 1962 1667 Intimari
1979 1637 2083 1667 etiam
2099 1637 2149 1667 eis
2166 1637 2244 1667 fecit
2264 1646 2338 1676 pre-

1325 1700 1339 1715 »
1359 1688 1448 1719 fatus
1462 1689 1609 1719 decanus
1620 1689 1784 1719 Metensis
1795 1689 1885 1729 quod
1899 1690 1938 1720 de
1952 1689 2135 1729 prebenda,
2151 1690 2337 1729 siquatunc

1325 1753 1339 1769 »
1365 1741 1505 1772 vacabat
1528 1742 1561 1772 in
1586 1743 1660 1781 ipsa
1682 1743 1827 1773 ecclesia
1848 1743 1901 1773 vel
1918 1743 2172 1782 quamprimum
2190 1752 2225 1774 se
2244 1743 2285 1774 ad
2303 1743 2336 1774 id

1325 1806 1339 1825 »
1363 1795 1506 1825 facultas
1541 1796 1686 1829 offerret,
1715 1795 1909 1826 intendebat
1937 1796 2047 1827 eidem
2076 1796 2257 1827 Lodowieo
2283 1797 2336 1827 vel

1322 1857 1339 1878 »
1355 1849 1565 1888 procuratori
1580 1858 1652 1885 suo,
1668 1851 1768 1888 prout
1784 1849 1824 1879 de
1840 1849 1916 1888 jure
1932 1849 2140 1887 procederet,
2157 1849 2336 1888 providere

1323 1914 1337 1929 »
1355 1903 1387 1932 et
1405 1902 1544 1932 03011001
1564 1901 1770 1940 prebendam
1786 1902 1976 1941 provisioni
2006 1911 2066 1932 sue
2089 1902 2334 1932 nichilominus

1322 1968 1336 1981 »
1356 1955 1552 1985 reservavit.
1565 1956 1649 1986 Cum
1668 1957 1781 1985 autem
1800 1957 1994 1994 speraretur
2013 1955 2103 1994 quod
2118 1955 2260 1994 predicti
2280 1955 2334 1986 de-

1323 2020 1337 2035 »
1363 2017 1466 2038 canus
1498 2010 1528 2038 et
1557 2009 1743 2047 capitulum
1771 2008 1931 2039 deberent
1958 2009 2126 2048 premisse
2152 2009 2333 2039 monitioni

1322 2074 1336 2088 »
1356 2070 1488 2100 parere,
1504 2062 1653 2092 maxime
1679 2070 1754 2092 cum
1779 2061 1882 2092 nichil
1906 2061 2107 2092 rationabile
2129 2061 2334 2101 allegaretur

1321 2127 1336 2142 »
1352 2123 1413 2153 pro
1425 2114 1474 2145 eis
1487 2123 1590 2153 quare
1604 2114 1758 2153 prefatus
1769 2114 1973 2145 Lodowicus
1988 2114 2093 2153 recipi
2102 2123 2168 2146 non
2182 2114 2331 2150 deberet,

1321 2178 1336 2196 »
1355 2167 1518 2198 Gerlacus
1536 2168 1691 2204 clericus,
1703 2170 1901 2207 procurator
1915 2168 2033 2198 decani
2051 2170 2081 2198 et
2102 2167 2243 2207 capituli
2261 2176 2334 2207 pre-

1320 2232 1335 2248 »
1351 2221 1530 2255 dictorum,
1547 2230 1659 2251 coram
1680 2221 1753 2260 ipso
1777 2221 1902 2252 decano
1920 2221 2064 2252 Metensi
2084 2221 2273 2260 comparuit
2296 2224 2330 2251 ut

1321 2287 1334 2300 »ι
1353 2276 1482 2313 peteret
1500 2276 1609 2304 tutum
1629 2274 1740 2305 locum
1758 2275 1925 2314 assignari
1944 2275 2072 2305 eisdem
2089 2275 2129 2305 ad
2146 2283 2334 2313 proponen-

1322 2339 1336 2355 »
1353 2327 1432 2357 dum
1447 2337 1485 2358 ea
1501 2336 1565 2366 que
1581 2336 1768 2367 proponere
1786 2327 2015 2363 intendebant,
2030 2330 2060 2358 et
2080 2327 2275 2366 specialiter
2292 2327 2332 2358 de

1320 2392 1334 2407 »
1354 2381 1490 2411 civitate
1504 2381 1646 2411 Metensi
1659 2383 1689 2411 et
1710 2381 1794 2411 locis
1811 2381 2022 2411 intermediis
2039 2389 2103 2419 que
2117 2389 2180 2411 non
2198 2383 2331 2411 essent¹

1322 2445 1335 2459 »
1353 2435 1424 2463 tuta
1438 2433 1523 2472 ipsis
1535 2434 1660 2464 decano
1673 2437 1702 2464 et
1719 2434 1879 2472 0311110111,
1889 2436 1923 2464 01
1937 2433 2149 2468 dicebantur;
2165 2435 2333 2473 0100111111-

1321 2499 1335 2513 »
1354 2495 1437 2526 gens
1456 2487 1544 2517 idem
1562 2489 1760 2525 procurator
1777 2486 1843 2516 sibi
1859 2487 2017 2526 denegari
2035 2487 2146 2517 locum
2164 2490 2274 2518 tutum
2291 2488 2333 2518 ad

1322 2552 1335 2567 »
1353 2549 1454 2579 quem
1479 2540 1635 2570 accedere
1655 2542 1793 2578 possent
1820 2549 1937 2571 secure
1960 2540 2103 2579 predicti
2127 2541 2275 2572 decanus
2300 2544 2331 2572 et

1321 2605 1335 2619 »
1359 2593 1559 2632 capitulum,
1582 2602 1656 2623 cum
1676 2593 1866 2623 rationibus
1886 2595 1915 2623 et
1937 2593 2159 2624 immimentis
2177 2594 2211 2624 in
2230 2603 2333 2625 causa

1321 2657 1336 2674 »
1354 2646 1570 2681 necessariis,
1597 2646 1711 2676 sedem
1741 2646 1962 2685 apostolicam
1980 2647 2093 2677 minus
2112 2646 2263 2686 legitime
2278 2657 2333 2688 ap-

1321 2709 1336 2729 »
1353 2699 1502 2738 pellavit.
1523 2699 1591 2738 Ipsi
1611 2699 1713 2729 etiam
1731 2699 1879 2730 decanus
1900 2701 1930 2730 et
1949 2700 2135 2738 capitulum
2154 2708 2257 2738 super
2273 2701 2331 2732 1100

1288 2746 1289 2750 ’
1321 2764 1335 2780 n
1356 2761 1415 2791 per
1432 2761 1512 2782 suas
1530 2752 1662 2783 litteras
1679 2753 1788 2782 eidem
1806 2753 1977 2783 executori
1996 2753 2229 2786 transmissas.
2246 2753 2332 2785 frus-

1289 2804 1290 2807 ’
1321 2816 1336 2831 11
1356 2805 1495 2836 11310110
1507 2806 1546 2835 311
1563 2806 1704 2836 eandem
1719 2806 1832 2836 sedem
1846 2806 2007 2836 similiter
2019 2806 2246 2845 appellarunt.
2258 2816 2334 2837 con-

1352 2922 1374 2944 1.
1392 2920 1414 2945 11
1433 2928 1448 2951 ,1-
1466 2920 1545 2944 avait
1562 2923 1743 2951 auparavant
1763 2923 1856 2946 essent.
1871 2927 1906 2945 00
1921 2929 1935 2944 a
1953 2920 2064 2952 corrige
2083 2928 2116 2945 011
2133 2928 2195 2945 esse.
