2519 3262
1013 196 1255 233 TROISIEME
1282 194 1445 232 ANNEE.

188 286 415 322 manensium,
444 286 642 324 procurator
666 285 818 324 ejusdem
846 286 1008 324 episcopi,
1042 287 1130 324 apud
1150 294 1199 316 se-

188 338 264 368 dem
277 338 451 369 constituti
463 338 662 377 predictam,
676 339 980 377 compromiserunt
993 338 1199 368 unanimiter

188 399 290 430 super
316 391 496 430 premissis
522 391 556 421 in
584 391 669 421 bone
693 391 855 421 memorie
882 391 937 427 Η.,
968 391 1059 421 tituli
1085 392 1198 421 sancte

186 443 309 474 Sabine
338 444 576 484 presbyterum
609 444 828 480 cardinalem,
858 446 1019 483 tanquam
1052 444 1085 473 in
1113 444 1199 474 arbi-

185 498 288 530 trum,
313 496 550 528 arbitratorem
574 499 605 527 et
629 497 842 528 amicabilem
870 497 1142 535 compositorem,
1166 499 1198 527 et

186 549 416 589 promiserunt
430 550 583 589 prefatus
600 551 651 585 E.‚
670 559 730 589 pro
747 559 793 587 se,
816 559 853 580 ac
881 550 969 580 idem
986 552 1194 588 procurator,

185 602 294 641 ipsius
311 604 461 643 episcopi
475 605 621 641 nomine,
641 612 676 634 se
690 605 800 634 ratum
819 603 994 633 habituros
1010 605 1042 632 et
1060 603 1195 632 firmum

186 657 347 695 quicquid
368 657 457 688 idem
485 657 669 688 cardinalis
690 659 760 687 tani
786 665 887 695 snper
914 657 1066 686 cessione
1082 656 1196 695 11113113-

184 710 276 740 modi
307 719 407 749 quam
438 719 539 750 super
563 710 758 749 provisione
786 710 895 739 eidem
922 710 952 739 J.
985 709 1138 739 facienda
1165 712 1196 740 et

184 762 261 792 aliis
277 763 367 793 idem
384 763 556 802 negotium
573 761 846 801 contingentibus
864 762 1049 797 mandaret,
1070 763 1195 792 statue-

182 818 232 846 ret
248 816 301 846 vel
322 816 575 855 quomodolibet
593 816 775 846 ordinaret.
797 815 974 845 Predictus
992 823 1069 845 vero
1089 816 1196 845 cardi-

183 869 282 905 nalis,
305 869 499 908 hujusmodi
525 869 770 908 compromisso
795 870 928 906 recepto
946 870 978 898 et
995 869 1194 898 auctoritate

180 923 296 952 nostra
313 930 415 960 super
430 921 496 952 hiis
512 923 545 952 et
561 922 639 951 aliis
657 921 850 960 hujusmodi
867 921 1040 960 negotium
1065 921 1194 951 contin·

180 974 349 1014 gentibus,
363 975 393 1004 ei
408 983 467 1013 per
480 974 641 1005 dilectum
653 974 774 1010 filium,
788 974 989 1013 magistrum
1003 974 1192 1004 Berardum

180 1027 219 1058 de
237 1027 391 1066 Neapoli,
410 1027 655 1058 subdiaconum
677 1029 709 1057 et
729 1027 897 1058 notarium
919 1029 1085 1064 nostrum,
1104 1037 1192 1058 coni·

178 1081 295 1117 missa,
313 1081 428 1111 habita
443 1090 576 1120 quoque
600 1081 843 1111 deliberatione
865 1081 1018 1120 plenaria
1034 1082 1122 1112 circa
1138 1090 1191 1112 ne-

177 1134 260 1174 gotii
275 1134 485 1174 qualitatem,
507 1143 624 1164 omnes
641 1135 827 1165 sententias
841 1134 882 1164 ab
897 1135 1014 1165 eodem
1031 1135 1192 1174 episcopo

177 1189 292 1218 contra
308 1188 421 1227 ipsum
432 1189 482 1221 E.‚
495 1188 670 1218 occasione
680 1188 875 1227 hujusmodi
890 1189 1028 1227 negotii,
1042 1189 1191 1227 promul-

176 1242 283 1280 gatas,
302 1243 334 1271 et
354 1241 544 1280 predictum
559 1241 790 1280 juramentum
807 1241 848 1271 ab
860 1241 976 1272 eodem
995 1242 1188 1280 prestitum,

177 1294 216 1324 de
234 1302 400 1324 consensu
417 1294 577 1333 partium,
600 1294 766 1324 relaxavit
785 1296 815 1324 et
831 1294 949 1324 statuit
964 1295 1116 1333 insuper,
1139 1304 1190 1325 or-

177 1347 307 1377 dinavit
336 1348 367 1377 et
395 1348 565 1377 mandavit
585 1348 672 1386 quod
699 1348 788 1377 idem
810 1348 846 1377 E.
869 1349 995 1386 posset,
1028 1348 1057 1377 si
1074 1348 1189 1384 vellet,

176 1409 285 1440 usque
304 1401 344 1431 ad
361 1409 511 1430 mensem
531 1401 795 1439 computandum
817 1409 834 1430 a
854 1401 1000 1431 secundo
1020 1401 1074 1431 die
1098 1403 1189 1440 post-

176 1462 276 1493 quam
287 1454 563 1484 intraretdictum
573 1454 828 1490 monasterium,
841 1454 930 1492 quod
940 1455 1189 1493 intrareipsum

175 1508 282 1538 teneri
302 1507 420 1543 voluit,
448 1508 617 1546 quamcito
636 1508 708 1538 sine
726 1507 842 1537 fraude
861 1509 892 1537 et
917 1508 993 1538 dolo
1013 1509 1188 1539 commode

175 1563 302 1600 posset,
323 1561 356 1590 in
386 1561 551 1599 regimine
580 1561 690 1599 ipsius
720 1561 917 1591 monasterii
946 1570 1131 1595 remanere,
1156 1564 1189 1592 et

176 1614 291 1643 statim
309 1613 503 1652 hujiismodi
524 1622 639 1643 mense
658 1613 762 1649 finito,
783 1613 893 1642 eidem
907 1613 1076 1651 regimini,
1090 1613 1188 1651 juxta

175 1667 380 1697 voluntatem
396 1667 538 1705 predicti
552 1667 717 1705 episcopi,
732 1666 847 1696 cedere
859 1668 1041 1696 teneretur.
1059 1667 1093 1697 Si
1110 1676 1188 1697 vero

174 1719 284 1757 ipsius
305 1719 454 1757 episcopi
482 1719 668 1748 voluntatis
696 1721 930 1757 transgressor
958 1719 1074 1749 cedere
1102 1719 1188 1749 forte

173 1774 435 1811 contempneret,
458 1774 592 1808 extunc,
618 1772 689 1802 sive
706 1772 837 1802 cederet
862 1772 933 1801 sive
960 1781 1024 1801 non
1042 1773 1187 1808 cederet,

174 1827 307 1856 vacaret
326 1826 415 1855 idem
432 1826 677 1855 monasterium
691 1834 728 1856 eo
745 1825 832 1863 ipso,
852 1826 953 1855 certis
970 1826 1047 1855 aliis
1065 1826 1187 1856 articu-

174 1879 218 1909 lis
236 1879 269 1908 in
288 1879 395 1909 forma
417 1879 527 1917 ipsius
549 1879 772 1909 ordinationis
790 1878 944 1915 adjectis,
965 1880 1063 1916 prout
1079 1879 1113 1908 in
1133 1879 1187 1908 lit-

172 1932 255 1962 teris
271 1932 432 1962 confectis
449 1932 582 1968 exinde,
604 1932 684 1961 dicti
703 1931 886 1961 cardinalis
902 1932 1015 1970 sigillo
1029 1932 1183 1968 munitis,

172 1985 308 2024 plenius
325 1985 528 2016 continetur.

211 2039 282 2069 Hac
300 2039 412 2078 itaque
430 2039 642 2069 ordinatione
660 2039 701 2068 ad
720 2040 871 2068 nostram
890 2039 1107 2077 perveniente
1130 2048 1184 2069 no-

169 2092 295 2128 titiam,
326 2101 397 2128 1103,
420 2093 632 2122 attendentes
660 2092 749 2131 quod
767 2092 868 2122 etatis
890 2094 1047 2130 provecte
1076 2095 1185 2122 matu-

169 2146 253 2176 ritas
275 2145 416 2175 dubium
441 2146 580 2176 sinistre
609 2145 811 2184 suspitionis
834 2146 967 2176 videtur
990 2146 1183 2180 excludere,

170 2199 350 2237 presertim
381 2199 415 2228 in
442 2199 515 2237 ipso
548 2199 586 2229 Ε.
617 2199 686 2237 qui,
718 2199 797 2228 licet
829 2199 958 2229 diutius
992 2199 1181 2237 predictum

171 2253 416 2282 monasterium
438 2252 577 2288 rexerit,
602 2252 732 2282 nullam
752 2254 878 2285 tamen,
903 2253 1005 2282 etiam
1026 2252 1181 2290 juventu-

170 2306 215 2335 tis
246 2315 305 2335 sue
338 2307 501 2344 tempore,
544 2305 718 2335 dicebatur
754 2307 868 2335 notam
904 2306 1054 2336 levitatis
1091 2306 1180 2336 dam-

168 2359 317 2398 pnabilis
334 2359 536 2393 incurrisse,
555 2360 736 2397 pensantes
753 2367 885 2398 quoque
903 2359 991 2398 quod
1014 2359 1182 2397 prefatum

169 2412 425 2448 monasterium,
459 2413 547 2451 quod
578 2421 637 2450 per
663 2412 867 2442 industriam
907 2414 938 2442 et
982 2412 1181 2443 sollicitudi-

169 2475 245 2496 nem
264 2466 373 2504 ipsius
389 2466 426 2495 E.
450 2465 652 2504 multiplicia
672 2465 864 2504 suscepisse
887 2466 1053 2496 asseritur
1068 2466 1180 2496 hacte-

167 2528 231 2549 nus
249 2519 469 2554 incrementa,
486 2518 513 2547 si
531 2518 604 2557 ejus
616 2518 749 2548 cederet
763 2518 931 2557 regimini,
950 2527 992 2549 ex
1006 2519 1181 2549 vacatione

168 2572 311 2607 diutina,
348 2580 449 2610 quam
483 2572 569 2601 solet
603 2571 796 2610 frequenter
832 2571 990 2603 inducere
1023 2574 1181 2603 votorum

168 2625 362 2661 diversitaS,
389 2633 525 2664 gravem
548 2626 663 2663 posset
684 2625 718 2654 in
742 2624 979 2663 spiritualibus
1002 2627 1034 2656 et
1051 2628 1178 2665 tempo-

167 2678 297 2709 ralibus
326 2678 500 2708 incurrere
525 2678 701 2714 lesionem,
720 2678 891 2708 voluimus
914 2680 946 2708 et
964 2679 1073 2709 eidem
1090 2680 1181 2718 epis-

168 2741 249 2771 copo
272 2741 331 2770 per
358 2733 492 2761 nostras
518 2731 650 2761 litteras
676 2731 828 2761 districte
851 2731 1068 2770 precipiendo
1085 2742 1177 2763 man-

169 2786 326 2816 davimus
363 2785 399 2814 ut
429 2784 572 2814 eundem
604 2784 642 2830 Ε.
682 2783 789 2814 libere
825 2785 1036 2823 permitteret
1070 2786 1180 2824 ipsius

167 2838 364 2869 monasterii
382 2837 539 2877 regimini
557 2837 730 2876 presidere
749 2846 785 2867 ac
803 2846 931 2876 gerere,
959 2838 1046 2868 sicut
1069 2840 1177 2877 prius,

168 2892 201 2922 in
231 2891 387 2922 omnibus
414 2899 527 2921 curam
556 2890 641 2929 ejus,
674 2899 740 2921 non
771 2890 984 2921 obstantibus
1014 2892 1178 2930 predictis

2207 204 2265 233 359

1259 285 1416 316 omnibus
1444 286 1477 315 et
1507 284 1700 322 specialiter
1731 284 1942 315 ordinatione
1978 285 2030 314 vel
2058 285 2265 323 quibuslibet

1257 338 1411 368 articulis
1431 337 1598 367 contentis
1618 337 1650 366 in
1668 345 1718 372 ea,
1740 337 1804 366 nisi
1823 346 1841 366 a
1859 337 1956 367 nobis
1975 337 2065 367 aliud
2084 347 2184 376 super
2206 339 2265 370 hoc

1258 392 1422 429 reciperet
1440 390 1474 420 in
1491 390 1672 420 mandatis.
1696 391 1776 420 Post
1794 390 1987 428 hujusmodi
2005 393 2116 421 autem
2134 391 2264 421 litteras

1257 443 1424 479 obtentas,
1460 444 1633 481 predictus
1667 443 1848 481 episcopus
1886 444 2084 474 auctoritate
2129 445 2264 483 propria

1256 497 1425 535 prefatum
1461 497 1498 527 Ε.
1526 497 1655 527 monuit
1681 498 1716 526 ut
1741 497 1872 526 cederet
1904 496 2036 527 abbatie
2066 498 2264 528 monasterii

1256 550 1447 584 memorati,
1482 552 1618 588 propter
1648 550 1736 588 quod
1769 550 1852 588 ipse,
1883 550 2032 580 sentiens
2063 550 2210 581 indebite
2229 560 2264 581 se

1256 604 1400 641 gravari,
1423 603 1463 633 ad
1487 603 1599 633 sedem
1624 603 1806 641 appellavit
1829 603 2024 641 predictam,
2044 604 2096 633 cui
2116 604 2262 642 appella-

1255 656 1339 685 tioni
1357 656 1507 695 prefatus
1526 657 1706 695 episcopus
1720 656 1887 692 deserens
1906 657 2055 695 predicto
2072 658 2108 687 E.
2129 658 2265 696 prefixit

1256 710 1384 739 certum
1413 709 1597 739 terminum
1626 710 1891 747 peremptorium
1915 718 1980 748 quo
1998 719 2056 748 per
2073 719 2108 740 se
2131 711 2183 740 vel
2205 720 2263 749 per

1256 764 1509 801 procuratorem
1529 762 1697 801 ydoneum
1724 763 1909 800 apostolico
1927 772 1962 793 se
1978 764 2172 801 conspectui
2190 773 2262 802 pre-

1255 817 1415 845 sentaret,
1435 816 1656 845 Procuratore
1674 815 1787 854 itaque
1805 816 1913 854 ipsius
1936 816 1971 846 E.
1991 825 2050 854 pro
2072 825 2109 846 eo
2128 819 2264 856 propter

1254 869 1326 904 hoc,
1348 869 1382 898 in
1400 870 1526 898 statuto
1540 869 1696 905 termino,
1718 869 1758 898 ad
1778 871 1930 899 nostram
1949 870 2153 908 presentiam
2171 879 2261 901 acce-

1253 923 1364 959 dente,
1386 930 1447 952 nos
1471 922 1632 952 dilectum
1659 922 1767 952 filium
1796 924 1949 952 nostrum
1974 922 2025 958 G„
2047 923 2137 953 tituli
2156 924 2263 954 sancti

1253 975 1356 1006 Marci
1385 975 1621 1014 presbyterum
1654 976 1871 1011 cardinalem,
1902 976 2058 1006 dedimus
2086 977 2119 1006 in
2146 976 2260 1014 hujus-

1252 1029 1343 1058 modi
1362 1029 1494 1067 negotio
1514 1028 1668 1067 partibus
1685 1029 1886 1064 auditorem,
1916 1029 1973 1067 qui
2003 1029 2261 1068 interloquendo

1252 1082 1486 1121 pronuntiavit
1513 1082 1601 1120 quod
1623 1082 1794 1120 negotium
1817 1082 2006 1120 predictum
2036 1084 2106 1112 erat
2124 1083 2164 1112 ad
2185 1092 2261 1114 ean-

1252 1136 1327 1165 dem
1356 1135 1471 1165 sedem
1499 1143 1558 1173 per
1592 1135 1854 1174 appellationem
1885 1135 2079 1173 hujusmodi
2111 1136 2262 1176 legitime

1251 1189 1460 1219 devolutum.
1490 1188 1662 1218 Pendente
1688 1197 1767 1218 vero
1790 1189 1878 1218 dicto
1902 1189 2035 1228 negotio
2059 1198 2170 1220 coram
2191 1199 2265 1229 pre-

1251 1242 1318 1272 fato
1333 1241 1372 1272 G.
1390 1241 1554 1271 cardinali
1567 1243 1598 1271 et
1612 1241 1778 1280 prelibato
1791 1241 1948 1280 episcopo
1959 1242 2136 1272 intimante
2148 1243 2259 1278 nobis,

1249 1295 1328 1325 licet
1354 1295 1453 1331 falso,
1483 1295 1573 1333 quod
1591 1295 1783 1333 sepedictus
1804 1295 1855 1331 F..‚
1880 1296 2017 1333 propter
2041 1304 2176 1334 gravem
2196 1306 2261 1335 qua

1251 1347 1426 1378 laborabat
1455 1348 1641 1384 infamiam,
1672 1356 1737 1378 non
1761 1349 1892 1386 poterat
1923 1348 1957 1378 in
1986 1349 2150 1387 regimine
2179 1350 2259 1380 dicti

1249 1401 1458 1437 monasterii,
1479 1401 1552 1431 sine
1582 1401 1675 1440 gravi
1704 1401 1873 1437 scandalo,
1902 1410 2075 1432 remanere
2103 1404 2132 1432 et
2158 1404 2261 1441 quod,

1249 1454 1365 1484 eodem
1386 1454 1433 1483 sic
1457 1454 1660 1492 presidente,
1683 1455 1926 1484 monasterium
1943 1455 2055 1493 ipsum
2075 1456 2195 1493 gravia
2215 1457 2263 1486 in-

1249 1516 1383 1537 currere
1398 1509 1527 1546 poterat
1548 1507 1761 1541 detrimenta,
1784 1516 1845 1537 nos
1864 1507 1986 1537 dilecto
2008 1508 2077 1538 tilio
2094 1532 2100 1538 .
2119 1534 2125 1539 .
2146 1509 2261 1540 abbati

1248 1560 1528 1596 Cormeriacensi,
1551 1561 1760 1590 Turonensis
1786 1561 1944 1596 diocesis,
1973 1562 2098 1591 nostris
2118 1571 2182 1592 non
2213 1563 2261 1592 fa—

1248 1613 1416 1643 cientibus
1442 1614 1590 1652 aliquam
1617 1614 1821 1643 mentionem
1837 1614 1876 1643 de
1896 1614 2088 1653 hujusmodi
2113 1616 2260 1654 appella-

1247 1667 1338 1697 tione
1361 1667 1469 1705 ipsius
1493 1667 1528 1696 E.
1557 1668 1586 1696 et
1617 1667 1704 1705 quod
1730 1667 1916 1705 predictum
1950 1668 2120 1705 negotium
2148 1678 2259 1699 coram

1248 1720 1365 1750 eodem
1383 1720 1422 1750 Gr.
1439 1720 1603 1749 cardinali
1617 1721 1788 1758 penderet,
1804 1720 1959 1750 dedimus
1976 1721 2099 1751 litterIs
2119 1722 2151 1751 in
2169 1731 2260 1752 man-

1247 1773 1335 1803 datis
1350 1775 1385 1802 ut
1402 1773 1544 1802 eundem
1559 1774 1605 1808 E.,
1617 1781 1658 1802 ex
1669 1764 1761 1810 parte
1775 1776 1900 1807 nostra,
1912 1776 2061 1804 moneret
2072 1774 2259 1805 efficaciter

1247 1835 1283 1856 ac
1306 1826 1480 1856 induceret
1498 1826 1679 1864 diligenter
1698 1828 1744 1861 ut,
1770 1826 1858 1855 int'ra
1884 1836 1987 1856 unum
2008 1836 2157 1858 inensem
2178 1831 2257 1867 post

1246 1879 1468 1909 monitionem
1487 1887 1593 1915 suani,
1611 1878 1716 1908 libere
1734 1879 1865 1909 cederet
1885 1879 2041 1918 regimini
2060 1882 2258 1911 monasterii

1245 1932 1387 1971 predicti
1405 1936 1435 1962 et
1453 1941 1493 1961 ex
1511 1934 1600 1968 tunc,
1615 1932 1686 1961 sive
1704 1932 1834 1962 cederet
1849 1932 1920 1962 sive
1937 1941 2002 1962 non
2020 1933 2162 1969 cederet,
2182 1943 2257 1973 pre·

1245 1986 1352 2016 fatum
1379 1985 1625 2015 monasterium
1651 1985 1863 2015 decrevimus
1880 1986 2016 2016 omnino
2038 1995 2168 2017 vacare.
2192 1989 2256 2018 Vo-

1244 2039 1375 2069 luimus
1398 2039 1500 2068 etiam
1520 2039 1555 2068 ut
1574 2039 1662 2068 idem
1686 2038 1789 2068 abbas
1809 2038 2108 2076 Cormeriacensis,
2134 2041 2254 2079 elapso

1244 2093 1395 2131 ejusdem
1425 2092 1554 2122 mensis
1582 2092 1703 2130 spatio,
1731 2092 1854 2122 dictam
1886 2093 2144 2128 ordinationem,
2183 2094 2253 2124 sive

1244 2146 1416 2184 predictus
1439 2146 1474 2175 E.
1496 2145 1627 2175 cederet
1646 2146 1717 2175 sive
1743 2154 1808 2175 non
1829 2146 1971 2179 cederet,
1993 2146 2116 2176 faceret
2137 2156 2196 2185 per
2219 2156 2254 2178 se

1244 2200 1295 2229 vel
1314 2208 1373 2238 per
1391 2199 1497 2229 alium
1516 2198 1758 2229 inviolabiliter
1775 2198 1960 2233 observari,
1982 2202 2250 2231 contradictores

1242 2262 1303 2292 per
1319 2262 1495 2283 censuram
1509 2253 1785 2285 ecclesiasticam,
1803 2253 2029 2291 appellatione
2046 2256 2250 2292 postposita,

1242 2306 1496 2345 compescendo,
1532 2306 1749 2335 decernentes
1785 2306 2024 2335 nichilominus
2055 2307 2190 2337 irritum
2219 2310 2251 2338 et

1240 2360 1340 2390 inane
1364 2360 1392 2389 si
1411 2362 1526 2389 contra
1544 2359 1737 2397 hujusmodi
1760 2359 1908 2388 mandati
1935 2359 2041 2389 nostri
2064 2362 2215 2391 tenorem
2234 2370 2250 2391 a

1240 2421 1410 2452 quoquam
1434 2413 1594 2442 existeret
1612 2413 1862 2450 attemptatum.

1280 2467 1385 2496 Porro
1414 2466 1502 2495 idem
1522 2465 1625 2495 abbas
1653 2465 1950 2501 Cormeriacensis,
1970 2467 2170 2497 auctoritate
2197 2468 2248 2498 lit-

1238 2521 1388 2550 terarum
1409 2518 1604 2557 hujusmodi
1622 2518 1826 2548 directarum
1848 2518 1889 2548 ad
1908 2518 2032 2556 ipsum,
2058 2520 2246 2558 predictum

1238 2573 1275 2603 E.
1301 2573 1433 2603 monuit
1459 2573 1508 2608 ut,
1533 2571 1621 2601 infra
1646 2572 1746 2601 unius
1770 2571 1898 2601 mensis
1924 2572 2084 2610 spatium,
2114 2574 2246 2604 cederet

1238 2626 1396 2665 regimini
1413 2624 1611 2655 monasterii
1634 2624 1832 2663 supradicti.
1858 2625 1907 2654 Ex
1926 2627 2019 2663 parte
2036 2635 2115 2656 vero
2137 2627 2247 2665 ipsius

1238 2681 1276 2710 E.
1303 2680 1366 2710 fuit
1386 2679 1584 2717 excipiendo
1608 2678 1818 2716 propositum
1838 2687 1950 2708 coram
1977 2688 2014 2709 eo
2041 2680 2140 2719 quod,
2171 2689 2246 2710 cum

1237 2734 1427 2772 predictum
1455 2732 1626 2771 negotium
1656 2732 1745 2761 esset
1764 2739 1823 2770 per
1845 2732 2108 2770 appellationem
2132 2734 2245 2772 ipsius

1239 2787 1277 2816 E.
1300 2787 1339 2817 ad
1366 2786 1489 2816 dictam
1519 2785 1632 2814 sedem
1658 2784 1807 2823 legitime
1829 2785 2035 2822 devolutum,
2066 2789 2164 2825 prout
2188 2796 2246 2817 su-

1237 2840 1353 2878 perius
1376 2840 1427 2869 est
1446 2846 1658 2877 expressum,
1677 2839 1708 2867 et
1725 2839 1795 2867 erat
1818 2838 1968 2877 legitime
1986 2839 2128 2878 probare
2149 2849 2243 2878 para-

1236 2894 1304 2930 tus,
1333 2893 1421 2923 idem
1438 2892 1542 2923 abbas
1559 2891 1846 2923 Cornieriacensis
1869 2900 1928 2931 per
1949 2893 2085 2923 easdem
2107 2895 2245 2924 nostras
