2659 3242
100 403 175 433 1263
261 403 389 433 orvieto.

76 454 147 483 dec.
178 451 229 481 28.
283 468 323 473 —

108 903 120 918 ι
175 894 191 919 3
200 895 210 921 l
223 915 227 920 .
299 908 338 913 -—-

107 1245 121 1260 ,
194 1245 205 1259 „
299 1250 324 1254 -

103 1539 115 1554 ,
186 1539 196 1553 ,
290 1544 321 1548 .-

104 1687 115 1701 ,
205 1686 215 1700 ‚,
292 1691 327 1695 .-

103 1785 115 1799 ,
184 1784 195 1799 ,
287 1789 327 1793 -

871 248 1043 281 TABLES
1068 248 1130 280 DU
1156 247 1377 279 REGISTRE
1403 245 1614 277 D'URBAIN
1640 246 1685 276 1v

1009 343 1096 371 Puteo.
1112 342 1240 365 Numeros.

484 402 637 437 Magistro
662 401 830 437 Aymerico
857 402 895 429 de
909 400 1031 429 Monte·
1050 396 1055 437 Ι
1076 400 1133 428 138
1150 395 1157 437 Ι
1176 399 1251 428 1184

445 452 558 484 Acuto,
575 451 727 479 canonico
744 450 952 482 Narbonensi,
969 457 1056 477 man-

443 502 500 528 dat
519 502 682 536 quatenus
702 500 815 533 Odoni,
848 499 966 527 rectori
995 506 1043 526 ec-

437 550 553 578 clesiae
566 557 590 577 s.
605 550 771 577 Laurentii
785 550 823 576 de
836 548 951 584 spello,
969 549 1044 582 Spo-

440 599 567 627 letanae
583 599 726 631 diocesis,
744 599 880 625 obtentu
895 599 937 629 .].,
955 604 1042 624 sanc-

442 649 494 675 tae
513 648 633 675 Mariae
653 647 686 675 in
715 646 883 674 Cosmedin
917 645 1043 673 diaconi

392 699 396 702 '
442 696 623 729 cardinalis,
657 697 842 731 prioratum,
876 694 1040 722 canonica-

439 748 506 773 tum
525 747 558 773 et
574 746 789 780 praebendam
818 743 988 772 saecularis
1003 750 1051 770 ec-

440 794 557 822 clesiae
572 802 597 822 s.
623 794 712 821 Petri
726 793 952 828 foras-portam
965 793 1041 827 Spo-

440 843 583 871 letanam
618 842 773 871 conferat.

484 892 643 927 Episcopo
671 891 877 919 Cracoviensi
905 890 1038 918 mandat
1054 884 1062 926 Ι
1078 887 1139 916 237
1157 887 1163 927 Ι
1189 888 1248 916 476

439 942 484 974 ut,
520 941 669 976 precibus
702 941 792 968 ducis
822 939 1042 967 cracoviensis

436 989 645 1023 satisfaciens,
669 989 756 1016 viros
778 989 907 1016 idoneos
929 988 969 1016 ad
990 987 1040 1014 Li-

436 1040 553 1067 tuanos
564 1039 621 1074 qui
632 1038 741 1065 venire
753 1037 885 1072 cupiant
899 1036 1042 1064 adchris-

440 1087 548 1115 tianae
566 1087 644 1114 fidei
662 1087 829 1118 unitatem,
861 1085 983 1118 mittat,
1006 1092 1041 1112 ac

439 1137 471 1164 in
487 1136 606 1164 eisdem
622 1136 772 1170 partibus
797 1134 946 1162 ecclesias
969 1133 1040 1162 fun-

434 1186 499 1213 det.

482 1233 623 1261 Waltero
650 1235 689 1261 de
715 1232 901 1268 solempniis
938 1239 1036 1259 annu·
1064 1227 1147 1268 1470
1165 1229 1172 1270 Ι
1189 1231 1247 1258 074

446 1290 497 1310 am
512 1282 692 1318 pensionem
711 1284 742 1309 et
769 1282 980 1317 praebendam
1008 1281 1040 1308 in

437 1331 567 1359 ecclesia
596 1339 620 1359 s.
659 1330 768 1358 Crucis
804 1330 1041 1358 Cameracensis

435 1382 622 1409 vacaturam
636 1382 786 1413 reservat,
813 1379 1037 1414 compromisso

434 1431 482 1463 G.,
504 1429 591 1457 tituli
612 1437 636 1456 s.
657 1430 755 1457 Marci
778 1428 955 1464 presbyteri
973 1435 1038 1456 car-

432 1478 555 1512 dinalis,
583 1480 769 1513 approbato.

471 1528 677 1556 Thesaurario
730 1527 875 1555 ecclesiae
913 1528 1032 1554 Torna-
1052 1521 1058 1562 Ι
1075 1525 1134 1554 474
1154 1523 1160 1564 Ι
1187 1525 1244 1553 975

435 1577 535 1604 censis
578 1576 795 1604 executionem
850 1576 1026 1604 committit

435 1626 611 1653 sententiae
631 1626 822 1660 praedictae.

471 1675 518 1702 De
557 1675 651 1702 certis
701 1675 791 1702 bonis
831 1674 1025 1709 Archangelo
1043 1672 1049 1714 Ι
1069 1674 1125 1702 139
1143 1670 1149 1711 Ι
1169 1674 1244 1702 1186

431 1724 590 1752 Thomasii
625 1724 780 1759 Raynucii
803 1724 1007 1753 conferendis.
1030 1723 1095 1743 ‘⁰¹¹¹‘
1111 1722 1141 1743 ¹¹¹

470 1773 569 1801 Priori
608 1780 622 1800 s
672 1773 830 1800 Vincentii
878 1774 1026 1802 Metensis
1043 1772 1049 1814 Ι
1065 1775 1124 1802 404
1144 1773 1242 1814 Ι2401

442 1823 573 1850 mandat
616 1824 653 1849 ut
696 1823 870 1857 Hugonem,
926 1825 1038 1852 natum

434 1872 598 1907 quondam
630 1872 788 1905 Balduini,
826 1871 903 1899 dicti
935 1873 1036 1907 Reate,

436 1921 468 1948 in
489 1920 617 1948 ecclesia
637 1921 771 1948 Metensi
802 1921 831 1948 in
853 1921 1038 1950 canonicum

434 1969 533 2004 recipi
553 1969 661 2002 faciat,
685 1977 747 1997 non
770 1971 919 1998 obstante
939 1971 1039 2006 quoli-

433 2020 488 2046 bet
510 2019 683 2052 obstaculo,
707 2019 800 2053 juxta
821 2019 886 2054 jam
910 2019 1041 2048 directa-

437 2076 507 2095 rum
531 2068 642 2096 abhati
665 2076 688 2096 s.
712 2068 803 2096 Pauli
835 2069 1040 2097 Virdunensis

435 2117 665 2144 continentiam
690 2117 879 2146 litterarum.
1033 2118 1098 2137 *ΟΜ
1114 2116 1145 2137 ¹¹¹

478 2170 616 2198 Officiali
638 2171 814 2198 Arelatensi
837 2172 968 2199 mandat
992 2173 1029 2199 ut
1047 2168 1053 2210 Ι
1070 2173 1129 2200 405
1148 2168 1248 2210 Ι2407

440 2219 588 2254 Philippo
623 2220 661 2246 de
696 2220 809 2252 Olmes7
849 2220 1040 2249 subdiacono

442 2269 663 2295 Nemausensis
687 2269 825 2302 diocesis,
853 2277 907 2304 per
931 2270 1041 2304 magis-

440 2319 523 2345 trum
583 2319 722 2349 Petrum,
784 2319 1035 2347 archidiaconum

435 2367 630 2394 Bruliensem
657 2367 689 2394 in
717 2367 842 2395 ecclesia
881 2369 1042 2402 Agennen-

443 2416 478 2448 si,
506 2416 617 2443 idoneo
641 2417 776 2450 reperto,
804 2418 841 2444 de
865 2417 991 2445 ecclesia
1015 2425 1040 2445 ει

442 2465 558 2493 Mariae
580 2466 617 2492 de
637 2466 734 2498 Valle,
770 2466 909 2500 ejusdem
942 2467 1041 2494 dioce-

441 2514 489 2547 sis,
511 2515 688 2549 provideat.
1034 2515 1099 2534 ‘⁰¹³0
1115 2514 1146 2534 ¹¹¹

487 2566 658 2594 Scolastico
679 2567 823 2594 ecclesiae
844 2569 882 2594 de
901 2569 1031 2603 Tongris
1049 2568 1054 2608 Ι
1072 2570 1130 2597 407
1149 2568 1155 2609 Ι
1171 2569 1251 2598 2415

439 2616 570 2642 mandat
588 2617 623 2642 ut
652 2616 816 2649 magistros
855 2617 1041 2651 „Iohannem

447 2664 568 2691 dictum
605 2664 751 2697 Habeam,
780 2666 817 2691 de
841 2665 985 2699 Trajecto
1012 2668 1044 2694 et

441 2713 604 2745 Mathiamy
623 2713 744 2741 dictum
761 2715 799 2741 de
818 2714 961 2748 Tamyris,
986 2715 1045 2743 cle-

440 2762 519 2789 ricos
542 2762 680 2796 episcopi
703 2763 892 2796 Leodiensis,
918 2763 949 2791 in
970 2765 1045 2792 dua-

439 2812 498 2838 bus
522 2811 656 2838 ecclesiis
679 2812 820 2840 civitatis
853 2813 1042 2847 Leodiensis,

439 2860 614 2888 cathedrali
636 2862 776 2895 excepta,
812 2862 979 2890 canonicos
997 2869 1044 2890 re-

440 2909 501 2944 cipi
537 2908 645 2937 faciat.

1029 1623 1093 1643 tome
1109 1621 1140 1642 nl

159 3051 266 3077 Urbain
283 3053 319 3076 IV
340 3053 431 3078 tables

1331 395 1406 425 1263

1341 455 1353 471 ι
1407 445 1458 474 31.

1330 2296 1407 2325 1264

1312 2347 1400 2382 janv.
1436 2348 1489 2374 1⁰¹,

1492 396 1617 425 Orvieto.

1495 2297 1625 2326 orvi-eto.

2423 254 2484 284 145

2240 344 2326 372 Pnges.
2343 345 2469 368 Numeros.

1712 399 1759 430 G.,
1778 398 1864 426 tituli
1880 405 1904 426 s.
1922 400 2084 427 Laurentii
2100 400 2131 427 in
2144 401 2262 430 Lucina
2281 401 2287 442 Ι
2303 402 2361 431 407
2382 400 2386 440 Ι
2403 402 2481 432 241⁸

1667 449 1852 482 presbytero
1875 448 2033 480 cardinali,
2062 451 2193 477 mandat
2229 454 2266 479 ut

1673 503 1690 523 a
1709 496 1859 531 magistro
1879 497 2070 532 Raymundo
2083 500 2120 525 de
2142 499 2273 527 Nemau*

1674 553 1715 577 so,
1755 545 1916 580 capellano
1953 547 2135 581 apostolico,
2174 550 2273 576 recto—

1671 594 1735 621 riae
1755 594 1901 622 ecclesiae
1920 603 1945 622 s.
1967 596 2071 630 Egidii
2092 597 2130 623 de
2150 597 2281 632 Seiraco,

1672 643 1811 677 eJusdem
1835 644 1973 676 diocesis,
2010 645 2101 679 quus
2131 646 2275 674 redditus

1670 692 1812 719 valorem
1847 701 1986 720 annuum
2031 694 2212 729 quindecim
2247 695 2280 722 li-

1670 742 1798 769 brarum
1824 743 1885 768 tur.
1911 749 1973 768 non
1999 744 2163 776 excedunt,
2201 744 2273 771 resl-

1667 789 1816 824 gnatione
1842 791 1977 824 recepta,
2008 792 2149 818 eamdem
2176 794 2276 820 recto-

1668 839 1747 866 riam
1767 838 1880 866 Pontio
1900 839 1986 866 dicto
2005 839 2165 873 somerio,
2197 848 2273 875 pau-

1667 888 1733 922 peri
1753 887 1872 921 clerico,
1895 888 1985 922 quus
2022 889 2170 923 magister
2191 890 2275 925 Ray-

1669 938 1806 965 mundus
1825 938 1959 972 patruus
1979 937 2098 971 existit,
2119 938 2273 967 conterat.

1713 1016 1852 1044 Olficiali
1878 1017 2048 1044 Exoniensi
2065 1019 2197 1046 mandat
2221 1020 2258 1047 ut
2276 1015 2282 1056 Ι
2300 1020 2356 1049 413
2378 1017 2384 1057 Ι
2400 1019 2475 1050 2451

1669 1065 1807 1093 Ricardo
1849 1067 1888 1093 de
1929 1067 2107 1099 Honecone,
2162 1067 2274 1096 clerico

1668 1115 1848 1147 Exoniensi,
1868 1115 1925 1150 qui
1942 1116 2103 1143 ecclesiam
2123 1117 2161 1144 de
2191 1116 2286 1145 Hole-

1670 1165 1792 1196 rumbe,
1812 1164 1952 1199 ejusdem
1970 1165 2108 1198 diocesis,
2127 1166 2224 1194 libere
2239 1174 2284 1195 re-

1668 1213 1806 1247 signavit
1825 1214 1944 1249 quique
1965 1214 2127 1242 ecclesiam
2149 1216 2187 1242 de
2209 1216 2270 1244 Do-

1671 1263 1776 1297 kinge,
1806 1263 2036 1291 wintoniensis
2063 1264 2201 1297 diocesis,
2232 1266 2271 1292 de

1666 1319 1729 1347 qua
1751 1311 1809 1339 sibi
1832 1313 2023 1340 auctoritate
2041 1313 2214 1347 apostolica
2230 1320 2285 1348 per

1670 1361 1858 1395 magistrum
1888 1363 2005 1389 Lucam
2037 1363 2075 1388 de
2116 1363 2269 1397 Peycono,

1666 1409 1894 1437 subdiaconum
1940 1410 2155 1445 apostolicum,
2202 1418 2272 1446 pro-

1665 1458 1767 1486 visum
1789 1458 1902 1491 fuerat,
1948 1459 2111 1492 Riccardo,
2146 1460 2272 1488 subdia-

1665 1515 1745 1535 cono
1762 1509 1795 1535 et
1811 1508 1935 1535 notario
1964 1508 2145 1543 apostolico,
2176 1516 2271 1544 nepo-

1663 1557 1689 1584 ti
1708 1557 1757 1590 R„
1779 1564 1803 1584 s.
1822 1557 1932 1592 Angeli
1951 1557 2073 1585 diaconi
2092 1558 2267 1595 cardinalis,

1663 1605 1803 1640 ejusdem
1827 1606 1993 1634 cardinalis
2013 1607 2197 1640 reverentia,
2223 1607 2267 1635 di—

1662 1655 1757 1688 misit,
1781 1656 1819 1682 de
1840 1655 1944 1690 aliquo
1966 1655 2126 1689 beneficio,
2161 1663 2267 1684 curam

1664 1704 1801 1731 habente
1844 1704 2018 1732 animarum
2062 1706 2272 1738 annexam‚ad

1663 1752 1891 1788 cujuscumque
1932 1753 2130 1781 collationem
2183 1761 2268 1788 spec-

1668 1803 1770 1834 tante,
1794 1809 1893 1837 usque
1914 1804 1953 1830 ad
1974 1802 2112 1829 valorem
2132 1804 2267 1838 quadra-

1665 1851 1754 1885 ginta
1776 1859 1952 1879 marcarum
1985 1852 2213 1886 sterlingorum,
2237 1852 2269 1879 in

1667 1900 1880 1927 Wintoniensi
1898 1900 1949 1926 vel
1967 1900 2187 1928 Saresbiriensi
2205 1900 2268 1929 dio-

1668 1949 1799 1981 cesibus,
1834 1949 2011 1983 provideat.

1711 2023 1859 2059 Capitulo
1883 2026 1915 2051 et
1927 2024 2008 2052 clero
2020 2024 2161 2052 civitatis
2172 2026 2205 2052 et
2217 2025 2279 2053 dio·
2298 2021 2305 2062 Ι
2323 2026 2360 2054 83
2382 2022 2388 2062 Ι
2416 2024 2473 2054 201

1667 2074 1746 2101 cesis
1776 2073 1969 2101 Coloniensis
2012 2074 2143 2102 nunciat
2175 2081 2207 2101 se
2239 2074 2271 2102 in

1666 2122 1882 2150 Coloniensem
1903 2123 2171 2158 archiepiscopum
2199 2131 2271 2151 con-

1670 2171 1815 2199 firmasse
1858 2172 2094 2206 Engelbertum,
2130 2180 2147 2200 a
2178 2180 2270 2200 cano-

1672 2221 1750 2249 nicis
1774 2221 1918 2248 electum.

1718 2297 1863 2329 Guidoni,
1907 2297 2051 2331 episcopo
2093 2297 2262 2330 sabinensi,
2295 2295 2376 2336 1312
2396 2295 2400 2334 Ι
2420 2299 2478 2326 650

1672 2346 1864 2373 visitationis
1897 2347 1930 2372 et
1962 2345 2162 2372 correctionis
2193 2345 2262 2372 offi-

1669 2395 1752 2422 cium
1780 2395 1811 2421 in
1838 2394 1963 2422 ecclesia
1981 2396 2018 2421 de
2034 2394 2204 2429 Appamiis,
2229 2403 2274 2421 or-

1671 2444 1749 2472 dinis
1777 2451 1800 2471 s.
1828 2443 2004 2478 Augustini,
2021 2444 2192 2471 'l'olosanae
2208 2444 2272 2471 dio-

1669 2494 1755 2527 cesis,
1791 2493 1975 2520 committit.

1718 2570 1764 2598 Ε.
1785 2569 1849 2603 regi
1868 2569 1990 2601 Daciae,
2011 2570 2043 2595 et
2061 2568 2184 2602 reginae
2211 2575 2274 2595 ma-
2294 2566 2371 2607 {241
2394 2565 2400 2606 Ι
2417 2570 2475 2597 484

1671 2618 1713 2645 tri
1739 2618 1882 2652 indulget
1908 2620 1944 2645 ut
1971 2624 2073 2652 neque
2098 2618 2273 2644 Lundensis

1671 2667 1922 2701 archiepiscopus
1965 2673 2067 2701 neque
2110 2666 2273 2701 episcopus

1670 2716 1893 2747 Roskildensis,
1915 2716 1970 2750 qui
1991 2722 2022 2741 se
2043 2715 2211 2749 praedictis
2230 2722 2275 2742 re-

1670 2765 1716 2799 gis
1744 2766 1775 2791 et
1802 2764 1926 2799 reginae
1964 2764 2106 2798 publicos
2132 2764 2274 2792 inimicos

1669 2813 1911 2846 constituerunt,
1948 2813 2127 2847 huJusmodi
2161 2814 2273 2840 duran-

1670 2862 1756 2889 tibus
1778 2861 1957 2894 inimicitiis,
1982 2862 2103 2896 possint
2126 2861 2158 2888 in
2180 2868 2283 2896 perso-

1670 2918 1727 2939 nas
1749 2910 2082 2939 excommunicationis
2101 2911 2158 2938 aut
2171 2910 2203 2938 in
2225 2912 2286 2938 ter-

2390 3056 2423 3080 19
