2659 3242
0 658 73 686 3ans
96 659 171 686 date

32 1204 43 1217 ))

126 2096 136 2109 ))

121 2519 132 2533 ))

777 249 948 279 TABLES
966 249 1026 279 DU
1046 248 1265 279 REGISTRE
1282 249 1493 280 D’URBAIN
1513 251 1557 280 IV

903 342 990 369 Pages.
1009 340 1137 363 Numeros
1176 343 1178 377 g

339 411 372 432 re
404 412 467 432 non
491 405 665 432 intendisse
686 405 848 433 nonnullis
870 411 940 440 pro—

336 454 514 481 visionibus
539 455 571 481 in
597 455 707 481 eadem
732 456 763 481 et
785 454 939 482 Gerbora-

339 503 429 530 densi
458 503 596 530 ecclesiis
625 503 820 530 auctoritate
849 510 939 538 apos-

337 552 436 579 tolica
466 552 572 579 factis.

938 606 1001 626 tome
1023 604 1052 625 lV

378 658 504 692 Bajulo,
526 658 697 686 baronibus
718 660 750 685 et
774 658 933 685 nobilibus
952 660 956 691 ι’
990 658 1028 684 20
1048 658 1144 690 {2837
1174 673 1176 684 ι

336 706 425 741 regni
452 705 551 742 Cypri
580 707 714 734 mandat
747 708 781 734 ut
812 707 937 734 ordina-

336 756 440 782 tiones
482 756 710 790 archiepiscopi
751 755 942 783 Nicosiensis

336 804 368 830 in
394 805 533 831 Graecos
558 804 754 839 Latinosque
774 804 865 831 vitiis
892 804 937 831 fa-

335 853 432 879 mosis
456 852 609 885 irretitos,
632 854 807 885 emanatas,
825 859 937 880 execu-

336 901 418 928 tioni
446 901 650 928 demandent.
936 912 999 931 tome
1022 910 1050 931 ιν

380 949 460 984 Regi
497 949 671 984 Anglorum
698 950 859 984 significat
898 951 952 983 sel
1002 960 1012 973 n
1044 951 1142 982 {28³8

333 998 535 1025 turbationes
570 998 657 1033 regni
693 999 826 1033 Angliae
853 1000 938 1026 vitu-

333 1053 443 1081 perare
478 1047 644 1082 eidemque
678 1048 744 1081 regi
779 1048 932 1075 auxilium

335 1096 548 1130 apostolicum
593 1103 756 1131 nunquam
801 1095 935 1131 ldefutu-

333 1152 403 1170 rum
429 1151 506 1171 esse.
933 1156 996 1175 tome
1019 1154 1047 1184 ly

374 1192 554 1223 Nonnullos
578 1193 668 1220 addit
687 1194 839 1222 articulos
865 1195 926 1229 pri·
946 1203 949 1227 J
1001 1206 1011 1218 »
1043 1195 1141 1227 12839
1172 1234 1173 1237 ¹

330 1242 446 1276 vilegio
473 1242 610 1270 Militiae
637 1250 660 1270 s.
688 1243 812 1270 Jacobi.

935 1297 999 1317 tome
1021 1296 1050 1317 lV

370 1339 559 1374 Magistrum
586 1340 704 1366 ordinis
734 1340 872 1367 Militiae
903 1343 951 1373 s.1
986 1341 1019 1368 21
1044 1342 1141 1373 12840

330 1387 445 1414 Jacobi
476 1388 626 1415 hortatur
657 1395 697 1415 ne
727 1389 847 1416 invisos
878 1390 933 1416 ha-

331 1436 406 1462 beat
433 1436 549 1463 fratres
565 1436 717 1469 {ejusdem
741 1437 860 1465 ordinis
878 1438 932 1472 qui

330 1485 483 1511 adversus
516 1492 587 1512 eum
621 1486 817 1520 apostolicae
850 1487 933 1514 sedis

329 1533 483 1560 auxilium
513 1534 736 1568 implorarunt.
931 1546 995 1566 teme
1017 1545 1046 1566 lv

368 1584 574 1618 Rescriptum
597 1585 635 1612 de
658 1585 716 1612 lite
738 1585 819 1613 inter
842 1586 925 1619 capi·
945 1588 948 1619 1
999 1596 1010 1609 »
1042 1587 1133 1618 [2841

329 1634 432 1660 tulum
448 1633 614 1661 Remensis
627 1634 778 1661 ecclesiae
791 1636 824 1661 et
836 1636 930 1662 Otto-

330 1682 460 1716 bonum,
502 1689 525 1709 s.
569 1682 703 1709 Adriani
738 1683 931 1711 cardinalem

333 1731 593 1758 archidiaconum
625 1731 826 1765 Remensem,
860 1739 931 1759 ver-

329 1781 414 1807 lente
446 1787 538 1814 super
568 1779 638 1814 Jure
669 1781 783 1815 synodi
813 1788 930 1809 convo-

327 1829 459 1862 candae,
493 1829 566 1856 sede
599 1828 749 1856 Remensi
779 1832 927 1864 vacante,

327 1878 360 1904 in
386 1878 529 1905 favorem
556 1878 771 1906 archidiaconi
797 1880 933 1908 editum.

933 1925 998 1946 tome
1020 1925 1049 1946 iv

372 1958 503 1984 Ordinis
523 1965 547 1984 s.
566 1956 680 1985 Clarae
700 1959 841 1993 regulam
854 1966 926 1987 con-
946 1960 951 1991 Ι
985 1961 1024 1987 ‘22
1043 1961 1141 1993 [2842

333 2006 453 2033 firmat.

933 2053 997 2074 tome
1019 2053 1048 2074 Ν

368 2086 520 2112 Omnium
564 2086 765 2113 ecclesiarum
805 2088 945 2121 praela-l
984 2089 1020 2115 ‘23
1040 2092 1042 2119 J
1061 2090 1138 2117 *2845

328 2135 371 2161 tis
405 2135 538 2161 nunciat
573 2142 605 2161 se
639 2135 768 2162 beatum
802 2135 931 2163 Riccar-

331 2183 416 2215 dum,
441 2183 602 2217 quondam
624 2184 808 2218 episcopum
827 2183 931 2212 Cices-

331 2233 468 2258 trensem
500 2231 689 2265 mirabilem,
722 2232 754 2258 in
786 2233 866 2260 festo
899 2234 929 2261 b.

327 2280 490 2306 Vincentii
515 2280 561 2305 XI
589 2281 741 2308 kalendas
766 2281 929 2316 februarii,

328 2330 512 2355 sanctorum
545 2331 691 2363 cataiogo
726 2330 930 2365 adscripsisse

331 2377 439 2411 eisque
456 2378 590 2404 mandat
609 2380 643 2405 ut
663 2378 710 2404 111
730 2385 830 2406 nonas
847 2381 929 2414 apri-

328 2426 366 2453 lis
384 2426 550 2453 celebriter
569 2426 639 2460 ejus
658 2427 739 2454 festa
758 2428 929 2457 celebrent.

932 2477 996 2498 tome
1018 2478 1046 2499 lv

369 2510 496 2537 Decano
527 2511 559 2537 et
587 2511 730 2545 capitulo
757 2510 950 2546 Cicestren-1
997 2524 1008 2537 n
1037 2516 1136 2546 J‘lss-iti

330 2559 417 2586 sibus
439 2559 584 2593 indulget
609 2562 644 2587 ut
667 2568 781 2595 corpus
803 2561 834 2587 b.
857 2560 930 2587 Ric-

331 2608 418 2634 cardi
449 2608 480 2634 in
512 2608 616 2635 locum
647 2609 747 2643 magis
776 2611 929 2644 opportu-

332 2663 406 2682 num
423 2657 595 2684 transferre
608 2657 814 2692 ejusdemque
829 2659 930 2685 trans-

330 2704 461 2731 lationis
491 2705 574 2732 diem
593 2706 766 2740 quotannis
793 2707 930 2733 celebra-

331 2759 363 2779 re
390 2754 532 2787 valeant,
561 2761 658 2781 unum
685 2762 802 2781 annum
829 2755 929 2782 omni-

332 2802 390 2829 bus
424 2802 478 2836 qui
514 2801 611 2835 hujus
644 2804 864 2830 translationis
896 2805 929 2831 et

330 2850 544 2885 quadraginta
584 2851 651 2878 dies
688 2852 836 2878 omnibus
875 2852 930 2887 qui

330 2899 546 2926 anniversario
576 2899 626 2926 die
655 2899 797 2933 eJ'usdem
826 2902 929 2927 trans-

86 2984 209 3014 Urbain
228 2985 269 3014 1v
295 2985 411 3016 Tables

1174 564 1176 574 Ἰ,
1221 542 1299 569 Sans
1320 543 1394 571 date

1262 748 1272 761 ὓ

2316 262 2375 290 289

2130 352 2216 378 Pagos.
2235 353 2369 376 Numero·-

1563 408 1691 436 lationis
1722 410 1804 437 festo
1838 411 2018 439 intererunt
2050 414 2089 441 de
2120 415 2165 441 in-

1564 456 1680 484 iunctis
1701 458 1964 493 sibipoenitentiis
1980 462 2163 491 relaxando.

2165 510 2228 529 tome
2250 509 2279 529 lV

1602 546 1797 582 Episcopum
1863 550 2155 579 Autisiodorensem
2184 555 2187 583 J
2214 553 2251 579 24
2274 554 2370 585 ‘2847

1565 595 1661 622 habet
1682 599 1870 625 excusatum
1893 600 1977 633 quod
1999 601 2161 628 ecclesiam

1562 645 1865 679 «ierosolymitanam
1919 655 1980 675 non
2025 650 2147 684 accepit

1563 694 1741 728 regendam.
2163 709 2226 728 tome
2248 708 2277 728 iv

1599 743 1844 781 ¹Archiepiscopo
1868 744 2049 773 Ravennati
2072 751 2178 781 man-1
2231 758 2241 771 ι
2270 750 2369 776 12848

1563 790 1617 817 dat.
1637 793 1672 818 ut
1688 792 1866 820 Bononiam
1886 801 1918 821 se
1947 795 2150 829 transferens,

1563 840 1601 866 de
1639 847 1713 868 nece
1752 843 1904 870 sacristae
1942 844 2161 879 Bononiensis,

1562 889 1753 917 horribiliter
1795 892 1956 926 trucidati,
2000 893 2150 928 inquirat.
2165 906 2227 924 tome
2249 903 2278 924 iv

1598 938 1857 973 Hesignationem
1877 942 2077 976 praebendae
2100 950 2146 970 ec·
2166 944 2169 974 i
2221 954 2231 967 »
2273 944 2370 975 1284ss

1561 988 1673 1015 clesiae
1718 988 1885 1016 Remensis
1926 998 1943 1017 a
1990 991 2153 1019 Wiscardo

1562 1037 1599 1064 de
1629 1036 1779 1071 Castello,
1813 1040 1965 1066 canonico
2000 1040 2161 1075 Remensi,

1561 1088 1747 1119 porrectam.
1772 1088 1914 1122 accipere
1944 1091 2079 1116 recusat.

2163 1144 2227 1164 tome
2248 1142 2277 1164 IV

1600 1183 1679 1218 Regi
1698 1182 1856 1212 Castellae
1878 1193 1913 1213 ac
1935 1187 2083 1220 Legionis
2104 1194 2157 1221 per
2177 1196 2179 1217 s
2214 1188 2253 1214 42
2273 1188 2369 1218 1‘2850

1560 1234 1746 1267 magistrum
1778 1234 1828 1267 R„
1861 1236 2018 1261 notarium
2050 1243 2152 1269 suum,

1558 1283 1741 1316 exposcenti
1766 1285 1799 1310 ut
1825 1283 1864 1310 ad
1880 1284 2154 1318 imperiiRomani

1562 1331 1722 1365 fastigium
1749 1339 1766 1358 a
1792 1339 1874 1366 papa
1899 1335 2049 1360 evocetur
2075 1333 2155 1367 ejus-

1559 1380 1694 1415 demque
1723 1388 1871 1408 coronam
1902 1389 1940 1408 ex
1970 1381 2062 1408 itsius
2090 1389 2155 1409 ma-

1558 1425 1652 1452 nibus
1694 1427 1857 1460 suscipiat,
1901 1427 2044 1453 rescribit
2089 1433 2157 1461 per·

1559 1475 1683 1508 plexam
1709 1475 1880 1503 admodum
1909 1477 2006 1510 atque
2031 1476 2152 1503 involu-

1558 1525 1625 1550 tam
1648 1531 1763 1551 causae
1787 1525 1994 1559 aequitatem,
2018 1531 2098 1551 cum.
2117 1532 2155 1552 ex

1558 1572 1701 1605 adverso,
1725 1572 1910 1606 Riccardus,
1944 1580 2049 1600 comes
2080 1572 2154 1600 Cor-

1557 1621 1684 1655 nubiae,
1728 1622 1896 1656 imperium
1940 1623 2001 1649 sibi
2044 1623 2152 1650 deberi

1557 1670 1742 1704 contendat,
1774 1678 1832 1697 nec
1864 1678 1986 1699 summo
2019 1673 2051 1698 in
2083 1678 2151 1708 eum

1558 1719 1658 1746 amori
1683 1719 1731 1746 ita
1757 1720 1921 1754 indulgere
1947 1720 2009 1747 sibi
2035 1727 2098 1747 non
2126 1721 2162 1747 li-

1558 1774 1628 1794 cere
1661 1770 1697 1795 ut
1729 1769 1881 1796 inflexam
1914 1769 2062 1803 justitiae
2095 1769 2161 1796 lan-

1558 1824 1624 1844 cem
1650 1824 1714 1844 non
1738 1820 1862 1851 teneat;
1889 1820 1986 1853 atque
2011 1819 2090 1845 adeo
2116 1818 2154 1845 de

1560 1867 1724 1902 utriusque
1747 1868 1817 1902 Jure
1841 1868 2025 1902 diligentius
2050 1877 2082 1897 se
2105 1876 2155 1897 co-

1559 1916 1733 1950 gniturum,
1756 1927 1767 1941 «
1787 1918 1974 1951 praesertim
1994 1925 2066 1945 cum
2088 1920 2154 1945 tam

1561 1965 1607 1991 sui
1629 1972 1724 2000 quam
1746 1966 1884 2000 praefati
1904 1967 2030 1994 comitis
2050 1967 2157 1993 nuncii

1559 2015 1644 2048 apud
1679 2015 1784 2041 sedem
1822 2016 2030 2049 apostolicam
2065 2023 2153 2043 cons-

1560 2064 1662 2096 tituti,
1682 2070 1714 2090 se
1731 2065 1812 2091 velle
1830 2064 1862 2090 in
1881 2065 1938 2091 hoc
1957 2064 2055 2098 ipsius
2074 2065 2155 2091 sedis

1559 2112 1665 2139 subire
1695 2112 1849 2146 judicium
1884 2112 2065 2147 frequenter
2099 2113 2154 2139 du-

1557 2163 1672 2188 xerunt
1702 2162 1941 2196 proponendum
1970 2162 1996 2199 »l
2027 2162 2155 2189 Dictum

1555 2211 1664 2245 itaque
1706 2211 1904 2245 magistrum,
1950 2211 1989 2237 ad
2037 2217 2139 2245 regem

1554 2259 1748 2292 redeuntem,
1775 2260 1803 2286 ei
1828 2260 2040 2286 commendat.

2161 2313 2223 2332 tome
2245 2311 2274 2332 iv

1619 2357 1760 2390 Altonso‚
1804 2357 1913 2383 comiti
1956 2357 2145 2389 Pictavensi,
2174 2358 2176 2363 '
2211 2355 2361 2382 2512851

1551 2406 1670 2439 gratias
1706 2405 1772 2439 agit
1809 2405 1847 2431 de
1882 2406 1999 2432 litteris
2043 2405 2159 2440 quibus

1559 2456 1640 2481 bona
1663 2461 1774 2489 papae,
1797 2461 1896 2489 nuper
1914 2455 1945 2481 in
1967 2454 2152 2489 pontificem

1559 2505 1669 2537 electo,
1706 2505 1890 2538 auspicatus
1926 2505 1983 2530 est.
2012 2504 2153 2529 Fratrem

1559 2555 1741 2588 Philippum
1775 2554 1813 2580 de
1842 2552 1945 2587 Clyst,
1978 2552 2155 2586 generalem

1557 2603 1744 2637 magistrum
1766 2603 1942 2636 Hospitalis
1962 2602 1991 2628 in
2011 2601 2153 2632 Francia,

1558 2653 1611 2687 qui
1649 2652 1772 2679 Alronsi
1811 2652 1936 2678 litteras
1977 2652 2156 2684 praesenta-

1557 2703 1659 2734 verat,
1691 2701 1793 2727 eidem
1823 2699 2040 2727 commandat.
2152 2708 2216 2727 mmo
2234 2706 2267 2727 iv

1596 2750 1749 2784 Philippi,
1773 2749 1854 2783 regis
1872 2749 2065 2775 Francorum
2090 2747 2151 2782 pri·
2172 2747 2174 2777 ζ
2227 2756 2237 2769 »
2271 2746 2366 2778 {2852

1553 2798 1716 2833 mogeniti‚
1745 2797 1855 2824 laudat
1892 2797 2080 2823 modestiam
2117 2797 2147 2823 et

1563 2847 1776 2874 humiliatem.
2144 2853 2209 2872 tome
2223 2851 2255 2873 iv

1602 2896 1683 2923 nuci
1711 2895 1915 2930 Burgundiae
1933 2894 2053 2929 gratias
2084 2893 2147 2927 agit
2171 2892 2174 2922 l
2224 2892 2259 2923 »i
2286 2891 2361 2919 ‘285¹'

2206 2983 2238 3005 37
