2519 3262
1031 192 1270 224 TROISIEME
1298 185 1462 222 ANNEE.

202 278 387 310 Monsterolo,
402 279 519 312 pauperi
534 278 648 308 clerico,
667 279 700 305 de
714 278 809 312 aliquo
826 277 963 304 benoth-io
979 278 1014 304 ad
1032 277 1216 304 collationem

202 327 367 354 abbatissae
382 329 409 354 et
435 329 591 353 conventus
609 326 777 354 monasterii
795 336 818 352 5.
836 327 1038 353 Austrebertae
1053 326 1081 352 in
1097 326 1217 352 11100510-

202 376 275 407 rolo,
292 377 401 403 ordinis
423 385 446 403 5.
464 377 621 408 Benedicti,
637 376 841 403 Ambianensis
858 376 990 408 diocesis,
1011 378 1169 409 spectante,
1187 375 1216 401 in

201 426 302 452 eadem
318 425 362 451 vel
376 425 470 452 aliena
481 425 589 452 diocesi
603 424 761 460 provideat.
778 425 856 459 (Rau.
874 425 918 451 29,
937 424 987 451 sol.
1001 425 1064 455 216,
1081 424 1216 459 1101121.)

246 543 260 561 ((
278 532 439 572 Episcopo
464 532 675 562 Ambianensi.
696 531 909 562 Constitutus
926 531 961 560 in
979 530 1150 568 presentia
1165 546 1214 561 —.

203 586 328 616 Datum
341 586 431 625 apud
440 585 730 621 Urbemveterem,
749 584 848 614 nonis
860 584 960 623 junii,
978 591 1064 613 anno
1075 582 1187 613 tertio.
1201 592 1216 611 n

293 745 390 776 2072
764 743 890 774 Orvieto‚
909 742 940 768 19
952 741 1046 777 juillet
1064 741 1142 768 1264.

239 827 340 854 Abbati
376 827 544 853 monasterii
578 828 613 853 dc
644 826 798 860 Suarzahe,
830 826 1050 861 Argentinensis
1080 825 1213 856 diocesis,

202 877 321 903 mandat,
336 878 366 903 ut
377 876 517 906 UIricum,
534 879 676 902 rectorem
693 875 819 909 capellae
832 875 860 901 in
877 874 1087 905 Tunnenheim,
1105 876 1215 909 Argen-

202 925 323 952 tinensis
355 925 489 956 diocesis,
520 925 658 951 clericum
685 924 796 951 abbatis
824 923 993 951 monasterii
1014 924 1084 950 Novi
1108 924 1213 954 Castri,

201 974 401 1000 Cisterciensis
430 973 550 1005 ordinis,
575 973 717 1007 capellani
740 973 902 1007 apostolici,
923 973 951 999 in
975 973 1098 1000 ecclesia
1123 974 1214 1000 liona-

201 1022 294 1056 gensi,
310 1022 438 1057 ejusdem
455 1022 589 1053 diocesis,
604 1022 633 1048 10
651 1022 822 1048 canonicum
838 1022 890 1048 sub
907 1022 1122 1056 exspectatione
1136 1030 1215 1056 prae-

201 1071 309 1098 bendae
326 1071 415 1105 recipi
431 1071 531 1098 faciat.
553 1071 630 1105 (Rau.
648 1071 692 1104 29,
711 1070 758 1098 101.
777 1071 840 1102 210,
858 1076 888 1096 n⁰
906 1071 997 1105 1122.)

241 1186 256 1206 «
273 1177 388 1206 Abbati
401 1178 580 1207 monasterii
597 1178 631 1206 de
642 1177 812 1216 Suarzalze,
827 1178 1058 1218 Aryentinensis
1074 1177 1213 1211 diocesis.

199 1230 368 1261 Dilectum
388 1231 497 1262 filium
512 1231 666 1262 Ulricum
683 1250 732 1260 —.
750 1232 875 1262 Datum
891 1232 981 1270 apud
997 1231 1216 1263 Urbemvete-

199 1292 284 1318 rem,
303 1293 379 1314 xuii
402 1284 568 1314 kalendas
585 1285 733 1323 augusti,
752 1293 839 1315 anno
858 1285 970 1315 tertio.
991 1295 1006 1314 »

292 1448 390 1480 2073
787 1446 911 1479 Orvieto,
927 1448 961 1474 20
977 1449 1044 1474 3001
1064 1447 1140 1474 1264.

238 1531 376 1565 Episcopo
389 1531 540 1559 Leodiensi
557 1532 686 1566 indulget
703 1534 733 1558 ut
747 1533 817 1558 duos
831 1532 950 1558 clericos
961 1532 988 1558 in
1005 1532 1114 1558 duabus
1127 1533 1215 1558 ercle-

200 1580 262 1610 siis,
292 1580 450 1607 cathedrali
468 1584 597 1615 excepta,
615 1581 644 1607 in
664 1582 817 1607 canonicos
843 1581 930 1615 recipi
956 1581 1043 1608 saciat
1066 1581 1164 1615 eisque
1182 1581 1215 1607 de

200 1629 371 1662 praebendis
388 1629 547 1663 provideat.
566 1630 642 1662 (Rau.
661 1631 705 1659 29,
724 1630 772 1657 fol.
795 1631 856 1658 216,
877 1636 908 1656 n⁰
930 1630 1017 1661 11231)

241 1747 256 1765 (t
274 1736 434 1776 Episcopo
447 1736 615 1767 Leodiensi.
636 1737 862 1777 Exigentibus
879 1738 935 1767 tue
954 1737 1145 1768 devotionis
1164 1756 1212 1767 —.

200 1789 326 1820 Datum
340 1790 429 1828 apud
442 1790 566 1821 Urbem
574 1791 731 1827 veterem,
745 1800 805 1820 xm
819 1790 982 1820 kalendas
999 1790 1213 1829 septembris,

201 1851 289 1873 anno
306 1843 418 1874 tertio.
439 1853 453 1872 n

289 1998 388 2029 2074
978 2000 1044 2025 aosit
1063 1998 1139 2025 1264.

781 1998 904 2031 Orvieto,
927 1999 959 2025 27

232 2082 369 2117 Magistro
393 2083 478 2110 Petro
493 2083 527 2109 de
544 2082 726 2116 Lata-Petra,
745 2084 882 2110 canonico
903 2084 1111 2114 Lemovicensi,
1135 2093 1214 2111 man-

197 2131 246 2158 dat
261 2134 292 2158 ut
308 2131 426 2158 Petrum
442 2131 589 2163 Fulcaudi,
613 2139 770 2166 pauperem
796 2133 935 2159 clericum
957 2132 1134 2160 Pictavensis
1155 2134 1216 2160 (110-

197 2181 282 2212 cesis,
302 2182 422 2208 obtentu
449 2180 577 2207 Gaufridi
593 2181 626 2207 de
648 2182 714 2212 Doe,
734 2181 836 2208 militis
857 2182 967 2209 ΑΙ101151
990 2183 1166 2209 Pictavensis
1184 2186 1213 2210 et

199 2230 352 2257 Tholosani
387 2230 514 2262 comitis,
544 2230 572 2257 in
603 2230 724 2258 ecclesia
755 2240 778 2258 5.
815 2231 919 2258 Mariae
945 2232 1212 2266 Casiri-Aeyraudi‚

198 2279 293 2306 dictae
309 2279 444 2312 diocesis,
470 2279 499 2305 in
522 2280 693 2306 canonicum
722 2280 810 2314 recipi
841 2280 927 2308 130131
952 2289 1017 2308 cum
1040 2281 1212 2315 praebenda.

199 2329 278 2362 (nm.
295 2329 339 2359 29,
355 2328 404 2356 fol.
422 2329 486 2361 216,
502 2333 533 2354 n⁰
551 2329 640 2363 1124.)

240 2445 257 2465 «
275 2436 425 2475 Mayistm
442 2436 536 2465 Petro
560 2435 596 2465 de
613 2435 814 2471 Lata-Petra,
833 2436 982 2465 canonico
997 2436 1212 2466 Lemovicensi.

202 2489 482 2519 Consideratione
515 2489 629 2519 dilecti
648 2489 711 2519 filii
739 2506 789 2517 ·——-.
812 2489 937 2519 Datum
962 2490 1051 2528 apud
1074 2489 1215 2521 Urbem-

201 2544 362 2579 veterem,
381 2551 412 2572 vi
430 2542 593 2572 kalendas
611 2542 826 2581 septembri&
852 2551 939 2573 anno
955 2543 1066 2573 tertio.
1089 2554 1104 2572 n

782 2703 907 2735 Orvicto,
923 2705 957 2731 215
977 2707 1043 2731 3001
1065 2705 1141 2732 12114.

291 2704 388 2735 2075

236 2787 376 2822 Episcopo
398 2787 592 2814 Xanctonensi
612 2788 731 2814 mandat
749 2788 879 2815 absolvat
899 2789 1048 2816 dominam
1065 2790 1100 2816 de
1118 2790 1214 2817 Tertio

201 2845 216 2863 3
234 2837 401 2871 juramento
417 2844 472 2870 quo
487 2837 546 2863 viro
563 2837 709 2870 quondam
729 2845 780 2864 suo
795 2837 917 2864 Johanni
935 2838 968 2864 (10
985 2838 1130 2870 Nantolio,
1149 2847 1212 2873 pro-

201 2885 280 2912 misit
308 2893 350 2918 sc,
376 2893 426 2919 pro
455 2893 522 2912 suae
544 2885 588 2912 vel
607 2888 758 2920 parentum
785 2894 902 2912 suorum
921 2886 1085 2914 animarum
1109 2887 1212 2920 salute,

2228 196 2285 224 333

1276 276 1351 303 ultra
1369 276 1497 302 valorem
1524 276 1624 302 decem
1647 276 1786 302 librarum
1804 275 2012 309 pictavensium
2037 276 2064 302 in
2084 278 2240 303 redditibus
2259 282 2286 304 et

1275 327 1391 351 centum
1413 324 1499 350 libras
1530 324 1559 350 in
1587 326 1738 358 pecuniam
1764 331 1820 349 non
1845 327 2030 358 erogaturam
2050 332 2122 351 csse.
2140 326 2217 350 (nizo.
2241 329 2284 356 2¹³,

1276 372 1323 400 l'ol.
1339 374 1391 400 210
1406 378 1444 405 v0,
1461 377 1491 398 n⁰
1506 373 1597 404 1125.)

1316 482 1330 501 (‹
1349 495 1355 501 .
1373 495 1380 500 .
1396 472 1535 511 episcopo
1546 471 1763 501 Xanctonensi.
1780 471 1847 502 Sua
1857 471 1954 501 nobis
1968 471 2091 501 dilecta
2104 472 2137 501 in
2151 471 2286 502 Christo

1275 525 1347 555 filia
1363 524 1489 555 nobilis
1506 524 1629 555 mulier
1651 550 1655 554 .
1675 549 1680 553 .
1701 524 1838 554 domina
1856 524 1895 554 de
1912 525 2039 560 Tertio,
2061 533 2147 555 uxor
2160 525 2287 555 nobilis

1276 578 1341 608 viri
1379 577 1543 608 ι1011110015
1571 578 1610 607 (10
1642 577 1813 613 Nantolio,
1845 579 1901 608 tue
1933 577 2090 613 diocesis,
2124 579 2287 616 petitione

1276 631 1479 661 monstravit
1497 630 1587 669 quod
1606 630 1691 669 ipsa,
1708 630 1841 660 vivente
1863 630 2031 668 quondam
2051 631 2096 664 J„
2116 631 2188 660 viro
2212 640 2285 667 suo,

1271 684 1397 723 juravit
1419 692 1467 719 se,
1494 693 1554 722 pro
1577 692 1636 714 sue
1654 683 1707 714 vel
1730 685 1909 722 parentum
1933 693 2071 714 suorum
2097 684 2286 714 animarum

1275 737 1396 773 salute,
1422 737 1511 767 ultra
1533 737 1682 767 valorem
1711 736 1827 767 decem
1852 735 2016 766 librarum
2040 737 2287 775 pictavensium

1274 790 1308 820 in
1325 789 1515 820 redditibus
1529 791 1560 820 et
1579 791 1713 820 centum
1732 789 1898 820 librarum
1914 789 1948 819 in
1961 790 2103 828 pecunia
2116 799 2180 820 non
2193 791 2287 820 datu-

1273 853 1357 874 ram.
1379 845 1519 879 Verum,
1548 851 1625 873 cum
1653 843 1849 882 hujusmodi
1868 843 2021 873 redditus
2046 845 2077 873 et
2096 843 2285 882 pecuniam,

1274 897 1353 927 dum
1372 897 1544 935 predictus
1567 897 1619 926 vir
1636 897 1777 932 viveret,
1803 905 1863 935 pro
1884 897 2073 926 animarum
2093 905 2151 926 sue
2170 906 2206 926 ac
2233 906 2287 935 pa-

1274 952 1407 980 rentum
1434 959 1575 980 suorum
1597 950 1747 980 remedio
1777 950 1937 989 erogavit,
1968 951 1999 980 et
2024 950 2130 980 adhuc
2155 950 2222 980 alia
2246 950 2286 980 de

1273 1003 1373 1034 bonis
1391 1004 1464 1034 suis
1488 1005 1745 1042 supererogaret
1763 1003 1920 1040 libenter,
1938 1005 1973 1033 ut
1997 1004 2130 1036 asserit,
2151 1004 2179 1033 si
2196 1002 2283 1042 jura-

1274 1058 1425 1087 mentum
1449 1056 1644 1096 hujusmodi
1670 1065 1735 1087 non
1762 1056 1921 1093 obstaret,
1948 1056 2124 1096 petebatur
2149 1066 2167 1086 a
2189 1056 2287 1087 nobis

1273 1118 1316 1141 ex
1333 1112 1427 1149 parte
1444 1110 1554 1149 ipsius
1573 1110 1698 1140 nobilis
1714 1112 1750 1140 ut
1767 1110 1869 1140 saluti
1888 1110 1961 1149 ejus
1977 1110 2010 1140 in
2026 1110 2087 1140 hac
2101 1113 2194 1148 parte
2211 1119 2287 1140 con-

1274 1164 1385 1194 sulere
1396 1172 1605 1194 curaremus.
1622 1164 1707 1194 Cum
1721 1163 1824 1202 igitur
1837 1164 2067 1202 juramentum
2078 1163 2285 1202 hujusmodi,

1273 1217 1363 1256 quod
1389 1217 1527 1256 pietatis
1550 1226 1635 1256 opus
1663 1217 1816 1256 impedit,
1836 1225 1901 1247 non
1921 1217 2079 1256 expediat
2099 1216 2285 1254 observari,

1274 1270 1479 1301 fraternitati
1497 1272 1566 1307 tue,
1591 1271 1631 1301 de
1650 1279 1715 1309 qua
1738 1270 1874 1309 plenam
1892 1270 1926 1300 in
1954 1270 2101 1300 Domino
2128 1270 2286 1300 fiduciam

1274 1323 1478 1358 obtinemus,
1494 1324 1695 1354 mandamus
1710 1325 1882 1362 quatinus,
1901 1324 1930 1354 si
1951 1326 2001 1354 est
2021 1324 2078 1358 ita,
2096 1324 2287 1362 juramento

1272 1376 1467 1415 hujusmodi
1483 1378 1682 1408 auctoritate
1698 1379 1813 1407 nostra
1826 1377 1983 1407 absolvas
1999 1377 2150 1412 eandem,
2167 1384 2199 1407 et
2213 1385 2287 1407 con-

1273 1430 1372 1460 cedas
1389 1431 1419 1460 ei
1436 1432 1484 1467 ut,
1501 1439 1538 1461 eo
1554 1439 1766 1469 nequaquam
1783 1430 1949 1464 obstante,
1968 1431 2076 1469 possit
2091 1430 2182 1460 licite
2200 1430 2287 1460 bona

1274 1492 1335 1513 sua
1363 1483 1501 1514 mobilia
1517 1485 1550 1514 et
1568 1483 1758 1513 immobilia
1778 1484 1811 1513 in
1835 1485 1910 1522 pios
1931 1492 2026 1520 usus,
2052 1486 2150 1523 prout
2171 1492 2287 1514 secun-

1274 1537 1352 1566 dum
1368 1537 1476 1567 Deum
1495 1537 1605 1567 anime
1621 1545 1680 1567 sue
1693 1537 1795 1567 saluti
1813 1537 1971 1575 expedire
1986 1537 2119 1568 viderit,
2137 1546 2283 1576 erogare.

1274 1591 1397 1620 Datum
1414 1591 1502 1629 apud
1518 1590 1808 1626 Urbemveterem,
1825 1599 1870 1619 vu
1888 1590 2051 1620 kalendas
2068 1590 2284 1628 septembris,

1274 1652 1360 1673 anno
1378 1643 1490 1674 tertio.
1512 1653 1526 1673 ))

1855 1801 1979 1834 omem,
1998 1802 2032 1829 23
2048 1804 2112 1828 aout
2137 1802 2213 1829 1204.

1364 1804 1464 1835 2076

1309 1887 1446 1921 Magistro
1475 1886 1607 1918 Johanni,
1636 1887 1743 1913 decano
1775 1886 1907 1919 Lucensi,
1937 1886 2086 1921 capellano
2116 1886 2286 1920 apostolico,

1273 1937 1393 1963 mandat
1409 1939 1439 1963 ut
1455 1936 1585 1970 Petrum,
1602 1936 1713 1962 dictum
1735 1937 1808 1969 Moy,
1826 1935 1964 1962 clericum
1983 1939 2010 1962 et
2025 1936 2175 1962 alumnum
2194 1937 2239 1966 A„
2258 1935 2287 1962 in

1272 1985 1469 2012 Romanorum
1490 1993 1590 2020 regem
1607 1985 1702 2017 electi,
1725 1985 1867 2012 Castellae
1883 1993 1916 2012 ac
1936 1985 2069 2020 Legionis
2090 1985 2178 2019 regis,
2199 1985 2228 2012 111
2246 1992 2288 2011 00-

1271 2034 1360 2062 clesia
1385 2034 1518 2061 Auriensi
1545 2035 1574 2061 in
1599 2034 1769 2061 canonicum
1793 2035 1844 2060 sub
1871 2034 2084 2068 exspectatione
2106 2034 2287 2068 praebendae

1271 2084 1360 2118 recipi
1374 2084 1471 2111 faciat.
1492 2084 1571 2117 (Bm.
1589 2084 1635 2117 29,
1654 2084 1701 2110 sol.
1718 2084 1770 2111 2111
1787 2089 1824 2111 5⁷⁰.
1844 2089 1873 2109 0ο
1894 2084 1959 2110 11211
1978 2084 2013 2113 ¹i)

1313 2202 1327 2220 (ι
1349 2191 1500 2231 illaqistro
1521 2191 1669 2229 Jolzanni,
1692 2191 1805 2221 decano
1828 2191 1966 2227 Lucensi,
1989 2191 2148 2231 capellano
2169 2196 2285 2222 nostro.

1272 2244 1442 2275 Dilectum
1463 2244 1573 2275 filium
1595 2245 1734 2275 Petrum
1754 2262 1801 2273 —-.
1821 2245 1945 2275 Datum
1964 2245 2053 2283 apud
2070 2244 2285 2276 [31110011οῒ0-

1272 2306 1355 2334 rem,
1374 2308 1395 2327 x
1412 2298 1576 2329 kalendas
1592 2298 1808 2337 septembris,
1833 2307 1919 2329 anno
1938 2298 2049 2329 tertio.
2074 2308 2088 2327 >›

1362 2463 1459 2493 2077
1855 2459 1979 2489 Orvieto,
1999 2461 2034 2487 23
2051 2462 2117 2487 3001
2136 2460 2214 2488 12154.

1307 2545 1445 2580 Magistro
1462 2545 1618 2579 Stephane,
1635 2543 1837 2571 archidiacono
1856 2544 2006 2571 Gadicensi
2027 2545 2057 2571 in
2072 2545 2194 2572 ecclesia
2212 2545 2288 2580 Ispa·

1271 2593 1354 2624 lensi,
1370 2595 1489 2621 mandat
1506 2596 1537 2620 ut
1555 2593 1702 2620 Sanctium
1716 2593 1868 2623 Dominici,
1886 2593 2022 2619 clericum
2039 2594 2115 2628 regis
2131 2594 2285 2627 Castellae,

1271 2643 1299 2669 in
1326 2643 1447 2670 ecclesia
1472 2642 1621 2670 Palentina
1648 2642 1677 2668 in
1702 2641 1873 2668 canonicum
1901 2642 1952 2668 sub
1972 2643 2185 2676 exspectatione
2209 2651 2288 2677 prae-

1240 2679 1243 2711 l
1272 2692 1380 2718 bendae
1393 2691 1480 2726 recipi
1497 2691 1592 2718 faciat.
1608 2691 1743 2724 11111029,
1761 2689 1811 2717 101.
1830 2691 1881 2717 210
1897 2696 1935 2722 10,
1954 2695 1985 2717 n⁰
2007 2692 2074 2718 1127
2093 2693 2127 2722 2.)

1303 2804 1325 2827 1.
1344 2803 1387 2827 En
1411 2809 1507 2833 marge
1533 2810 1538 2826 :

1271 2848 1323 2872 nizi
1335 2848 1387 2879 suit
1401 2854 1529 2871 concessa.
1548 2856 1557 2868 ι

1302 2893 1324 2915 2.
1340 2892 1383 2916 Εο
1398 2899 1494 2921 marge
1513 2899 1518 2915 :
1536 2901 1545 2913 α
1564 2890 1605 2915 Ad
1619 2891 1772 2915 instantium
1790 2891 1904 2922 ejusdem
1921 2891 1975 2921 suit
1989 2898 2116 2915 concessa.
2134 2901 2142 2913 1

1561 2812 1570 2824 α
1589 2802 1631 2826 Ad
1647 2802 1802 2825 instantiam
1828 2802 1949 2833 mayislri
1969 2802 2078 2833 Radulfi
2095 2803 2126 2826 (le
2144 2802 2284 2827 vodio-Bo—
