2519 3262
1031 294 1271 334 TROISIEME
1302 294 1466 332 ANNEE.
2249 308 2288 337 27

207 391 273 427 bis,
290 401 365 422 cum
387 392 474 422 idem
491 392 653 430 magister
674 391 761 420 inter
777 392 887 419 cetera
903 388 1065 427 quasdam
1087 388 1220 425 aposto-

207 445 291 475 licas
317 444 534 483 produxisset
553 444 685 473 litteras
701 451 760 481 per
777 450 860 480 quas
877 440 1099 470 intentionem
1122 447 1219 468 suain

208 498 379 528 asserebat
404 506 478 528 esse
511 497 695 532 fundatam,
713 497 828 525 contra
846 494 981 524 easdem
1004 492 1220 531 litterasssfuit

207 561 225 582 a
254 554 348 590 parte
372 551 514 581 adversa
535 549 746 588 propositum
771 547 861 586 quod
884 547 999 576 eedem
1020 546 1131 576 littere
1151 554 1217 574 ma-

207 605 369 636 nifestum
386 603 601 634 continebant
617 603 651 632 in
671 601 911 631 constitutione
927 601 1113 638 peccatum,
1133 599 1220 628 sicut

207 667 250 689 ex
284 666 401 688 earum
431 656 639 695 inspectione
668 656 799 693 poterat
832 653 1048 692 deprehendi,
1083 654 1220 691 propter

208 712 296 750 quod
312 711 405 741 nulla
421 710 503 739 fides
531 708 673 739 debebat
688 707 774 746 ipsis
794 706 920 737 litteris
938 706 1101 736 adhiberi.
1122 708 1221 735 *jum-

208 773 272 804 que
291 772 393 802 super
417 763 484 793 biis
510 764 622 801 partes
646 761 776 791 diutius
800 760 1004 799 litigassent,
1027 759 1162 790 tandem
1186 759 1222 788 in

208 826 310 848 causa
333 815 528 855 huJusmodi
559 815 808 845 concluserunt.
840 813 910 843 Nos
937 813 1051 851 igitur,
1078 812 1223 851 cognitis

208 871 318 909 ipsius
336 878 435 900 cause
463 868 595 898 meritis
619 870 650 898 et
669 867 805 897 domino
823 875 908 905 pape
933 866 1081 896 ostensis
1096 866 1222 896 litteris

209 922 425 962 supradictis,
449 931 484 952 ac
511 921 613 952 etiam
634 921 769 960 juribus
789 923 819 950 et
837 919 1028 950 rationibus
1044 919 1222 957 utriusque

207 976 315 1016 partis
330 975 440 1006 eidem
456 974 601 1004 fideliter
616 974 767 1004 recitatis
784 976 815 1003 et
829 973 870 1003 ab
888 973 962 1012 ipso
978 973 1114 1002 domino
1133 981 1221 1011 papa

207 1037 267 1069 per
285 1029 359 1059 vive
388 1028 480 1058 vocis
501 1027 677 1058 oraculum
696 1027 833 1057 licentia
854 1028 885 1056 et
906 1025 1047 1065 speciali
1064 1025 1221 1055 mandato

209 1083 249 1113 de
270 1082 436 1112 sententia
463 1080 665 1119 proferenda
687 1079 846 1116 obtentis,
879 1079 1000 1118 dieque
1024 1079 1066 1109 ad
1094 1080 1226 1109 senten-

207 1137 292 1167 tiam
315 1134 517 1165 audiendam
543 1133 683 1172 prefixa,
699 1132 853 1172 partibus
877 1131 1153 1171 comparentibus
1172 1140 1224 1162 00-

208 1197 282 1220 ram
299 1187 409 1222 nobis,
428 1187 529 1217 fidem
551 1187 773 1226 ipsislitteris
789 1195 832 1216 ex
849 1194 888 1216 eo
907 1186 996 1224 quod
1007 1185 1224 1216 manifestum

209 1241 425 1273 continebant
452 1241 486 1270 in
510 1240 750 1270 constitutione
769 1242 942 1278 peccatum
965 1239 1105 1269 minime
1133 1238 1225 1269 adhi-

208 1295 339 1331 bentes,
356 1295 436 1325 licet
453 1294 539 1324 alias
558 1294 674 1324 eedem
692 1293 804 1323 littere
822 1301 899 1322 vere
915 1294 1041 1328 essent,
1056 1292 1224 1331 prefatum

209 1349 405 1379 Walterum
429 1347 469 1378 ab
488 1347 699 1386 impetitione
719 1346 802 1376 dicti
820 1346 976 1385 magistri
992 1346 1022 1376 J.
1042 1346 1225 1376 sententia—

209 1403 288 1433 liter
313 1401 536 1437 absolvimus,
565 1402 597 1431 et
629 1400 696 1439 ipsi
720 1400 882 1439 magistro
909 1408 1011 1438 super
1044 1399 1133 1430 dicta
1151 1408 1226 1438 pre-

211 1455 321 1486 benda
343 1457 545 1494 perpetuum
573 1454 748 1484 silentium
779 1453 935 1483 ducimus
968 1453 1222 1492 imponendum.

211 1509 381 1543 Ceterum,
394 1509 473 1547 quia
490 1507 683 1546 sepedictus
699 1507 861 1545 magister
876 1507 983 1542 J.,cui
999 1507 1038 1536 de
1049 1507 1225 1536 honestate

213 1571 345 1593 morum
370 1565 402 1592 et
430 1561 516 1591 dono
541 1561 681 1591 scientie
710 1560 880 1590 laudabile
900 1560 1133 1590 testimonium
1152 1569 1226 1598 per-

213 1615 359 1648 hibetur,
373 1615 460 1644 circa
475 1614 644 1652 predictas
660 1613 793 1643 litteras
811 1613 844 1642 in
864 1613 956 1642 nullo
976 1612 1157 1651 culpabilis
1176 1615 1227 1643 est

214 1670 384 1702 inventus,
414 1668 538 1697 idcirco
564 1671 599 1696 ut
636 1667 676 1697 de
704 1667 776 1696 suis
807 1667 939 1696 meritis
967 1666 1227 1705 sibicognoscat

215 1723 432 1761 augmentum
442 1720 620 1759 provenire
639 1720 775 1752 favoris,
788 1722 819 1749 et
837 1728 877 1750 ne
895 1720 934 1749 de
951 1719 1038 1749 dicta
1056 1720 1228 1758 prebenda

215 1784 276 1814 pro
294 1784 359 1814 qua
384 1774 509 1804 multos
538 1773 671 1803 labores
691 1773 852 1802 sustinuit
874 1774 905 1802 et
934 1773 1049 1811 plures
1069 1773 1146 1803 fecit
1175 1782 1227 1803 ex-

216 1836 351 1868 pensas,
379 1836 438 1866 spe
469 1829 627 1864 concepta
651 1835 691 1856 ex
711 1829 779 1856 toto
804 1826 996 1863 frustretur,
1017 1826 1056 1856 de
1087 1826 1227 1864 speciali

216 1881 374 1912 mandato
388 1880 497 1918 ipsius
513 1879 640 1909 domini
662 1888 746 1917 pape
764 1879 839 1909 viva
852 1888 931 1909 voce
944 1879 1042 1909 nobis
1061 1879 1158 1915 13010,
1179 1888 1227 1909 01-

217 1935 374 1965 dinamus
413 1936 512 1971 atque
547 1932 756 1970 precipimus
784 1932 874 1970 quod
901 1933 975 1970 ipse
1005 1933 1167 1971 magister
1195 1933 1225 1963 J.

216 1987 433 2018 medietatem
463 1985 614 2015 omnium
645 1985 816 2014 fructuum
849 1987 879 2014 et
898 1987 1122 2023 proventuum
1141 1985 1228 2015 dicte

216 2039 396 2079 prebende,
412 2038 593 2068 cotidianis
608 2037 907 2068 distributionibus
925 2037 1101 2068 dumtaxat
1113 2047 1230 2077 excep-

216 2094 273 2130 tis,
299 2092 419 2123 habeat
444 2100 620 2130 quousque
639 2092 675 2121 in
689 2091 839 2129 predicta
859 2091 1001 2121 ecclesia
1024 2091 1229 2130 prebendam

217 2146 283 2177 sibi
301 2145 569 2183 debitam,juxta
586 2153 645 2174 sue
656 2144 858 2182 receptionis
877 2144 1043 2178 ordinem,
1056 2145 1155 2174 tuerit
1174 2154 1229 2183 pa-

218 2200 310 2231 cifice
339 2202 526 2233 3330011103,
546 2198 754 2236 eandem-[ue
779 2198 993 2228 medietatem
1013 2198 1124 2227 dictus
1139 2198 1232 2228 Wal-

217 2255 311 2284 terus
327 2253 394 2291 ipsi
422 2252 583 2290 magistro
607 2251 751 2280 ι1011311111
771 2251 823 2281 vel
840 2252 1048 2289 procuratori
1068 2260 1140 2288 suo,
1159 2252 1231 2290 ejus

219 2306 367 2340 nomine,
387 2306 538 2335 conterre
561 2308 592 2334 et
614 2305 787 2344 assignare
807 2307 959 2334 teneatur
979 2305 1108 2334 tamdiu
1128 2305 1231 2335 donec

220 2360 292 2398 ipse
312 2359 473 2397 magister
491 2358 520 2386 ,1.
547 2357 751 2396 prebendam
778 2358 811 2387 in
833 2358 962 2396 prefata
988 2358 1130 2388 ecclesia
1151 2358 1233 2388 obti-

220 2412 343 2448 nuerit,
354 2414 388 2442 ut
408 2411 566 2450 superius
576 2414 623 2441 est
642 2420 855 2449 expressum.
871 2411 910 2441 In
925 2420 1068 2450 quorum
1081 2412 1232 2441 omnium

219 2466 453 2496 testimonium
470 2467 500 2494 01
516 2464 721 2494 evidentiam
738 2465 935 2502 pleniorem,
951 2467 1143 2503 presentem
1159 2474 1233 2494 sen-

220 2519 361 2550 tentiam
378 2520 407 2548 et
422 2518 670 2547 ordinationem
684 2526 719 2547 ac
731 2520 926 2556 preceptum
941 2527 1000 2556 per
1011 2519 1232 2555 Beruardum,

222 2571 478 2609 infrascriptum
507 2571 677 2600 notarium
711 2574 875 2607 nostrum,
913 2571 985 2601 fieri
1009 2573 1039 2602 et
1069 2571 1234 2610 publicari

223 2624 460 2654 mandavimus
477 2626 507 2653 et
527 2624 632 2662 sigilli
654 2624 762 2654 nostri
781 2624 968 2654 munimine
989 2624 1132 2654 fecimus
1151 2634 1236 2655 com-

223 2677 361 2708 muniri.
380 2677 463 2707 Lata
493 2678 525 2706 et
554 2677 694 2706 recitata
720 2679 769 2706 est
788 2677 821 2706 in
845 2678 982 2716 scriptis
998 2678 1149 2716 predicta
1163 2686 1237 2708 sen-

223 2731 330 2761 tentia
340 2732 371 2760 et
390 2729 557 2759 ordinatio
576 2738 611 2759 30
629 2732 823 2767 preceptum
842 2731 930 2768 apud
947 2730 1235 2765 Urbemveterem,

224 2784 259 2813 in
286 2783 437 2821 hospicio
471 2782 623 2820 ejusdem
649 2782 777 2812 domini
802 2783 997 2820 cardinalis,
1022 2784 1238 2822 presentibus

226 2837 388 2875 magistro
398 2835 549 2866 ι1011311110
566 2836 605 2864 (10
625 2835 784 2865 Curtraco
801 2838 831 2866 et
848 2836 1001 2873 Enufrio,
1022 2839 1239 2875 procuratore

226 2891 337 2929 ipsius
363 2889 521 2923 XValteri.
539 2897 625 2918 anno
644 2889 779 2918 Domini
800 2889 1037 2926 M⁰CC⁰LXIIL
1057 2890 1240 2921 indictione

227 2953 287 2980 vr,
311 2944 364 2973 die
393 2942 552 2973 mercurii
576 2950 633 2971 vui
662 2941 737 2971 idus
764 2942 858 2980 junii,
879 2943 1095 2980 pontificatus
1113 2944 1241 2974 domini

230 2996 358 3028 Urbani
376 3004 461 3035 pape
491 2996 568 3029 1111,
587 3004 673 3025 311110
698 2995 856 3029 secundo,
872 2996 1089 3034 presentibus
1107 2997 1174 3027 hiis
1192 3006 1245 3028 ve-

1282 385 1426 416 nerabili
1444 387 1477 416 in
1508 386 1642 417 Christo
1663 390 1757 426 patre
1774 388 1909 418 domino
1930 391 1982 424 A„
2003 390 2159 428 episcopo
2176 391 2289 430 Urgel-

1280 439 1380 474 lensi,
1410 440 1592 470 Guillelmo
1615 441 1741 471 Vitalis
1762 443 1792 471 et
1813 442 1997 472 Guillelmo
2029 443 2068 473 de
2097 443 2287 481 Portulilio,

1281 492 1414 523 clericis
1440 494 1590 532 ejusdem
1620 494 1782 533 episcopi,
1807 495 1968 534 magistro
1989 497 2158 526 Bernardo
2187 498 2291 527 archi-

1282 545 1422 576 diacono
1443 547 1649 583 Nicoffiensi,
1678 550 1709 577 et
1733 548 1894 587 magistro
1918 548 2036 585 Paulo,
2063 549 2189 579 domini
2207 559 2290 589 pape

1283 599 1518 638 scriptoribus,
1538 600 1641 630 fratre
1661 600 1846 631 Guillelmo
1865 603 1895 631 et
1914 601 2016 631 fratre
2031 602 2205 639 Hit-cardo,
2226 612 2293 633 mo-

1282 652 1399 682 nachis
1411 653 1608 683 monasterii
1626 653 1666 684 de
1684 654 2131 691 Brerchona,Clunia‹·ensis
2150 656 2290 691 ordinis,

1283 705 1414 736 Ubaldo
1451 706 1490 736 de
1519 706 1857 737 Sancto-Geminiano
1893 708 2036 741 notario,
2071 712 2101 738 et
2123 709 2292 739 Bernardo

1284 758 1372 789 dicto
1398 758 1434 788 de
1452 759 1543 793 Petit,
1570 759 1690 790 clerico
1719 760 2009 799 Petragoricensis
2026 761 2184 795 diocesis,
2200 763 2291 792 testi-

1283 812 1346 842 bus
1367 812 1407 842 ad
1427 812 1487 843 hoc
1511 813 1639 843 vocatis
1657 814 1849 852 specialiter
1865 816 1895 844 et
1922 814 2059 853 rogatis.
2080 815 2119 844 Et
2140 823 2199 853 ego
2217 816 2294 845 Ber-

1283 866 1421 901 nardus,
1449 866 1558 896 dictus
1588 865 1772 903 Bardonier‚
1798 867 1955 905 publicus
1987 867 2170 906 apostolice
2204 869 2295 898 sedis

1284 919 1482 949 auctoritate
1511 920 1676 956 notarius,
1702 920 1761 958 qui
1788 921 1954 950 sententie
1971 922 2001 950 et
2017 921 2241 951 ordinationis
2259 930 2295 952 ac

1284 972 1433 1010 precepti
1459 973 1689 1011 predictorum
1720 973 1901 1012 prolationi
1929 982 2069 1012 presens
2090 975 2297 1011 1111011111,03

1285 1025 1325 1055 de
1341 1025 1498 1056 mandato
1527 1029 1558 1056 et
1579 1027 1777 1057 auctoritate
1806 1026 2012 1057 venerabilis
2037 1028 2143 1066 patris
2167 1028 2296 1058 domini

1285 1079 1328 1115 J.‚
1340 1079 1402 1109 Dei
1419 1079 1527 1117 gratia
1545 1082 1659 1110 sancte
1679 1080 1784 1110 Marie
1802 1080 1836 1109 in
1849 1080 2030 1110 Cosmedin
2043 1080 2174 1110 diaconi
2192 1081 2297 1111 cardi-

1286 1132 1374 1162 nalis
1404 1132 1560 1170 predicti,
1587 1133 1726 1171 propria
1750 1141 1853 1163 manu
1879 1133 2001 1172 scripsi
2021 1135 2052 1163 et
2076 1134 2110 1163 in
2128 1133 2297 1172 publicam

1287 1185 1431 1216 sormam
1449 1186 1563 1225 redegi
1580 1195 1723 1225 meoque
1742 1187 1837 1225 signo
1858 1187 2001 1226 signavi.
2023 1197 2038 1215 »

1326 1238 1422 1269 Nulli
1449 1248 1527 1278 ergo
1548 1242 1662 1270 nostre
1687 1240 1954 1270 confirmationis
1981 1242 2043 1270 010.
2065 1241 2190 1270 Datum
2210 1241 2297 1279 apud

1286 1292 1575 1329 Urbemveterem,
1596 1303 1630 1322 111
1646 1293 1723 1323 idus
1742 1292 1900 1329 octobris,
1920 1302 2007 1323 anno
2024 1294 2136 1324 tertio.
2158 1304 2172 1323 »

1380 1489 1476 1520 1028

1885 1488 2008 1519 Orvieto,
2027 1489 2043 1515 3
2059 1488 2129 1515 avril
2149 1488 2224 1515 1204.

1321 1572 1537 1598 Ordinationem
1551 1572 1584 1598 de
1596 1571 1766 1606 praebendis
1780 1571 1809 1598 in
1826 1571 1948 1598 ecclesia
1962 1573 2034 1598 Mani
2042 1580 2114 1598 uana
2131 1571 2296 1598 vacantibus

1286 1620 1321 1645 ab
1338 1620 1454 1649 Uber-to,
1471 1620 1592 1646 diacono
1616 1620 1756 1646 cardinali
1775 1628 1797 1646 3.
1819 1620 1975 1648 Eustachii.
1995 1620 2115 1653 editam,
2134 1619 2295 1646 confirmat.

1286 1669 1365 1702 (Res.
1384 1669 1428 1699 29,
1447 1669 1495 1696 101.
1516 1669 1560 1699 37,
1579 1674 1609 1695 n⁰
1623 1670 1680 1702 77.)

1328 1788 1345 1808 «
1368 1777 1501 1807 Gnidonz'
1523 1776 1559 1806 de
1581 1776 1675 1812 Zena,
1704 1778 1848 1806 canonico
1867 1776 2046 1806 illantmzno.
2067 1777 2114 1807 Ea
2132 1777 2297 1816 (1110111111-

1289 1831 1350 1863 cio„
1369 1833 1445 1866 etc.‚
1464 1839 1570 1869 usque
1591 1830 1852 1860 communimus.
1872 1833 1957 1860 53110
1975 1830 2060 1860 lecta
2076 1839 2186 1860 coram
2200 1830 2298 1860 nobis

1289 1884 1479 1913 devotionis
1496 1886 1550 1914 tue
1568 1883 1687 1922 petitio
1710 1883 1900 1913 continebat
1917 1883 2006 1921 quod
2025 1892 2089 1913 una
2107 1883 2139 1912 in
2156 1883 2298 1913 ecclesia

1288 1937 1469 1966 Mantuana
1486 1945 1546 1974 per
1562 1938 1703 1965 mortem
1716 1936 1842 1966 Azouis
1857 1936 2096 1966 Consanonerii
2112 1938 2143 1966 et
2157 1936 2224 1966 alia
2241 1945 2299 1975 per

1289 1991 1432 2020 mortem
1454 1989 1573 2019 [Jbaldi
1588 1989 1627 2019 de
1645 1988 1794 2027 Ripalta,
1811 1989 1962 2027 ejusdem
1976 1989 2116 2019 ecclesie
2127 1990 2300 2020 canonico-

1289 2051 1376 2078 rum,
1394 2042 1573 2080 prebendis
1592 2042 1801 2078 vacantibus,
1821 2044 1889 2071 tam
1911 2044 1947 2072 tu
1960 2042 2183 2080 personaliter
2200 2051 2300 2081 quam

1291 2095 1452 2129 Ubertus,
1479 2095 1736 2125 archidiaconus
1752 2095 1954 2125 Brixiensis.
1974 2104 2031 2133 per
2048 2098 2300 2133 procuratorem

1291 2149 1462 2188 ydoneum
1489 2149 1578 2186 apud
1608 2149 1722 2178 sedem
1751 2148 1971 2186 apostolicam
1999 2149 2184 2183 constituti,
2206 2151 2236 2178 et
2261 2149 2300 2178 de

1292 2201 1473 2240 prebendis
1491 2201 1685 2240 hujusmodi
1704 2201 1955 2231 contendentes.
1968 2210 2079 2231 0013111
2092 2201 2214 2231 (1110010
2232 2202 2302 2232 tilio

1292 2258 1407 2286 nostro
1430 2255 1483 2290 U„
1508 2255 1614 2284 sancti
1635 2254 1808 2284 Eustachii
1828 2254 1967 2284 diacono
1986 2254 2162 2290 cardinali,
2179 2255 2231 2284 cui
2248 2264 2304 2285 ne-

1292 2309 1420 2348 gotium
1443 2307 1635 2347 hujusmodi
1655 2308 1820 2338 committi
1838 2309 2058 2346 procurastis,
2076 2317 2095 2338 a
2113 2308 2211 2338 nobis
2229 2318 2304 2338 cum

1293 2362 1456 2392 instantia
1477 2361 1626 2399 petiistis
1649 2363 1684 2391 ut
1709 2361 1796 2390 iuter
1820 2370 1879 2391 vos
1900 2370 1963 2399 que
1987 2361 2156 2399 prebenda
2173 2370 2214 2392 ex
2232 2370 2305 2400 pre-

1294 2415 1394 2445 dictis
1411 2416 1463 2445 cui
1483 2417 1633 2445 vestrum
1652 2417 1740 2444 esset
1760 2414 2141 2449 debita,sententialiter
2158 2415 2306 2445 declara·

1295 2470 1355 2498 ret.
1380 2467 1474 2498 Unde
1494 2467 1583 2497 idem
1612 2467 1808 2502 cardinalis,
1824 2468 1967 2505 cognitis
1990 2467 2099 2505 ipsius
2117 2467 2306 2506 questionis

1295 2521 1427 2552 meritis
1441 2522 1471 2551 et
1485 2521 1573 2559 juris
1588 2520 1704 2550 ordine
1721 2520 1911 2556 observato,
1929 2529 1988 2559 per
2003 2521 2220 2550 diffinitivam
2235 2529 2307 2551 sen·

1294 2575 1437 2605 tentiam
1454 2574 1638 2612 predictam
1657 2573 1863 2612 prebendam
1880 2582 1944 2612 que
1962 2582 2021 2612 per
2039 2576 2182 2604 mortem
2198 2574 2308 2612 ipsius

1297 2627 1420 2659 Ubaldi
1435 2626 1576 2662 vacavit,
1588 2627 1629 2656 ad
1643 2628 1675 2656 te
1688 2627 1727 2656 de
1739 2626 1814 2665 jure
1832 2628 1982 2665 spectare
1999 2627 2194 2662 decernens,
2208 2635 2308 2665 super

1297 2681 1357 2711 illa
1387 2680 1476 2710 dicto
1514 2679 1748 2710 archidiacono
1780 2682 1978 2718 perpetuum
2009 2680 2105 2710 duxit
2135 2680 2308 2710 silentium

1298 2733 1553 2771 imponendum,
1571 2734 1671 2771 prout
1691 2732 1725 2761 in
1742 2732 1866 2762 litteris
1885 2732 1961 2761 inde
1978 2732 2140 2761 consectis
2153 2735 2183 2762 et
2202 2732 2309 2770 ipsius

1299 2785 1482 2816 cardinalis
1496 2785 1610 2824 sigillo
1629 2785 1772 2815 munitis
1791 2785 1926 2823 plenius
1947 2785 2148 2815 continetur.
2163 2785 2232 2814 Nos
2251 2785 2311 2821 igi-

1300 2842 1366 2875 tur,
1385 2839 1453 2870 tuis
1478 2838 1784 2877 supplicationibus
1799 2838 1966 2873 inclinati,
1981 2838 2182 2868 sententiam
2199 2838 2311 2875 hujus—

1302 2893 1394 2923 modi
1408 2892 1547 2931 provide
1571 2892 1685 2925 latam,
1708 2894 1815 2922 ratam
1839 2893 1870 2921 et
1893 2893 2021 2929 gratam
2046 2891 2217 2923 habentes,
2238 2899 2310 2920 eam

1304 2945 1503 2975 auctoritate
1522 2944 1707 2983 apostolica
1728 2945 1979 2977 confirmamus,
2000 2946 2074 2973 etc..

1306 2998 1493 3028 munimus.

2100 2951 2206 2980 usque
2225 2952 2311 2972 com-
