2519 3262
1054 187 1295 225 TROISOEME
1324 187 1487 224 ANNEE.
2256 207 2312 223 0..-

233 279 266 310 in
294 280 462 318 Ispalensi
492 280 634 310 ecclesia
660 281 710 310 est
736 279 894 309 canonice
918 279 1094 308 assecutus
1118 278 1243 316 quique

232 333 403 363 canonicis
429 333 539 371 ipsius
568 332 708 363 ecclesie
733 332 789 371 qui
826 331 982 361 dicuntur
1012 334 1244 369 extravagantes
1269 329 1270 337 ¹

233 385 305 415 dari
331 386 452 419 solent,
478 387 684 416 commutare
711 385 777 414 sibi
806 385 839 414 in
866 384 952 414 alios
975 383 1192 413 canonicatus
1213 383 1245 412 et

232 438 438 477 prebendam
451 439 603 477 ejusdem
623 438 777 474 ecclesie,
797 437 854 476 qui
870 436 1041 467 canonicis
1062 436 1120 474 qui
1138 435 1245 465 1101111-
1270 431 1272 455 ³

232 494 354 522 nantur
373 492 572 522 mansionarii
597 491 827 525 conferuntur,
855 491 895 520 de
920 489 1128 528 benignitate
1147 497 1245 527 apos-

232 545 332 575 tolica
348 553 557 579 curaremus,
577 553 638 575 nos
655 544 799 574 eundem
811 543 869 578 M„
888 545 958 573 tam
974 541 1245 572 consideratione

232 599 432 629 meritorum
460 607 612 633 suorum,
635 605 737 636 quam
758 596 897 626 obtentu
918 595 1115 625 nunt-iorum
1135 594 1245 633 ipsius

232 652 322 690 regis
335 651 432 682 nobis
442 660 544 690 super
553 651 614 681 hoc
625 651 792 680 instanter
805 649 1083 687 supplicantium,
1097 647 1245 686 gratiose

232 705 393 743 prosequi
418 713 454 734 ac
474 703 706 734 favorabiliter
726 702 953 737 intendentes,
976 702 1076 731 Petro
1096 701 1244 735 Martini,

231 758 391 788 canonico
418 757 615 793 Tholetano,
636 755 763 786 nostris
779 755 936 785 dedimus
955 754 1080 784 litteris
1100 754 1134 783 in
1154 762 1246 783 man-

231 811 319 841 datis
345 812 381 841 ut
399 810 486 840 dicto
507 810 551 840 M.
576 808 824 842 canonicatum,
845 816 945 847 quem
965 810 1042 838 tunc
1060 807 1093 836 in
1115 807 1247 845 prefata

231 864 374 894 ecclesia
404 862 587 899 obtinebat,
617 862 723 892 libere
750 861 948 895 dimittenti,
976 861 1016 891 de
1047 860 1246 891 canonicatu

231 917 301 956 qui,
317 918 352 946 ut
370 917 504 952 dicitur,
522 916 695 946 canonicis
711 915 952 945 mansionariis
965 914 1158 950 exhibetur,
1171 923 1245 943 cum

229 969 441 1009 plenitudine
467 969 555 1008 juris
583 968 748 1004 canonici,
768 977 810 998 ex
840 970 920 998 tunc
947 976 984 997 ac
1009 967 1048 997 de
1076 967 1246 1006 prebenda

229 1023 330 1053 etiam
344 1031 407 1061 que
423 1022 509 1061 ipsis
527 1021 771 1052 mansionariis
787 1021 956 1051 canonicis
969 1020 1152 1056 confertur,
1171 1028 1246 1049 cum

229 1075 462 1114 prestimoniis
479 1075 629 1105 cedentis
648 1075 700 1105 vel
720 1074 912 1105 decedentis
935 1073 1098 1109 canonici,
1119 1073 1147 1103 si
1166 1074 1246 1103 tunc

229 1128 392 1158 vacabant
412 1128 539 1158 ibidem
566 1128 620 1159 vel
645 1128 899 1167 quamprimum
925 1127 966 1157 ad
986 1127 1020 1156 id
1041 1135 1076 1156 se
1103 1126 1246 1156 facultas

229 1182 376 1218 offerret,
391 1190 450 1220 per
466 1190 500 1212 se
513 1181 566 1212 vel
577 1190 637 1220 per
649 1181 754 1211 alium
767 1181 945 1220 providere
959 1181 1102 1214 curaret,
1119 1179 1246 1209 faciens

230 1235 343 1274 ipsum
370 1234 613 1265 nichilominus
638 1235 671 1264 in
697 1235 815 1265 eadem
833 1234 976 1264 ecclesia
1000 1234 1034 1264 in
1057 1233 1247 1263 mansiona-
1273 1232 1274 1235 ’

232 1288 320 1318 rium
351 1289 548 1319 canonicum
577 1288 681 1326 recipi
712 1289 743 1318 et
768 1288 801 1318 in
830 1287 981 1318 fratrem.
1016 1286 1244 1317 Contradicto-

230 1351 284 1372 res
312 1344 387 1376 etc,
414 1351 522 1381 usque
547 1341 802 1380 compescendo.
827 1341 913 1371 Sane
937 1341 1048 1370 dictus
1070 1340 1108 1370 Ρ.
1135 1339 1245 1370 eidem
1272 1362 1274 1381 Ι

228 1395 388 1432 Martino,
408 1395 594 1425 dimittenti
614 1395 847 1425 canonicatum
867 1403 967 1432 quem
988 1394 1022 1423 in
1039 1393 1127 1423 dicta
1143 1393 1244 1423 eccle·
1272 1394 1274 1400 ’

231 1448 282 1478 sia
294 1448 478 1485 obtinebat,
489 1448 528 1478 de
541 1448 739 1478 canonicatu
751 1447 809 1486 qui
819 1447 991 1477 canonicis
1004 1446 1246 1476 mansionariis

231 1501 376 1532 conferri
396 1502 582 1539 consuevit,
604 1501 751 1541 providit
769 1500 966 1531 auctoritate
979 1500 1173 1539 hujusmodi
1192 1500 1245 1530 lit-

230 1557 391 1591 terarum,
412 1557 443 1585 et
461 1555 678 1594 postmodum
697 1555 860 1593 magistro
879 1554 991 1587 Petro,
1010 1553 1244 1583 archidiacono

231 1608 417 1647 Reginensi
437 1609 469 1638 in
491 1608 580 1638 dicta
598 1607 741 1638 ecclesia
769 1607 939 1637 commisit
961 1615 1062 1645 super
1086 1606 1158 1642 hoc,
1178 1615 1245 1636 non

229 1663 343 1691 tamen
359 1662 522 1697 totaliter,
539 1661 631 1691 vices
656 1670 746 1691 suas.
765 1660 884 1691 Dictus
904 1669 983 1690 vero
1004 1659 1245 1699 subdelegatus

229 1714 290 1745 tibi
312 1716 342 1745 et
362 1715 509 1753 capitulo
533 1714 681 1753 predicte
700 1714 887 1752 Ispalensis
906 1713 1047 1743 ecclesie
1067 1713 1245 1743 demanda-

231 1769 277 1798 vit
292 1770 327 1798 ut
344 1768 471 1798 dictum
486 1769 529 1798 M.
548 1768 581 1797 in
597 1767 795 1798 canonicum
811 1767 1080 1797 mansionarium
1095 1766 1244 1805 recipere

230 1821 419 1857 curaretis,
440 1830 482 1851 ex
510 1823 604 1860 parte
632 1829 712 1850 vero
736 1822 794 1850 tua
824 1821 855 1850 et
877 1819 987 1858 ipsius
1015 1819 1155 1858 capituli
1182 1820 1245 1849 fuit
1272 1828 1274 1839 ’ν

230 1874 428 1913 excipiendo
443 1875 653 1912 propositum
670 1882 782 1903 coram
799 1882 837 1903 eo
855 1873 944 1911 quod
959 1873 991 1902 in
1007 1873 1123 1903 eadem
1142 1873 1241 1903 eccle·
1272 1871 1274 1910 ,¹

229 1928 280 1957 sia
290 1929 339 1958 est
350 1929 515 1958 statutum
527 1928 567 1957 de
578 1928 667 1957 certo
679 1927 987 1957 mansionariorum
1007 1926 1245 1956 canonicorum
1273 1946 1274 1955 1

230 1989 382 2017 numero,
395 1980 587 2020 juramento
601 1980 771 2010 firmatum
783 1981 815 2010 et
826 1988 886 2018 per
896 1979 1011 2009 sedem
1025 1979 1244 2018 apostolicam

229 2034 477 2071 confirmatum,
493 2034 531 2063 de
547 2042 612 2072 quo
630 2034 663 2063 in
677 2033 803 2063 litteris
815 2033 886 2063 illis
900 2033 995 2062 nulla
1008 2033 1134 2063 mentio
1147 2032 1246 2062 habe-

228 2087 347 2124 batur,
367 2089 399 2118 et
423 2088 561 2126 propter
585 2087 646 2117 hoc
671 2087 713 2116 ad
736 2086 852 2117 sedem
875 2086 1109 2124 apostolicam,
1130 2094 1246 2125 quam-

230 2150 330 2180 quam
349 2149 415 2171 non
431 2141 472 2170 ad
487 2149 560 2170 eam
580 2141 638 2170 sed
654 2140 694 2170 ad
711 2140 838 2170 dictum
850 2140 1064 2170 executorem
1080 2139 1245 2178 appellari

229 2194 394 2230 debuerit,
408 2194 521 2224 extitit
536 2193 752 2232 appellatum.
770 2193 880 2228 Quare
898 2192 996 2223 nobis
1011 2193 1121 2223 dict-us
1137 2193 1245 2231 capel-

229 2248 328 2278 lanus
351 2247 527 2277 humiliter
551 2246 757 2285 supplicavit
781 2248 817 2277 ut
845 2246 1024 2285 providere
1048 2246 1113 2276 sibi
1145 2255 1247 2285 super

230 2300 290 2331 hoc
308 2302 448 2339 paterna
475 2299 707 2330 sollicitudine
731 2308 940 2330 curaremus.
965 2299 1129 2335 Quocirca
1155 2308 1246 2329 man-

230 2354 351 2383 damus
365 2355 544 2392 quatenus,
562 2353 590 2382 si
604 2354 655 2383 est
667 2353 724 2387 ita,
739 2352 935 2392 hujusmodi
948 2353 1174 2391 appellatione
1187 2361 1247 2383 seu

231 2407 381 2446 predicto
402 2407 528 2436 statuto
551 2406 604 2436 vel
625 2406 740 2445 aliqua
761 2406 973 2446 indulgentia
996 2407 1088 2437 sedis
1111 2408 1246 2445 aposto-

231 2460 306 2496 lice,
322 2468 382 2499 per
399 2468 500 2498 quani
516 2459 654 2489 effectus
668 2459 879 2498 presentium
893 2459 1052 2498 impediri
1068 2459 1178 2490 valeat
1193 2460 1247 2490 vel

231 2513 359 2543 differri
377 2514 409 2543 et
425 2513 465 2543 de
484 2513 598 2551 quain
612 2512 739 2542 nostris
754 2512 880 2543 litteris
897 2513 1023 2544 mentio
1037 2513 1111 2544 fieri
1127 2513 1248 2544 debeat

230 2566 402 2606 specialis,
421 2574 636 2604 nequaquam
661 2565 888 2600 obstantibus,
908 2566 949 2596 ad
964 2567 1192 2605 receptionem
1215 2568 1247 2598 et

231 2619 464 2659 provisionem
491 2619 572 2649 dicti
598 2619 642 2649 M.
662 2619 824 2658 procedas
842 2628 902 2658 per
919 2620 952 2650 te
975 2620 1029 2650 vel
1047 2628 1107 2658 per
1129 2620 1247 2656 alium,

229 2673 328 2713 juxta
356 2673 588 2711 predictarum
619 2672 659 2702 ad
690 2672 834 2702 eundem
861 2672 1012 2711 priorem
1042 2673 1248 2704 directarum

231 2726 473 2757 continentiam
505 2726 708 2756 litterarum.
742 2725 869 2756 Datum
903 2726 992 2764 apud
1030 2726 1248 2758 Urbemvete·

231 2789 314 2817 rem,
334 2790 383 2809 1111
405 2779 482 2810 idus
500 2779 590 2818 julii,
609 2787 695 2809 anno
707 2778 820 2810 tertio.
844 2788 859 2808 n

358 2933 500 2960 URBAIN
521 2931 575 2964 IV,
596 2933 616 2958 t.
639 2930 696 2965 111,
717 2932 782 2966 Rea.
802 2931 864 2959 ord.

2255 220 2307 235 -01

1398 279 1487 309 1681

1901 282 2024 313 Orvieto,
2041 284 2073 309 :21
2092 285 2149 310 mai
2167 286 2242 312 lm.

1338 360 1558 395 .xrchi0piscop0
1586 362 1789 396 burdegalensi
1821 364 1951 399 indulget
1978 369 2003 393 ut
2034 375 2120 393 unum
2147 369 2180 394 de
2202 369 2314 395 clericis

1302 407 1362 443 ejus
1383 409 1410 434 in
1429 409 1550 436 ecclesia
1569 420 1591 437 s.
1610 411 1737 438 severini
1761 413 1990 447 contegat-usis,
2009 415 2036 441 in
2060 417 2230 443 canonicum
2251 426 2315 443 cuin

1302 457 1465 490 praebenda
1481 458 1568 493 recipi
1585 459 1680 486 saciat.
1701 461 1778 495 (Rea,
1795 463 1837 491 29,
1858 462 1905 489 fol.
1925 464 1983 493 108,
2002 469 2034 489 11⁰
2049 466 2126 497 731.)

1345 573 1359 591 α
1384 564 1623 605 Arclzz'episcopo
1644 566 1874 606 Burcleqalensi.
1895 570 2077 600 Personam
2100 575 2192 601 tuam
2218 572 2318 602 hono-

1304 624 1388 646 rare.
1407 635 1442 638 —
1465 618 1589 648 Datum
1610 620 1697 658 apud
1716 621 2004 657 L'rlteiuveterem,
2026 633 2071 653 xu
2092 624 2254 654 kalendas
2267 625 2316 663 ju-

1305 669 1364 703 nii,
1384 678 1470 700 anno
1489 672 1599 702 tertio.
1621 682 1635 700 »

1397 838 1493 868 1682

1900 841 2023 872 Urvieto,
2043 842 2074 868 19
2089 842 2147 868 mai
2169 843 2246 870 1202.

1343 920 1481 955 Episcopo
1501 922 1641 956 Gurgensi
1661 924 1778 949 mandat
1800 926 1828 950 ut
1847 925 2019 955 Conradum,
2035 927 2205 953 canonicum
2225 928 2316 954 eccle-

1307 969 1365 996 siae
1380 971 1414 996 de
1434 970 1759 998 Volclienmarchert,in
1775 973 1985 1006 possessionem
1997 974 2111 1002 inducat
2129 976 2266 1003 ecclesiae
2284 978 2318 1003 dc

1306 1019 1453 1052 Vrezince,
1474 1020 1707 1055 Salzeburgcnsis
1726 1021 1858 1048 diocesis.
1887 1023 1967 1057 (Rec.
1984 1025 2029 1055 12'9,
2046 1023 2094 1050 fol.
2119 1025 2178 1055 168,
2195 1029 2226 1051 n⁰
2242 1026 2320 1059 732.)

1345 1134 1362 1155 «
1381 1125 1536 1165 Episcopo
1555 1126 1714 1166 Gurqensi.
1736 1127 1803 1157 Sua
1817 1127 1915 1158 nobis
1931 1129 2073 1159 dilectus
2086 1130 2177 1159 filius
2193 1130 2318 1161 Conra-

1306 1179 1381 1215 dus,
1401 1180 1584 1210 canonicus
1601 1180 1742 1211 ecclesie
1758 1181 1796 1211 de
1810 1182 2141 1219 Volchenmarcheit
2158 1185 2319 1222 petitione

1306 1233 1510 1263 monstravit
1533 1233 1634 1271 quod,
1652 1234 1729 1264 licet
1748 1235 1898 1270 Urit-us,
1919 1236 2194 1275 archiepiscopus
2207 1238 2317 1268 831Ζο-

1304 1286 1496 1325 burgensis,
1515 1289 1605 1317 esset
1623 1296 1682 1325 per
1699 1296 1760 1317 nos
1775 1290 2135 1320 excommunicationis
2153 1292 2320 1322 sententia

1305 1339 1555 1370 rationabiliter
1577 1340 1740 1376 irretitus,
1767 1342 2008 1372 nichilominus
2027 1345 2140 1374 tamen
2160 1344 2249 1374 idem
2269 1354 2318 1375 ec-

1305 1393 1443 1423 clesiam
1473 1394 1512 1423 de
1542 1394 1718 1430 Yrezfflce,
1742 1395 2020 1434 Salzeburgensis
2052 1397 2209 1433 diocesis,
2241 1399 2318 1428 tunc

1304 1448 1491 1483 vacantem,
1515 1447 1557 1476 ad
1582 1447 1797 1478 collationem
1821 1457 1916 1478 suam
1942 1452 2161 1487 spectantem,
2184 1451 2317 1481 cuidam

1304 1499 1426 1529 clerico
1447 1500 1584 1530 illarum
1612 1501 1761 1539 partium
1786 1502 1826 1531 de
1848 1502 1947 1538 facto,
1975 1503 2097 1533 dicitur
2119 1504 2315 1534 contulisse.

1303 1553 1414 1588 Quare
1430 1553 1540 1583 dictus
1557 1553 1733 1584 Conradus
1749 1554 1846 1584 nobis
1862 1555 2036 1586 humiliter
2048 1557 2251 1595 supplicavit
2267 1559 2314 1591 ut,

1304 1606 1466 1644 cumipse
1485 1606 1616 1636 nullum
1637 1607 1693 1643 sit,
1714 1611 1749 1637 nt
1768 1609 1902 1642 asserit,
1921 1608 2122 1640 beneficium
2141 1610 2316 1640 ecclesias-

1303 1660 1407 1689 ticum
1429 1662 1617 1694 assecutus,
1636 1661 1702 1690 nisi
1721 1661 1956 1691 canonicatum
1978 1664 2009 1692 et
2032 1661 2233 1693 beneficium
2250 1672 2316 1702 que

1305 1713 1339 1742 in
1368 1712 1499 1750 prefata
1528 1713 1671 1742 ecclesia
1699 1713 1738 1743 de
1767 1714 2085 1745 Volchenmarchert
2115 1715 2255 1751 obtinet,
2276 1717 2316 1746 de

1304 1765 1428 1805 quibus
1452 1766 1553 1795 etiam
1574 1774 1639 1796 non
1666 1767 1775 1804 potest
1795 1768 1969 1797 commode
1991 1769 2185 1804 sustentari,
2206 1769 2318 1807 provi-

1305 1819 1377 1849 deri
1392 1819 1431 1849 de
1442 1819 1585 1849 ecclesia
1600 1819 1639 1849 de
1657 1814 1832 1853 Yrez‘ince,
1846 1820 1886 1850 de
1898 1819 2107 1859 benignitate
2118 1822 2209 1852 sedis
2220 1831 2318 1860 apos-

1303 1872 1404 1902 tolice
1420 1872 1669 1902 mandaremus.
1685 1873 1768 1903 Cum
1782 1874 1885 1912 igitur
1896 1883 1956 1903 nos
1971 1875 2114 1904 eundem
2125 1876 2318 1905 Conradum

1304 1934 1364 1965 per
1396 1926 1556 1956 dilectum
1594 1926 1702 1956 filium
1734 1927 1936 1966 magistrum
1966 1927 2018 1963 P..
2043 1928 2317 1959 archidiaconum

1304 1979 1516 2009 Broliensem
1534 1983 1541 2002 ¹
1556 1979 1590 2009 in
1601 1980 1743 2010 ecclesia
1756 1981 1963 2019 Agennensi,
1982 1981 2112 2012 socium
2128 1982 2242 2012 dilecti
2256 1982 2317 2012 filii

1304 2033 1459 2071 magistri
1487 2032 1674 2068 Michaelis,
1695 2035 1808 2063 sancte
1826 2035 1977 2064 Romane
1999 2034 2141 2065 ecclesie
2167 2035 2318 2065 vicecan-

1305 2086 1446 2123 cellarii,
1467 2086 1656 2117 examinari
1688 2087 1869 2117 fecerimus
1897 2087 2078 2127 diligenter
2103 2090 2133 2118 et
2161 2089 2319 2119 inventus

1305 2139 1412 2169 fuisse
1437 2139 1569 2169 dicatur
1595 2140 1749 2178 ydoneus
1768 2140 1808 2170 ad
1827 2140 2097 2171 ecclesiasticum
2117 2140 2319 2172 beneficium

1305 2193 1538 2229 obtinendum,
1565 2193 1769 2223 fraternitati
1793 2196 1849 2224 tue
1877 2194 2079 2224 mandamus
2097 2195 2270 2233 quatinus,
2290 2195 2319 2225 si

1305 2247 1394 2286 quod
1412 2247 1451 2276 de
1469 2247 1819 2277 excommunicatione
1836 2249 1867 2277 et
1879 2247 2060 2277 collatione
2073 2247 2160 2278 dicte
2177 2248 2318 2278 ecclesie

1304 2301 1345 2331 de
1371 2300 1536 2330 Vrezince
1558 2300 1770 2338 proponitur,
1791 2300 1933 2330 veritate
1951 2300 2101 2337 fulcitur,
2119 2302 2150 2331 et
2173 2301 2262 2331 idem
2281 2302 2317 2332 C.

1304 2355 1355 2384 est
1376 2353 1416 2384 de
1437 2353 1590 2392 legitimo
1612 2353 1828 2383 matrimonio
1852 2354 1964 2390 natus,
1983 2355 2015 2384 et
2036 2354 2121 2384 alias
2141 2354 2259 2385 existit
2279 2354 2319 2384 ad

1303 2407 1365 2437 hoc
1378 2407 1531 2446 ydoneus
1545 2406 1698 2436 moribus
1713 2408 1745 2437 et
1762 2408 1849 2437 etate
1864 2407 2024 2446 aliudque
2040 2407 2239 2438 canonicum
2255 2416 2320 2438 non

1305 2460 1461 2496 obsistat,
1488 2460 1597 2490 eidem
1621 2460 1657 2490 C.
1683 2459 1849 2499 prefatam
1873 2460 2052 2491 ecclesiam
2079 2461 2119 2492 de
2142 2461 2318 2497 Vrezince,

1305 2515 1418 2547 amoto
1442 2513 1483 2543 ab
1504 2522 1542 2544 ea
1565 2513 1717 2552 predicto
1741 2513 1863 2544 clerico
1887 2515 1917 2545 et
1941 2513 2092 2553 quolibet
2115 2515 2181 2545 alio
2200 2515 2320 2546 illicito

1305 2567 1492 2603 detentore,
1520 2566 1719 2597 auctoritate
1745 2568 1872 2604 nostra,
1906 2576 1966 2607 per
1991 2569 2024 2599 te
2049 2568 2103 2599 vel
2126 2577 2187 2608 per
2216 2569 2321 2600 alium

1306 2620 1461 2651 conferas
1481 2622 1513 2651 et
1531 2620 1696 2660 assignes,
1723 2620 1904 2660 ipsumque
1927 2621 1962 2652 in
1980 2622 2190 2661 corporalem
2211 2623 2322 2662 ipsius

1306 2674 1449 2705 ecclesie
1465 2674 1720 2712 possessionem
1735 2674 1876 2704 inducas
1895 2676 1926 2705 et
1942 2675 2104 2706 defendas
2130 2676 2318 2707 inductum.

1306 2726 1580 2758 Contradictores
1604 2743 1652 2755 -.
1670 2727 1746 2757 Non
1775 2727 1931 2758 obstante
1949 2745 1998 2756 —.
2019 2729 2188 2759 Volumus
2207 2731 2319 2760 autem

1307 2780 1397 2819 quod
1409 2779 1499 2810 idem
1510 2779 1558 2813 C.‚
1572 2781 1754 2819 postquam
1766 2780 1918 2819 ejusdem
1937 2781 2078 2812 ecclesie
2098 2782 2137 2812 de
2159 2782 2321 2813 Vrezince

1341 2891 1362 2914 1.
1377 2890 1420 2915 En
1439 2897 1536 2921 marge
1550 2898 1555 2914 :
1574 2899 1583 2912 ι
1602 2890 1672 2915 Satis
1688 2891 1824 2922 sufficiens
1837 2892 1883 2916 est.
1902 2901 1912 2913 ι

2161 2938 2196 2965 33
