2519 3262
335 212 394 242 376

825 295 949 326 Orvieto,
971 295 1005 323 25
1022 295 1176 322 novembre
1196 295 1272 322 1203.

424 297 516 328 2271

370 381 397 407 S.
418 381 497 408 Pauli
511 383 537 408 et
555 389 578 407 s.
600 380 704 407 Mariae
721 380 756 406 de
772 380 966 407 Franconibus
983 379 1169 407 ecclesiarum
1190 380 1343 407 Verulana-

335 438 400 457 rum
415 431 531 457 abbates
547 429 708 464 praedictae
719 429 882 456 collationis
892 431 1056 457 executores
1065 430 1192 464 deputat.
1203 430 1282 464 (Bac.
1299 430 1343 461 κθ,

336 478 384 506 fol.
403 479 455 506 245
471 483 512 513 νο,
530 484 559 505 n⁰
582 479 669 511 1320.)

374 593 388 613 (1
405 609 411 614 .
427 609 433 614 .
451 593 474 614 ε.
501 583 593 613 Pauli
611 588 639 613 et
658 606 664 612 .
686 606 692 612 .
715 593 738 614 s.
759 583 858 613 Marie
878 583 913 613 de
930 583 1138 613 Franconibus
1149 583 1341 613 eeclesiarum

340 635 556 665 Verulanarum
584 636 752 665 abhatibus.
770 635 956 666 Laudabile
984 637 1133 667 studium
1152 637 1343 667 devotionis

335 705 380 717 -—.
400 689 520 719 Datum
551 689 638 728 apud
657 689 946 725 Urbemveterem,
964 699 1008 719 vn
1030 689 1191 719 kalendas
1214 690 1343 720 decem-

333 741 415 776 bris,
431 751 518 772 anno
539 743 651 773 tertio.
672 752 686 771 ))

421 921 519 951 2272
821 920 945 951 Orvicto,
966 920 1000 948 30
1019 921 1174 947 novembre
1192 921 1269 948 1203.

367 1004 477 1030 Decano
490 1004 631 1032 eeclesiae
644 1006 678 1032 de
699 1005 871 1041 Karentoyr,
886 1006 1053 1033 Venetensis
1073 1005 1206 1035 diocesis.
1224 1006 1343 1033 mandat

330 1054 362 1079 ut
374 1052 494 1079 Petrum
507 1053 690 1087 Laurentiae,
705 1054 877 1082 canonicum
895 1054 1126 1086 Macloviensem,
1141 1055 1170 1081 in
1187 1055 1343 1090 possessio-

330 1108 396 1127 nem
415 1101 554 1129 ecclesiae
569 1111 592 1129 s.
610 1102 687 1130 Petri
708 1104 742 1130 de
768 1104 880 1130 Bcdano
900 1104 1008 1131 mittat.
1022 1104 1100 1139 (Bne.
1116 1104 1160 1137 29,
1171 1103 1219 1131 l'ol.
1235 1104 1287 1131 245
1300 1109 1341 1137 νῦ,

331 1155 362 1176 n⁰
375 1150 468 1185 1321.)

370 1266 387 1286 ((
418 1255 538 1286 Decano
566 1256 685 1286 ecclesie
716 1256 752 1287 de
785 1257 971 1298 Karencoyr,
1004 1258 1177 1288 venetiensis
1203 1258 1339 1288 diocesis.

329 1309 407 1339 Vite
432 1309 614 1340 laudabilis
639 1312 672 1341 et
699 1327 748 1339 -.
780 1311 902 1342 Datum
934 1312 1021 1350 apud
1050 1311 1337 1348 Urbemveterem,

332 1372 352 1392 11
372 1362 541 1392 kalendas
556 1363 757 1398 decembris,
775 1372 860 1394 anno
876 1364 988 1395 tertio.
1010 1374 1024 1393 11

418 1541 514 1572 2273

824 1541 948 1573 Orvieto,
964 1543 997 1568 27
1015 1542 1168 1568 novembre
1190 1543 1266 1570 1203.

366 1624 461 1650 Electo
478 1624 662 1652 Maeloviensi
682 1626 798 1652 mandat
815 1628 845 1652 ut
860 1635 876 1652 a
891 1626 1053 1660 tluillclmo,
1071 1628 1178 1654 decano
1193 1628 1226 1654 de
1242 1627 1339 1654 Poclet

329 1672 358 1699 in
375 1673 495 1700 ecclesia
511 1673 709 1707 Macloviensi,
725 1675 880 1701 decanatus
898 1675 1090 1710 resignatione
1103 1679 1228 1711 recepta,
1245 1676 1338 1703 cidem

328 1721 480 1749 Guillelmo
505 1723 537 1749 de
567 1723 663 1757 aliqua
692 1723 832 1758 dignitate
859 1725 886 1751 in
906 1725 1006 1751 eadem
1031 1725 1153 1752 ecclesia
1179 1725 1338 1760 provideat.

328 1770 406 1803 (111111.
423 1772 468 1804 29,
487 1771 535 1798 sol.
557 1772 618 1803 240,
640 1777 671 1798 11ο
692 1773 782 1807 1322.)

369 1890 383 1907 a
402 1879 512 1908 Electa
541 1879 748 1911 Macloviensi.
779 1881 875 1911 Circa
902 1881 1061 1911 dilectum
1080 1881 1189 1911 tilium
1207 1900 1254 1911 —.
1274 1883 1339 1912 Da-

329 1934 400 1962 tum
418 1933 505 1971 apud
518 1933 805 1969 Urbemvcterem,
820 1943 841 1963 v
854 1934 1016 1964 kalendas
1036 1934 1238 1971 decembris,
1253 1944 1339 1965 anno

331 1985 440 2015 tei-tio.
463 1996 477 2013 1,

419 2156 516 2187 2274
867 2156 990 2184 Orvieto,
1009 2158 1042 2184 20
1060 2157 1173 2183 octobre
1193 2158 1267 2185 1203.

363 2239 473 2265 Decano
490 2239 626 2266 Illeteusis
647 2240 796 2271 ecclesiae,
817 2241 860 2271 1⁴2„
878 2241 965 2275 priori
986 2250 1008 2268 s.
1028 2241 1161 2273 Matthiae,
1177 2245 1204 2269 ct
1221 2242 1339 2269 Alexan-

327 2288 388 2315 dro.
402 2288 541 2315 canonico
552 2288 692 2315 ecelesiae
710 2298 731 2315 s⁴
750 2289 854 2316 Mariae
869 2290 1085 2317 'treverensium
1107 2292 1224 2317 mandat
1247 2294 1275 2318 ut
1293 2292 1339 2318 ,Ιο-

327 2336 452 2363 hanucm
469 2338 502 2363 de
517 2337 745 2372 Cliampugncio,
756 2338 924 2365 canonicum
939 2340 1153 2371 'l'revercnsc1n‚
1171 2340 1342 2375 consangui-

328 2393 412 2412 neum
437 2386 570 2420 magistri
596 2386 752 2418 Laurentii,
774 2387 877 2414 notarii
891 2388 1051 2422 apostolici,
1071 2389 1215 2416 scolastici
1235 2390 1341 2416 Treve-

327 2433 431 2467 reusis,
467 2434 495 2461 iu
518 2435 730 2469 possessionem
761 2436 880 2464 mittunt
907 2437 1091 2464 canonicatus
1120 2440 1147 2464 et
1164 2438 1341 2473 praebendae

327 2482 465 2510 ecelesiae
481 2492 503 2510 s.
524 2485 661 2516 Castoris,
678 2485 843 2512 vacantium
862 2493 910 2520 per
921 2490 1045 2513 mortem
1062 2487 1228 2514 Theoderici
1245 2488 1278 2515 de
1292 2489 1341 2514 tla-

327 2531 485 2565 cenellene,
499 2536 599 2560 amoto
616 2534 651 2560 ab
666 2533 709 2560 cis
728 2533 911 2567 Theoderico,
927 2535 1003 2563 dicto
1023 2537 1056 2563 de
1078 2536 1198 2568 Colonia,
1220 2537 1247 2564 in
1264 2537 1305 2564 eis
1324 2546 1340 2565 a

328 2581 436 2608 decano
452 2582 480 2608 et
499 2582 627 2616 capitulo
648 2583 777 2618 ejusdem
802 2583 951 2617 ccclesiae,
968 2593 1024 2612 nou
1040 2585 1218 2613 obstantibus
1236 2586 1340 2614 litteris

327 2629 504 2663 apostolicis
522 2633 647 2665 recepto.
668 2631 748 2666 (Rae.
763 2633 807 2663 29,
825 2632 872 2659 sol.
890 2633 952 2665 2411,
977 2639 1005 2660 11ο
1020 2634 1110 2670 1323.)

368 2748 383 2766 (1
400 2737 519 2767 Decano
551 2738 693 2768 Melensis
722 2738 855 2776 ecclesie,
891 2739 944 2776 E„
973 2741 1075 2780 priori
1105 2751 1128 2771 s.
1162 2741 1286 2778 alaisae,
1313 2747 1340 2771 et

329 2789 520 2827 Alexandro,
538 2792 686 2822 canonico
712 2791 832 2822 ecclesie
854 2803 877 2822 s.
898 2793 996 2823 Maria
1019 2793 1254 2826 Trevercnxium.
1283 2796 1340 2826 Di-

329 2843 436 2874 lectus
454 2844 545 2874 tilius
561 2845 789 2875 Jolianiies—.
807 2846 929 2876 Datum
947 2847 1034 2885 apud
1050 2847 1338 2884 Urbeinvetcrem,

329 2904 374 2925 vii
392 2897 552 2927 kalendas
570 2898 774 2935 novembris,
795 2908 880 2929 anno
900 2900 1010 2930 tertio.
1032 2910 1047 2929 ›>

1084 209 1326 241 REGISTRES
1352 210 1565 240 D'URBAIN
1594 210 1652 240 IV.

1491 296 1588 327 2275
1891 295 2016 328 Orvicto,
2032 296 2063 323 11
2081 297 2244 330 septembre
2257 296 2336 324 1263.

1437 380 1548 406 Dec-ano
1562 382 1590 406 et
1606 380 1688 406 Pctro
1702 380 1735 406 de
1748 379 1852 413 Vircio,
1867 380 1977 407 cantori
1991 381 2175 412 Metensibus,
2190 381 2307 408 mandat
2323 383 2351 407 ut
2366 380 2411 408 Jo-

1400 427 1538 459 banncm,
1552 432 1693 455 rectorem
1712 429 1850 456 ccclesiae
1865 429 1899 456 de
1909 429 2027 463 Tombe,
2039 429 2222 456 Treverensis
2233 428 2366 462 diocesis,
2383 429 2412 456 in

1400 476 1524 503 ecclesia
1545 486 1567 504 s.
1585 477 1729 504 Simeonis
1756 478 1938 505 Treverensis
1959 478 1988 504 in
2006 478 2175 506 canonicum
2191 478 2278 513 recipi
2304 478 2412 505 saciant

1400 525 1481 560 eique
1495 527 1528 552 ‹le
1546 527 1707 560 praebenda
1725 527 1903 561 provideant.
1920 527 1998 562 (REG.
2022 527 2130 561 29,s01.
2151 528 2204 555 246
2220 532 2258 557 νο,
2276 531 2308 554 11ο
2321 526 2411 560 1324.)

1441 641 1457 661 ((
1479 630 1600 661 occano
1612 628 1639 660 εἰ
1661 631 1752 661 Petro
1771 631 1806 662 dc
1827 632 1939 666 Vinio,
1958 633 2078 662 cameri
2092 631 2284 662 Metensibus.
2302 632 2411 663 Dilec-

1399 685 1453 715 tus
1472 684 1564 714 silius
1577 685 1748 716 Jobannes
1765 703 1813 714 —.
1827 686 1950 716 Datum
1968 686 2056 724 apud
2071 686 2360 722 Urbemveterem,
2377 695 2413 716 111

1400 737 1476 767 idus
1494 738 1710 777 septembris,
1729 747 1815 769 anno
1833 739 1943 769 tertio.
1963 748 1980 768 »

1490 918 1588 949 227ss
1890 916 2015 949 Orvieto,
2036 917 2063 943 11
2087 917 2237 944 decembre
2258 917 2338 946 1263.

1435 1002 1621 1037 Cyobertum,
1638 1002 1779 1028 decanum
1790 1001 1928 1028 ecclesiae
1945 1001 2120 1034 Rosetensis,
2136 1002 2332 1029 Laudunensis
2350 1002 2412 1030 dio-

1398 1051 1482 1083 cesis,
1508 1051 1637 1078 decernit
1654 1050 1681 1077 in
1703 1050 1825 1077 ecclesia
1841 1050 2056 1085 Aurigniaeensi
2082 1051 2110 1077 in
2131 1051 2302 1078 canonicum
2323 1051 2412 1087 recipi

1399 1100 1513 1131 debere,
1530 1099 1674 1127 sententia
1690 1099 1846 1133 Guillclmi,
1866 1099 1941 1126 tituli
1953 1109 1976 1126 s.
1994 1099 2080 1127 Marci
2095 1099 2268 1135 presbyteri,
2283 1103 2311 1127 et
2326 1100 2411 1127 Octa-

1398 1148 1487 1182 viani,
1502 1157 1525 1175 s.
1545 1149 1649 1176 Mariae
1671 1149 1698 1175 in
1719 1148 1769 1175 Via
1788 1148 1857 1175 Lata
1881 1148 1992 1175 diaconi
2009 1148 2408 1183 cardinalium,contirmata.

1398 1197 1476 1231 (Rae.
1491 1199 1536 1232 29,
1558 1197 1605 1225 sol.
1625 1198 1677 1225 240
1691 1203 1729 1229 νο,
1746 1202 1777 1224 1]ο
1795 1198 1888 1232 1325.)

1439 1314 1453 1333 «
1467 1303 1629 1344 Cyoberto,
1642 1303 1757 1333 decano
1769 1303 1890 1333 ecclesie
1898 1303 2080 1341 Rosecensis‚
2096 1304 2304 1334 Laudunensis
2312 1303 2410 1334 dioce-

1397 1358 1448 1387 sis.
1466 1358 1513 1388 Ea
1530 1357 1734 1396 qaejudicio
1746 1359 1806 1387 etc.
1823 1357 1860 1387 111
1880 1360 1996 1387 nostra
2014 1358 2184 1396 siquidem
2199 1357 2411 1397 proposuisti

1398 1411 1570 1449 presentia
1581 1410 1785 1440 constitutus
1797 1410 1898 1449 quod,
1914 1419 1989 1440 cum
2003 1411 2083 1441 olim
2102 1419 2203 1450 super
2220 1411 2410 1450 receptione

1397 1466 1455 1494 tua
1472 1466 1504 1494 et
1522 1464 1716 1502 provisione
1738 1463 1799 1493 tibi
1830 1464 1983 1494 facienda
1998 1464 2038 1494 de
2063 1463 2233 1503 prebenda
2258 1464 2291 1493 in
2309 1464 2411 1495 eccle-

1397 1518 1448 1547 sia
1465 1517 1738 1556 Ani-igniacensi,
1753 1517 1991 1548 Laudunensis
2002 1517 2161 1551 diocesis,
2180 1516 2290 1547 felicis
2302 1526 2411 1548 recor·

1398 1571 1546 1601 dationis
1559 1571 1745 1601 Alexandri
1758 1579 1854 1610 pape,
1875 1571 2127 1609 predecessoris
2143 1571 2264 1608 nostri,
2283 1571 2325 1601 ad
2343 1570 2412 1602 the—

1398 1625 1588 1655 saurarium
1612 1625 1753 1655 ecclesie
1779 1625 1978 1655 Leodiensis
2004 1625 2215 1655 executorias
2241 1624 2304 1655 sub
2321 1627 2412 1655 certa

1398 1679 1505 1708 forma
1529 1679 1660 1709 litteras
1680 1678 1935 1716 impetrasses,.
1955 1701 1961 1706 .
1983 1677 2156 1708 abbatissa
2179 1678 2331 1717 ejusdem
2363 1682 2426 1709 ecs

1397 1732 1499 1762 clesIe
1519 1731 1806 1770 Auriguiacensis,
1826 1739 1861 1761 se
1887 1731 2075 1770 provisioni
2099 1731 2293 1770 hujusmodi
2311 1740 2413 1770 oppo-

1398 1787 1509 1819 nente,
1526 1785 1673 1820 denium,
1692 1786 1870 1823 postquam
1887 1794 1999 1815 coram
2016 1785 2150 1815 dilectis
2167 1785 2248 1815 tiliis
2264 1784 2412 1816 Goberto

1398 1839 1567 1877 Soyberti,
1587 1838 1746 1868 canonico
1771 1838 2002 1874 Laudunensi,
2021 1839 2052 1868 et
2076 1839 2221 1873 Assone,
2237 1837 2412 1877 capellano

1398 1892 1575 1922 karissimi
1597 1893 1628 1921 in
1647 1891 1782 1922 Clu-isto
1800 1891 1859 1921 tilii
1880 1892 2007 1922 nostri.
2026 1915 2032 1920 .
2051 1892 2140 1930 regis
2156 1891 2298 1922 Francie
2317 1891 2412 1922 illus-

1399 1947 1476 1980 tris,
1493 1945 1617 1984 quibus
1627 1945 1737 1974 dictus
1749 1944 1993 1981 thesaurarius,
2009 1946 2108 1984 prout
2126 1953 2167 1974 ex
2182 1945 2411 1983 predictarum

1398 1999 1589 2028 litterarum
1607 1997 1766 2027 beneficio
1784 1999 1925 2036 poterat,
1938 1997 2153 2027 commiserat
2167 1997 2200 2026 in
2215 1997 2411 2035 hujusmodi

1398 2051 1532 2090 negotio
1561 2051 1709 2080 totaliter
1734 2051 1823 2080 vices
1855 2059 1946 2085 suas,
1970 2059 2072 2088 super
2095 2050 2155 2080 hoc
2183 2050 2268 2080 inter
2298 2053 2412 2089 partes

1398 2104 1653 2134 extititdiutius
1666 2104 1849 2142 litigatum,
1861 2106 1907 2139 tu,
1927 2112 1988 2142 pro
2005 2106 2047 2138 te,
2061 2112 2096 2133 ac
2111 2106 2308 2142 procurator
2324 2103 2412 2134 dicte

1399 2157 1584 2192 abbatisse,
1611 2166 1669 2195 pro
1698 2166 1736 2186 ea
1752 2166 1769 2186 a
1787 2166 1853 2195 qua
1872 2157 2046 2186 sussiciens
2065 2157 2106 2186 ad
2131 2157 2192 2187 boc
2215 2157 2411 2187 mandatum

1398 2210 1553 2246 habebat,
1569 2211 1600 2240 in
1618 2210 1795 2248 gallicanis
1808 2209 1962 2248 partibus
1972 2210 2208 2246 consistentes,
2223 2211 2255 2239 iu
2271 2210 2412 2240 dilectos

1400 2263 1488 2293 tilios
1516 2266 1650 2293 nostros
1667 2263 1896 2298 XVillelmum,
1924 2263 2015 2292 tituli
2033 2263 2141 2292 sancti
2159 2263 2263 2293 Marci
2284 2262 2413 2301 presbi-

1398 2319 1519 2350 terum,
1538 2318 1568 2346 ct
1588 2318 1638 2352 0.,
1654 2318 1768 2346 sancte
1786 2316 1891 2346 Marie
1912 2316 1942 2346 in
1956 2316 2019 2346 Via
2036 2316 2102 2346 lata
2115 2316 2412 2346 diaconumcardi-

1399 2370 1506 2404 nales,
1523 2369 1586 2399 sub
1614 2372 1704 2399 certa
1731 2378 1817 2408 pena
1834 2369 2108 2407 compromittere
2125 2369 2319 2402 curavistis,
2337 2377 2412 2408 pro-

1399 2423 1573 2453 mittentes
1593 2432 1650 2452 vos
1670 2422 1911 2452 inviolabiliter
1929 2422 2108 2453 observare
2124 2422 2285 2462 quicquid
2308 2422 2411 2452 iidem

1400 2476 1590 2506 cardinales
1609 2477 1814 2514 superdicto
1838 2477 1983 2515 negotio,
2001 2476 2186 2506 secundum
2203 2477 2278 2506 acta
2295 2483 2412 2506 coram

1399 2529 1659 2569 quibuscunque
1680 2530 1712 2559 in
1739 2530 1812 2568 ipso
1834 2529 1958 2565 habita,
1979 2531 2163 2559 statuerent
2182 2531 2213 2559 et
2231 2529 2333 2559 etiam
2359 2537 2411 2559 or-

1398 2583 1564 2616 dinarent,
1605 2582 1768 2613 contectis
1800 2591 1901 2621 super
1940 2582 2133 2621 hujusmodi
2165 2581 2412 2621 compromisso

1398 2636 1534 2667 litteris,
1555 2636 1668 2674 sigillo
1684 2636 1920 2666 Laudunensis
1941 2635 2032 2665 curie
2049 2635 2220 2674 sigillatis.
2238 2635 2286 2666 Te
2308 2634 2413 2674 igitur

1398 2691 1430 2720 et
1448 2689 1566 2728 ligidio
1584 2690 1623 2720 de
1642 2689 1829 2725 AMresche,
1847 2691 2063 2728 procuratore
2079 2688 2207 2727 prefate
2224 2687 2410 2722 abbatisse,

1398 2745 1534 2781 propter
1560 2743 1618 2772 boc
1640 2742 1864 2781 personaliter
1883 2742 1924 2772 ad
1954 2741 2067 2772 sedem
2087 2741 2307 2780 apostolicam
2323 2749 2410 2772 acce-

1398 2795 1567 2832 dentibus,
1588 2805 1648 2825 nos
1666 2796 1754 2826 dicto
1773 2795 1810 2825 O.
1828 2795 2004 2829 cardinali,
2023 2795 2080 2834 qui
2103 2803 2120 2825 a
2139 2794 2218 2825 sede
2240 2803 2275 2825 se
2294 2794 2412 2825 absen-

1399 2851 1481 2879 tarat
1500 2849 1629 2885 eadem,
1647 2849 1807 2879 dilectum
1823 2848 1931 2878 tilium
1949 2850 2103 2878 nostrum
2130 2848 2182 2883 tt,
2200 2848 2308 2878 sancti
2329 2848 2408 2878 Eus-

1399 2902 1498 2932 tachii
1519 2903 1696 2932 diaconum
1712 2902 1928 2937 camlinalein,
1945 2901 1984 2931 de
2002 2903 2059 2931 tuo
2076 2903 2106 2931 et
2124 2901 2232 2940 ipsius
2250 2909 2410 2939 procura-
