2519 3262
1042 292 1282 331 TROISIEME
1302 294 1466 330 ANNEE.
2253 309 2292 337 53

207 387 270 417 bus
289 387 488 423 auditorem,
508 387 591 417 dans
603 386 700 416 nobis
713 385 900 424 plenariam
916 386 1114 424 potestatem
1132 383 1219 413 ordi-

207 441 320 474 nandi,
339 441 541 476 distiniendi,
556 439 726 470 statuendi
741 441 773 469 et
792 438 990 477 providendi
1010 437 1061 466 illi
1076 437 1128 466 cui
1151 444 1220 474 pre-

207 494 330 524 dictam
355 493 560 532 prebendam
579 492 837 532 abjudicandam
858 491 1068 520 duxerimus.
1096 490 1135 519 de
1155 490 1221 519 alia
1250 527 1251 531 Ἰ

205 547 375 585 111“6116·1(1;1
390 547 418 576 si
437 556 502 585 qua
519 549 610 576 vacat
629 545 754 575 ibidem
769 544 809 573 ad
823 552 962 582 presens
981 543 1032 572 vel
1051 543 1220 581 quamcito
1250 583 1251 587 Ἰ

209 600 250 629 ad
264 600 297 629 id
311 599 470 630 obtulerit
487 608 522 629 se
546 598 700 632 facultas,
718 606 754 627 ac
775 597 840 626 alia
856 597 943 626 circa
959 596 1023 625 ista
1042 595 1219 625 ordinandi
1250 596 1251 599 ’

208 655 239 682 61
257 653 413 688 faciendi,
434 654 531 691 prout
554 652 651 690 juxta
671 650 924 680 commissionis
942 649 1039 679 nobis
1058 649 1142 678 facte
1158 648 1220 677 for-

208 714 309 741 mam,
328 705 426 735 nobis
451 705 561 734 visum
588 703 689 734 fuerit
708 703 879 741 expedire.
897 702 969 737 Quo
996 702 1153 731 mandato
1172 710 1219 730 re-

206 812 342 850 Georgii
358 810 561 846 Aniciensis,
582 809 705 848 prefati
720 809 893 847 Stephani,
914 818 951 838 ac
966 809 1126 847 magister
1143 809 1220 838 Ber-

206 864 331 894 nardus
348 863 550 898 Constantii,
571 863 699 893 domini
718 871 802 900 pape
821 862 1060 896 subdiaconus,
1077 861 1219 900 predicti

206 917 360 956 Hugonis
387 919 634 955 procuratores,
651 915 814 946 habentes
843 915 1046 944 sufficientia
1063 915 1221 944 mandata

205 969 246 999 ab
261 969 389 1000 eisdem
410 970 451 999 ad
463 969 816 1007 compromittendum,
832 968 1112 1006 componendum,
1131 969 1219 996 tran-

206 1023 395 1062 sigendum,
415 1023 592 1062 agendum,
620 1021 881 1055 defendendum,
910 1021 1092 1059 jurandum
1109 1020 1147 1050 de
1171 1029 1220 1050 ca-

206 1076 360 1114 lumpnia
377 1079 407 1106 et
435 1076 474 1106 de
503 1075 644 1105 veritate
663 1075 803 1105 dicenda
819 1077 850 1105 et
865 1074 1084 1112 prestandum
1101 1074 1132 1103 in
1150 1074 1219 1103 ani-

206 1137 279 1159 mas
298 1138 413 1159 eorum
429 1128 610 1168 cujuslibet
639 1128 781 1158 alterius
804 1128 938 1166 generis
956 1128 1217 1162 sacramentum,

204 1184 303 1221 prout
324 1182 358 1212 in
385 1191 501 1212 eorum
526 1181 696 1211 mandatis
719 1181 855 1220 plenius
881 1181 1082 1215 continetur,
1106 1188 1218 1209 coram

204 1235 303 1265 nobis
320 1236 353 1265 in
376 1235 504 1274 judicio
528 1235 715 1270 constituti,
734 1235 767 1263 in
795 1243 856 1264 nos
879 1236 1050 1272 tamquam
1074 1233 1106 1263 in
1133 1232 1220 1263 arbi-

203 1290 306 1325 trum,
325 1288 574 1324 arbitratorem,
590 1287 803 1318 amicabilem
818 1287 1090 1326 compositorem,
1108 1287 1220 1316 lauda-

170 1368 171 1371 ,
204 1343 313 1372 torem
332 1344 363 1372 et
381 1342 608 1371 ‹2›rdinatorem
625 1341 730 1371 libere
747 1342 778 1371 et
797 1340 959 1375 absolute,
979 1340 1044 1370 alte.
1063 1342 1093 1370 et
1105 1339 1217 1376 basse,

204 1404 306 1434 super
328 1395 491 1433 predictis
519 1393 676 1425 omnibus
705 1396 737 1424 et
765 1393 911 1433 singulis
943 1393 1219 1432 compromittere

204 1450 417 1483 curaverunt,
446 1450 575 1478 retenta
599 1447 697 1478 nobis
714 1447 955 1477 nichilominus
968 1446 1149 1485 judiciaria
1165 1455 1220 1485 po-

204 1504 336 1537 testate,
348 1502 598 1540 promittentes,
611 1501 684 1531 suis
698 1503 728 1531 et
746 1501 884 1530 illorum
902 1508 1044 1539 quorum
1063 1509 1221 1538 procura-

204 1557 295 1585 tores
309 1556 471 1590 existunt,
484 1554 678 1585 nominibus
689 1553 941 1593 procuratoriis,
953 1562 1012 1592 per
1029 1553 1220 1591 stipulatio-

205 1617 283 1638 nem
321 1608 544 1646 sollempnem
585 1607 724 1646 suisque
762 1607 967 1645 juramentis
999 1606 1219 1644 corporaliter

204 1662 357 1700 prestitis
370 1661 459 1700 quod
475 1661 540 1699 ipsi
557 1662 587 1690 et
604 1660 747 1699 predicti
764 1659 955 1698 Stephanus
966 1661 997 1689 et
1014 1660 1122 1698 Hugo,
1140 1668 1219 1697 11110-

205 1724 280 1745 1·11111
298 1716 376 1745 sunt
391 1716 641 1753 procurator-ee,
660 1713 797 1743 stabunt
815 1713 915 1748 dicto,
934 1713 1045 1742 laudo.
1065 1712 1216 1749 arbitrio,

204 1768 409 1798 ordinationi
438 1769 470 1797 et
489 1767 689 1797 diffinitioni
710 1766 838 1796 nostris
862 1768 893 1796 et
910 1774 947 1796 ea
964 1766 1106 1795 firmiter
1122 1768 1152 1795 et
1171 1766 1219 1795 in-

204 1821 410 1851 violabiliter
438 1820 677 1857 observabunt,
694 1819 756 1850 sub
774 1828 860 1858 pena
878 1820 1011 1849 centum
1030 1828 1218 1849 marcarum

203 1874 344 1913 argenti,
377 1882 477 1913 quam
507 1882 629 1912 penam
657 1881 737 1911 pars
766 1881 832 1902 non
866 1871 1051 1902 observans
1069 1872 1220 1910 predicta

202 1928 290 1966 parti
310 1927 407 1957 alteri
431 1926 625 1957 observanti
648 1927 678 1956 et
696 1925 878 1956 observare
898 1925 1025 1954 volenti
1047 1925 1153 1955 solvet
1170 1925 1218 1954 in-

203 1982 296 2020 tegre
331 1982 363 2010 et
388 1979 571 2018 persolvat,
601 1988 667 2018 qua
694 1980 805 2009 autem
830 1986 915 2017 pena
941 1978 1051 2008 soluta
1069 1978 1121 2008 vel
1140 1987 1217 2012 11011,

201 2034 443 2064 nichilominus
468 2033 593 2063 dictum
617 2032 770 2068 laudum,
787 2031 965 2061 arbitrium
986 2033 1112 2067 nostra,
1135 2032 1220 2062 ordi·

202 2087 294 2117 natio
312 2088 343 2117 et
360 2086 520 2116 diffinitio
540 2088 654 2116 nostre
674 2085 707 2115 in
725 2094 786 2115 suo
810 2084 928 2115 robore
949 2087 1169 2123 permaneant
1187 2086 1219 2115 et

203 2142 360 2171 existant.
382 2140 571 2170 Voluerunt
588 2139 689 2169 etiam
713 2140 745 2169 et
761 2139 1005 2169 consenserunt
1029 2141 1221 2177 procurato-

202 2202 256 2224 res
274 2193 417 2232 predicti
431 2192 520 2231 quod
535 2200 607 2226 nos,
619 2192 658 2222 de
676 2191 776 2230 plano
791 2193 821 2222 et
837 2191 1041 2230 sinejudicii
1060 2192 1217 2230 strepitu,

201 2247 241 2277 de
258 2255 370 2280 causa,
384 2246 562 2285 questione
582 2247 613 2275 et
633 2244 791 2275 omnibus
806 2244 1079 2284 contingentibus
1099 2246 1129 2274 et
1148 2246 1219 2275 tan-

201 2299 359 2340 gentibus
378 2308 514 2329 causam
530 2299 639 2336 ipsam
656 2306 856 2337 cognoscere
870 2297 1064 2328 debeamus
1076 2299 1146 2328 Nos
1164 2307 1220 2328 au-

199 2355 279 2388 tern,
309 2354 442 2391 recepto
469 2351 664 2391 hujusmodi
691 2351 950 2389 compromisso,
974 2360 992 2381 a
1011 2351 1141 2389 prefato
1165 2352 1219 2382 Jo-

198 2407 319 2442 hanne,
352 2407 569 2444 procuratore
601 2404 827 2443 prenominati
862 2404 1034 2443 Stephani,
1057 2405 1218 2444 magistro

201 2459 373 2490 Bernardo
400 2459 617 2497 procuratore
634 2457 792 2496 prelibati
811 2457 966 2496 Hugonis
989 2460 1158 2496 presente,
1180 2458 1216 2488 li-

201 2512 330 2543 bellum
348 2512 550 2550 recepimus,
569 2512 664 2549 cujus
681 2512 778 2541 tenor
794 2511 874 2541 talis
891 2512 942 2541 est
964 2522 969 2540 2

243 2579 255 2591 α
281 2565 402 2596 Coram
416 2564 526 2600 vobis,
540 2564 723 2595 reverendo
747 2564 1000 2603 patre,domino
1019 2564 1214 2601 Guillelmo,

202 2628 218 2648 ))
241 2617 460 2648 miseratione
488 2617 603 2647 divina
631 2617 723 2647 tituli
754 2617 860 2648 sancti
889 2617 993 2648 Marci
1017 2617 1216 2657 presbytero

203 2682 218 2702 ))
240 2671 417 2706 cardinali,
435 2670 590 2710 partibus
615 2679 633 2700 a
649 2670 786 2700 domino
804 2679 891 2710 papa
916 2671 1070 2702 auditore
1091 2672 1217 2710 specia-

200 2734 218 2755 »
236 2725 314 2756 liter
328 2725 499 2764 deputato,
513 2724 595 2754 dicit
609 2725 641 2753 et
656 2724 813 2762 proponit
829 2724 1000 2755 Johannes
1018 2725 1058 2755 de
1072 2724 1217 2756 Conbla-

200 2787 217 2812 ›)
237 2778 344 2814 dorio,
369 2776 553 2807 eanonicus
578 2776 685 2806 sancti
710 2776 847 2815 Georgii
865 2777 1070 2814 Aniciensis,
1098 2786 1216 2816 procu-

201 2840 218 2861 »
240 2831 366 2862 ratorio
401 2830 536 2860 nornine
573 2829 732 2868 Stephani
773 2829 813 2859 de
851 2830 1214 2870 Maisnillo-Symonis,

201 2894 218 2915 ))
238 2884 391 2915 canonici
422 2882 629 2916 Aniciensis,
647 2884 763 2912 contra
782 2882 959 2922 Hugonem
979 2884 1018 2914 de
1045 2884 1214 2918 Brixiaco.

202 2947 219 2968 »
237 2937 501 2969 concanonicum
527 2944 639 2970 suum,
658 2935 711 2965 vel
737 2935 809 2974 ejus
837 2939 1089 2974 procuratorem
1106 2938 1214 2976 legiti-
1246 2974 1247 2979 ¹

201 3000 219 3021 »
237 3000 331 3022 mum
347 2990 447 3030 quod,
468 2990 545 3020 licet
563 2989 603 3019 de
621 2988 792 3027 prebenda
803 2997 903 3027 quan]
913 2989 1072 3020 dominus
1089 2990 1213 3021 Mauri-
1245 2981 1247 2994 '

1284 393 1299 411 »
1321 384 1398 419 tius,
1418 385 1612 423 prepositus
1625 386 1830 421 Aniciensis,
1847 387 1878 416 111
1894 388 2066 418 Aniciensi
2081 390 2223 419 ecclesia
2238 390 2291 419 ob-

1284 446 1299 464 »
1318 437 1417 467 tinuit
1441 440 1469 467 ct
1492 447 1555 476 que
1575 447 1633 477 per
1650 439 1758 477 ipsius
1774 441 2016 477 promotionem
2031 442 2062 471 in
2081 443 2287 480 prepositum

1284 499 1299 517 »
1321 491 1446 519 vacavit
1470 490 1604 527 ibidem,
1626 491 1733 521 libera
1753 495 1782 522 et
1807 497 1955 529 vacante,
1981 496 2178 524 auctoritatae¹
2198 505 2292 533 apos-

1283 552 1299 571 »
1318 543 1417 573 tolica
1431 544 1589 574 canonice
1606 545 1647 574 sit
1664 546 1837 583 provisum
1852 547 1933 576 etde
1947 556 1983 576 ea
1999 547 2095 577 t'uerit
2112 548 2290 578 investitus

1283 605 1298 624 ))
1318 598 1348 626 61
1373 597 1405 626 111
1428 597 1500 635 ejus
1519 598 1726 635 corporalem
1753 600 2004 636 possessionem
2025 600 2192 633 inductus,
2221 611 2291 639 prc-

1283 658 1298 676 »
1317 649 1427 679 dictus
1458 652 1567 679 tamen
1598 650 1707 688 Hugo,
1728 654 1862 689 111011161-
1886 652 2070 690 potentiam
2092 662 2198 682 suam.
2221 662 2293 691 pre-

1250 703 1251 710 *
1283 711 1298 729 »
1319 702 1441 732 dictam
1466 702 1669 741 prebendam
1692 705 1865 742 occupavit
1889 708 1919 734 et
1943 705 2067 735 detinet
2096 709 2290 744 (1(·ι’111ι;11;1111

207 761 315 797 cepto,
345 758 516 788 Johannes
555 757 594 787 de
630 756 878 791 Combladario,
898 755 1079 785 canonicus
1112 754 1219 784 sancti
1249 761 1251 791 ᾗ

1283 765 1298 783 »
1317 755 1349 785 in
1366 755 1475 794 ipsius
1491 756 1650 795 Stephani
1670 757 1893 795 prejudicium
1920 760 1949 787 et
1971 767 2163 797 grz‘irauien.
2182 764 2291 794 Quare

1283 818 1298 837 »
1317 809 1743 848 1161111161·1·03,1·6ν61·611116
1757 813 1861 849 pater,
1873 812 2291 842 sententialiterdeclarari

1282 870 1298 890 »
1317 862 1440 892 dictam
1456 862 1660 900 prebendam
1675 864 1714 892 ad
1732 864 1875 894 eundem
1891 865 2096 903 Stephanum
2111 867 2288 903 pertinere,

1283 924 1298 942 »
1317 917 1346 944 et
1363 923 1436 944 eam
1455 915 1520 945 sibi
1537 915 1736 954 adjudicari,
1758 926 1833 946 cum
1854 917 2019 947 fructibus
2039 918 2114 947 111116
2125 919 2291 956 perceptis

1282 976 1298 996 »
1317 967 1369 997 vel
1393 968 1449 1006 qui
1467 968 1594 1007 percipi
1612 970 1804 1007 potuerunt,
1825 972 1855 999 et
1880 970 1968 1000 dicto
1987 971 2119 1008 Hugoni
2141 971 2190 1000 vel
2219 972 2291 1009 ejus

1282 1029 1298 1048 »
1315 1021 1537 1058 procuratori,
1557 1021 1628 1060 ejus
1640 1022 1786 1057 nomine,
1807 1031 1907 1061 super
1924 1026 2167 1061 611116111611111111
2187 1025 2291 1053 silen-

1281 1074 1401 1103 »tium
1429 1074 1568 1113 imponi,
1582 1083 1657 1104 cum
1680 1075 1812 1104 nullum
1827 1076 1883 1114 jus
1902 1075 2020 1106 habeat
2048 1077 2081 1105 in
2105 1077 2234 1109 eadem.
2259 1080 2291 1107 et

1281 1136 1298 1155 »
1316 1127 1375 1157 hec
1391 1128 1475 1165 petit
1492 1127 1585 1157 salvo
1601 1128 1676 1166 jure
1694 1130 1754 1158 etc.
1775 1141 1789 1156 »

1321 1190 1335 1208 «
1354 1181 1427 1210 Lite
1446 1181 1548 1219 igitur
1567 1189 1667 1219 super
1684 1181 1771 1211 dicto
1788 1181 1904 1211 libello
1923 1182 2072 1220 legitime
2091 1186 2288 1219 ccmtestata,

1276 1233 1454 1272 juratoque
1471 1235 1510 1264 de
1529 1235 1669 1264 veritate
1688 1235 1839 1270 dicenda,
1854 1235 1951 1265 factis
1966 1236 2040 1265 hinc
2058 1236 2132 1266 inde
2153 1237 2291 1275 positio-

1281 1286 1381 1317 nibus
1407 1290 1439 1317 et
1465 1287 1745 1326 responsionibus
1774 1288 1978 1324 subsecutis,
2007 1289 2195 1319 rationibus
2218 1300 2292 1329 par-

1280 1341 1365 1371 tium
1394 1341 1492 1379 plene
1517 1341 1695 1377 discussis,
1726 1341 1805 1380 quia
1832 1344 1961 1372 constat
1989 1342 2087 1373 nobis
2115 1352 2156 1373 ex
2185 1344 2293 1374 confe-

1281 1394 1380 1424 xione
1396 1394 1519 1433 prefati
1536 1395 1925 1434 procuratorisjamdicti
1939 1395 2096 1434 Stephani
2111 1405 2222 1426 coram
2236 1406 2291 1427 110-

1280 1447 1333 1477 bis
1352 1447 1530 1486 injudicio
1546 1438 1642 1485 facta,
1659 1448 1782 1478 dictam
1800 1448 2003 1486 prebendam
2021 1449 2129 1479 eidem
2143 1450 2289 1488 Hugoni,

1277 1501 1375 1539 juxta
1401 1509 1460 1531 sue
1481 1501 1684 1540 receptionis
1704 1501 1868 1538 ordinem,
1890 1502 1959 1531 fore
1976 1502 2135 1539 debitam,
2150 1506 2179 1533 et
2197 1504 2237 1533 de
2254 1512 2292 1533 ea

1281 1554 1346 1584 sibi
1375 1563 1434 1593 per
1465 1557 1677 1584 executorem
1701 1564 1718 1584 a
1753 1555 1830 1585 sede
1862 1556 2047 1593 apostolica
2079 1557 2289 1595 deputatum,

1281 1607 1387 1637 fuisse
1420 1607 1604 1645 provisum,
1643 1610 1673 1637 et
1706 1608 1817 1646 ipsum
1855 1608 1888 1637 in
1923 1608 2032 1647 ipsius
2073 1610 2290 1647 possessione

1280 1669 1354 1690 esse
1381 1662 1411 1690 et
1432 1669 1491 1699 per
1512 1661 1638 1690 multos
1662 1669 1767 1690 annos
1787 1661 1889 1691 etiam
1908 1662 2075 1695 extitisse,
2093 1663 2290 1692 auctoritate

1280 1715 1310 1743 et
1322 1713 1479 1743 mandato
1491 1714 1652 1752 predictis
1662 1713 1759 1743 nobis
1772 1723 1790 1743 a
1802 1714 1938 1744 domino
1951 1716 2066 1744 nostro
2078 1723 2163 1754 papa
2181 1715 2290 1750 sactis,

1280 1767 1544 1803 sententiamus,
1576 1767 1790 1802 ordinamus,
1826 1767 2013 1797 diffinimus
2048 1770 2079 1798 et
2109 1769 2290 1798 statuimus

1280 1820 1369 1858 quod
1397 1820 1486 1849 dicta
1512 1820 1682 1858 prebenda
1710 1820 1750 1850 de
1781 1829 1846 1859 qua
1868 1821 1989 1859 agitur,
2002 1830 2076 1850 cum
2098 1821 2233 1859 juribus
2259 1823 2291 1852 et

1280 1873 1498 1911 pertinentiis
1517 1873 1600 1909 suis,
1621 1873 1729 1903 eidem
1747 1874 1881 1912 Hngoni
1899 1875 1956 1912 (1111
1982 1874 2014 1903 111
2032 1875 2141 1913 ipsius
2160 1884 2292 1912 posses-

1281 1926 1376 1955 sione
1403 1925 1532 1956 diutius
1552 1926 1665 1956 extitit
1689 1929 1720 1955 et
1742 1927 1871 1962 existit,
1889 1929 2059 1956 remaneat
2079 1927 2177 1965 pleno
2201 1927 2290 1965 jure,

1281 1979 1394 2017 ipsum
1416 1979 1593 2018 Hugonem
1611 1981 1642 2009 et
1665 1979 1831 2017 prefatum
1848 1981 2100 2018 procuratorem
2119 1980 2203 2019 ejus,
2230 1989 2291 2010 suo

1281 2032 1428 2067 nomine,
1449 2031 1489 2061 ab
1507 2031 1717 2070 impetitione
1737 2032 1816 2062 dicti
1833 2032 1991 2071 Stephani
2009 2035 2039 2062 et
2051 2033 2122 2071 ejus
2137 2042 2292 2071 procura-

1281 2086 1365 2116 toris
1393 2085 1641 2115 sententialiter
1670 2084 1898 2121 absolreutes,
1928 2086 2036 2116 eidem
2067 2086 2234 2125 Stephano
2262 2089 2292 2117 et

1281 2139 1491 2178 procuratori
1509 2147 1582 2175 suo,
1603 2138 1676 2176 ejus
1705 2139 1850 2175 nomine,
1870 2148 1970 2178 super
1989 2140 2103 2169 eadem
2123 2140 2293 2178 prebenda

1281 2194 1311 2223 et
1331 2192 1403 2231 ejus
1427 2191 1644 2230 pertinentiis
1660 2194 1861 2230 perpetuum
1880 2192 2054 2222 silentium
2076 2193 2290 2231 imponendo.

1280 2245 1448 2281 Ceterum,
1467 2245 1547 2283 quia
1577 2245 1688 2274 dictus
1717 2245 1918 2284 Stephanus.
1937 2254 2012 2275 cum
2042 2246 2085 2275 sit
2112 2247 2292 2276 canonicus

1281 2299 1473 2338 supradicte
1490 2298 1685 2328 Aniciensis
1714 2298 1867 2334 ecclesie,
1887 2307 1999 2328 carere
2030 2299 2199 2337 prebenda
2227 2308 2293 2329 11011

1280 2352 1398 2383 debeat
1418 2354 1450 2382 et
1471 2352 1504 2381 in
1522 2352 1772 2390 presentatione
1794 2354 1825 2382 et
1843 2352 2034 2390 receptione
2053 2353 2085 2382 in
2103 2353 2218 2382 eadem
2241 2361 2293 2383 ec.-

1280 2406 1385 2437 clesia
1407 2406 1625 2444 expectantes
1649 2404 1837 2443 prebendas
1855 2407 2031 2434 vacaturas
2049 2405 2226 2443 precedere
2245 2406 2294 2435 di·

1281 2461 1385 2494 catur,
1413 2458 1611 2488 auctoritate
1638 2459 1669 2488 et
1695 2458 1851 2488 mandato
1877 2458 2050 2496 predictis,
2066 2458 2104 2488 de
2122 2458 2291 2497 prebenda

1280 2512 1308 2542 si
1328 2520 1395 2550 qua
1421 2512 1514 2541 vacat
1541 2511 1574 2540 in
1601 2511 1717 2541 eadem
1741 2511 1884 2541 ecclesia
1904 2511 1946 2540 ad
1962 2519 2114 2549 presens,
2132 2519 2196 2541 non
2217 2511 2291 2541 obs-

1278 2566 1370 2595 tante
1401 2564 1543 2604 quod—
1561 2564 1791 2603 providemus,
1822 2566 1853 2594 et
1882 2564 2071 2602 predictum
2099 2566 2291 2602 procurato-

1278 2627 1349 2648 rem
1360 2626 1459 2648 suum
1471 2617 1544 2656 ejus
1559 2617 1695 2647 nomine
1712 2626 1771 2656 per
1789 2619 1943 2647 nostrum
1959 2617 2098 2647 anulum
2114 2617 2153 2646 de
2172 2617 2290 2647 eadem

1278 2671 1494 2707 investimus,
1505 2671 1540 2701 in
1556 2671 1822 2701 contradictores
1831 2689 1878 2700 —.
1893 2671 2067 2709 Alioquin,
2084 2670 2290 2709 prebendam

1277 2727 1432 2764 proximo
1457 2724 1542 2754 inibi
1566 2726 1772 2760 vacaturam,
1799 2724 1973 2763 donationi
2000 2724 2092 2754 sedis
2106 2723 2290 2762 apostolice

1278 2778 1386 2809 eidem
1405 2777 1573 2816 Stephano
1593 2786 1653 2816 per
1675 2779 1890 2807 executorem
1917 2776 1982 2807 sibi
2001 2785 2019 2806 a
2036 2777 2186 2815 predicta
2209 2776 2289 2806 sede

1278 2831 1475 2870 deputatum
1495 2839 1554 2861 seu
1571 2831 1801 2869 deputandum
1823 2829 2069 2863 conferendam,
2090 2829 2288 2859 auctoritate

1278 2884 1463 2924 apostolica
1473 2883 1571 2914 nobis
1584 2892 1686 2922 super
1700 2883 1760 2914 hoc
1774 2883 1969 2918 commissa,
1983 2882 2174 2921 specialiter
2185 2890 2288 2911 reser-

1277 2947 1408 2972 vamus,
1425 2946 1491 2968 non
1508 2937 1662 2967 obstante
1675 2937 1703 2967 si
1720 2955 1768 2965 —.
1788 2937 1853 2966 Pro
1867 2936 1953 2966 bono
1968 2937 2079 2966 autem
2097 2935 2201 2973 pacis,
2219 2937 2284 2964 sta-

1275 2991 1404 3022 tuimus
1420 2992 1453 3021 et
1462 2990 1660 3021 ordinamus
1676 2991 1711 3020 ut
1729 2989 1839 3019 dictus
1851 2988 2051 3027 Stephanus,
2062 2996 2136 3017 cum
2146 2995 2286 3026 presens
