2519 3262
1047 181 1290 220 TROISIEME
1322 180 1486 218 ANNEE.

259 272 345 302 Sane
360 280 431 302 VOS.
449 271 644 302 dubitantes
660 281 700 302 ne
718 280 776 311 per
789 272 980 311 hujusmodi
1000 272 1131 302 litteras
1156 280 1234 301 nos·
1261 293 1263 296 -

218 327 286 356 tras
296 325 405 355 eidem
418 325 562 355 Johanni
580 334 768 359 concessas,
781 325 972 363 hujusmodi
990 325 1097 363 gratia
1111 348 1118 360 ,
1137 324 1233 354 vobis

218 380 248 409 et
269 378 410 409 ecclesie
431 378 558 417 prefate
586 378 671 409 facta
693 387 752 417 per
770 379 1047 417 predecessorem
1073 378 1231 412 eundem,

218 432 327 462 valeat
346 431 515 475 impediri,
539 431 636 462 nobis
654 431 828 462 humiliter
843 430 1062 469 supplicastis
1081 432 1126 465 ut,
1155 438 1233 459 cum
1261 461 1262 465 ,

218 485 252 515 in
279 485 407 515 eisdem
431 485 556 515 litteris
579 485 721 523 predicti
743 484 910 514 Johannis
937 484 977 513 de
1001 483 1132 521 prefata
1159 490 1233 512 con-

218 538 370 569 cessione
394 537 480 568 facta
503 537 599 568 vobis
624 547 682 576 per
702 537 874 567 dominum
913 536 1102 575 predictum
1130 543 1234 573 super

218 590 409 629 receptione
430 590 623 629 hujusmodi
643 591 785 629 quatuor
805 589 1058 622 canonicorum,
1090 590 1119 618 et
1139 587 1232 626 quod

218 652 277 673 vos
293 644 386 682 ipsos
398 644 475 674 aliis
487 643 637 682 preferre
657 643 796 681 possitis
812 643 845 672 in
865 641 1138 672 assecutionibus
1159 649 1232 678 pre-

217 696 414 732 bendarum,
433 698 464 727 et
480 697 520 726 de
533 697 666 726 decreto
679 696 713 726 in
732 696 950 735 concessione
967 695 1042 733 ipsa
1057 695 1231 730 contento,

218 750 311 780 nulla
329 750 462 788 penitus
478 749 603 780 mentio
619 749 792 786 habeatur,
807 750 944 787 propter
963 748 1052 787 quod
1071 747 1233 777 asseritis

217 803 306 842 quod
322 812 381 841 per
402 803 509 833 dictas
525 802 657 832 litteras
676 802 786 840 ipsius
801 801 966 831 johannis
981 801 1131 839 predicte
1149 809 1233 830 con-

217 856 363 886 cessioni
381 865 446 886 non
469 855 589 886 debeat
606 856 640 885 in
658 855 772 894 aliquo
787 855 953 894 derogari,
973 854 1151 893 providere
1175 863 1233 884 vo-

216 909 270 939 bis
290 913 322 940 et
346 910 432 939 dicte
455 909 596 939 ecclesie
619 917 720 947 super
736 909 802 946 ¹hoc
825 910 964 947 paterna
991 908 1231 938 sollicitudine

216 971 423 993 curaremus.
436 963 506 993 Nos
524 963 647 1001 itaque,
664 962 788 992 vestris
805 961 1112 1000 supplicationibus
1129 961 1232 991 incli-

215 1017 297 1052 nati,
327 1016 524 1046 auctoritate
543 1016 751 1054 presentium
771 1015 987 1054 indulgemus
1008 1017 1054 1051 ut,
1079 1015 1232 1054 premisa

216 1069 263 1100 sis
275 1070 365 1100 veris
380 1070 617 1105 existentibus,
635 1069 786 1108 predicta
802 1069 987 1105 concessio,
1007 1077 1073 1099 non
1092 1068 1232 1099 obstan-

214 1122 307 1154 tibus
335 1122 496 1162 predictis
524 1123 649 1152 litteris
674 1122 805 1161 prefato
829 1117 976 1152 <Iohanni
1008 1122 1179 1152 concessis
1213 1130 1232 1152 a
1259 1141 1261 1148 ι

214 1176 322 1213 nobis,
344 1177 376 1206 in
388 1185 449 1207 sua
462 1176 620 1207 firmitate
636 1177 794 1215 perduret
807 1178 838 1206 et
855 1177 885 1206 ei
899 1176 1054 1215 derogari
1073 1184 1137 1206 non
1151 1184 1230 1214 pos-

216 1231 259 1261 sit
276 1231 308 1260 in
330 1230 443 1269 aliquo
461 1239 519 1269 per
532 1230 662 1260 litteras
678 1230 769 1268 ipsas
784 1230 836 1260 vel
854 1230 986 1268 aliquas
1003 1230 1087 1259 alias
1106 1238 1124 1259 a
1142 1229 1201 1259 sed
1213 1238 1229 1260 e

215 1284 445 1322 impetrandas
460 1284 588 1319 eadem,
607 1292 670 1322 que
684 1283 723 1313 de
740 1283 956 1314 concessione
975 1283 1050 1322 ipsa
1067 1285 1098 1313 et
1114 1283 1232 1313 indul-

215 1337 328 1377 gentia
342 1337 535 1376 hujusmodi
556 1337 738 1376 specialem
757 1346 822 1367 non
842 1337 981 1367 fecerint
1001 1337 1206 1367 mentionem
1223 1358 1230 1366 .

215 1391 310 1421 Nulli
337 1400 414 1430 ergo
444 1394 555 1421 nostre
579 1391 808 1421 concessionis
830 1392 891 1420 etc.
913 1408 959 1420 —.
985 1391 1111 1421 Datum
1132 1391 1228 1429 apud

217 1444 506 1481 Urbenmeterem,
526 1453 570 1473 vii
585 1443 749 1474 Kalendas
765 1444 911 1482 augusti,
927 1452 1013 1473 aimo
1028 1444 1138 1473 tertio,
1161 1454 1175 1472 n

312 1627 403 1658 1944

775 1626 897 1657 Orvieto,
915 1628 947 1653 2?
963 1627 1055 1662 juillet
1078 1627 1155 1654 1204.

250 1710 341 1737 Priori
357 1715 383 1737 et
402 1710 536 1737 fratribus¹
563 1711 714 1738 lleremitis
732 1712 766 1737 de
787 1711 971 1744 Alexandria,
995 1711 1104 1738 ordinis
1129 1720 1151 1738 s.
1173 1712 1228 1737 Au-

215 1759 332 1794 gustini,
355 1759 508 1786 ecclesiam
525 1769 547 1786 s.
566 1760 680 1787 Martini
695 1761 729 1787 de
743 1760 901 1787 Gamuudio
915 1761 948 1787 ‹le
966 1761 1144 1787 Alexandria
1159 1769 1230 1787 con-

214 1807 320 1835 firmat.
339 1808 417 1842 (linc.
434 1809 478 1840 2¹52,
499 1808 546 1835 sol.
568 1809 629 1837 zoi,
648 1814 678 1835 11⁰
694 1809 770 1841 992.)

253 1931 267 1950 ((
284 1947 288 1951 .
305 1945 310 1950 .
330 1921 430 1960 priori
445 1926 471 1949 ct
486 1920 636 1960 fratribus
650 1920 814 1950 Her-emitis
827 1920 863 1950 de
877 1922 901 1951 A
909 1920 1082 1958 la‘candria,
1103 1921 1228 1951 ordinis

210 1975 310 2004 sancti
343 1974 516 2014 Auqustini.
548 1974 680 2004 Meritis
710 1976 821 2005 vestre
850 1975 1039 2014 religionis
1070 1993 1107 1996 —
1135 1975 1226 2006 Sane

210 2028 329 2067 petitio
363 2029 476 2058 vestra
506 2027 603 2058 nobis
630 2027 781 2058 exhibita
809 2028 1003 2058 continebat
1034 2029 1123 2067 quod
1147 2038 1225 2067 nos,

211 2081 381 2112 intellecto
401 2081 489 2120 quod
516 2081 630 2111 dilecti
654 2081 716 2111 filii
735 2106 764 2112 ..
787 2082 993 2120 prepositus,
1016 2083 1047 2112 et
1065 2082 1223 2112 canonici

210 2135 350 2165 ecclesie
375 2135 482 2165 sancti
503 2135 641 2165 Martini
669 2135 708 2165 de
728 2134 922 2165 Gamundio
943 2136 983 2165 de
999 2135 1222 2172 Alexandria,

211 2188 251 2219 ob
277 2197 397 2219 causas
418 2188 544 2224 varias,
562 2189 596 2218 in
613 2189 687 2227 ipsa
709 2188 853 2218 ecclesia
876 2197 941 2219 non
958 2190 1114 2227 poterant
1143 2190 1227 2220 resi-

209 2242 288 2272 dere
314 2250 372 2272 nec
400 2242 440 2272 de
468 2241 645 2272 animabus
671 2242 971 2280 parrochianorum
996 2250 1135 2272 suorum
1166 2252 1226 2273 cu·

209 2303 282 2325 ram
311 2303 426 2334 gerere
450 2296 662 2334 oportunam,
694 2304 735 2325 ex
761 2303 826 2334 quo
861 2295 950 2325 inter
980 2295 1223 2334 parrochianos

210 2349 303 2388 ipsos
330 2357 395 2378 non
422 2349 494 2378 leve
514 2348 737 2387 generabatur
763 2349 972 2386 scandalum,
1005 2349 1094 2388 quod
1117 2350 1220 2380 etiam

210 2402 276 2441 ipsi
304 2402 497 2441 prepositus
528 2404 559 2432 et
592 2402 744 2432 canonici
770 2401 869 2432 nobis
894 2411 953 2441 per
978 2411 1058 2432 suas
1086 2403 1219 2433 litteras

210 2455 421 2491 intimarunt,
442 2455 616 2494 cupientes
641 2457 677 2485 ut
699 2454 817 2485 eadem
835 2455 978 2486 ecclesia
1004 2455 1113 2490 vobis,
1140 2465 1217 2486 cum

210 2507 320 2544 libris,
339 2508 513 2543 calicibus,
532 2508 752 2542 ornamentis,
772 2508 1048 2546 possessionibus
1070 2510 1102 2539 et
1117 2509 1225 2548 perti-

210 2561 335 2592 nentiis
361 2561 433 2591 suis
455 2561 624 2597 omnibus,
645 2561 865 2598 conferretur,
883 2561 949 2592 sibi
969 2562 1056 2593 dicte
1075 2562 1216 2593 ecclesie

210 2614 411 2651 redditibus,
429 2623 489 2653 pro
506 2614 751 2645 sustentatione
770 2623 842 2651 sua,
872 2615 1034 2654 quamdiu
1054 2616 1216 2653 vixerint,

211 2668 406 2701 reservatis,
432 2667 600 2706 quodque,
622 2669 784 2706 quantum
806 2667 840 2697 in
863 2668 913 2698 eis
930 2669 1012 2703 erat,
1034 2668 1131 2700 vobis
1147 2678 1223 2708 pre-

210 2721 334 2752 dictam
358 2721 534 2751 ecclesiam
553 2721 718 2751 duxerant
736 2721 985 2755 conferendam,
1001 2730 1074 2757 nos,
1091 2723 1215 2753 vestris

212 2783 248 2804 ac
268 2774 382 2804 dilecti
403 2773 463 2803 filii
489 2773 604 2804 fratris
622 2773 811 2810 Guillelmi,
832 2775 936 2804 vestri
953 2775 1094 2812 ordinis,
1124 2776 1220 2814 peni-

210 2827 361 2858 tentiarii
391 2827 511 2861 nostri,
531 2827 837 2866 supplicationibus
866 2827 1028 2864 inclinati,
1060 2837 1136 2859 cum
1153 2837 1220 2859 non

211 2880 342 2911 habetis
360 2881 394 2911 in
412 2880 548 2911 civitate
576 2880 807 2911 Alexandrina
832 2881 942 2911 locum
964 2883 1076 2912 vestre
1094 2882 1223 2913 habita·

2247 191 2305 220 309

1293 270 1376 300 tioni
1395 269 1622 303 accomodum,
1641 269 1736 299 vobis
1750 278 1850 308 super
1870 270 1939 305 hoc,
1959 272 2122 308 quantum
2143 281 2216 301 cuni
2234 274 2302 303 Deo

1292 332 1489 363 possumus,
1518 323 1694 361 providere
1714 323 1876 358 volentes,
1898 324 2083 354 venerabili
2107 324 2201 354 fratri
2229 335 2306 355 uos-

1260 399 1262 420 ,
1291 379 1342 407 tro
1359 402 1366 407 .
1384 402 1390 407 .
1410 376 1561 415 Aquensi
1583 376 1753 414 episcopo,
1780 376 1936 406 dedimus
1964 377 2089 407 nostris
2114 378 2238 407 litteris
2273 379 2304 409 in

1292 429 1462 460 mandatis
1480 431 1515 459 ut
1533 429 1572 458 de
1591 429 1702 458 causis
1721 431 1751 459 et
1765 430 1924 459 scandalo
1940 429 2139 468 hujusmodi
2155 439 2191 460 ac
2217 433 2304 461 statu

1292 484 1324 512 et
1339 482 1556 512 facultatibus
1572 482 1723 520 ejusdem
1740 482 1893 518 ecclesie,
1908 485 1939 513 et
1958 485 2070 513 utrum
2085 484 2116 513 in
2131 484 2189 513 hac
2207 487 2301 522 parte

1292 536 1416 565 vestris
1444 537 1533 565 esset
1557 535 1864 574 supplicationibus
1886 536 2101 566 annuendum
2129 538 2302 567 universis

1292 588 1393 618 etiam
1411 589 1677 618 circumstantiis
1692 589 1889 627 inquireret,
1912 598 1968 628 per
1987 598 2022 620 se
2038 590 2089 619 vel
2109 599 2166 628 per
2182 590 2304 626 alium,

1292 641 1490 680 diligentius
1514 641 1701 675 veritatem,
1732 643 1763 671 et
1788 651 1861 672 eam
1888 642 1950 672 sub
1978 642 2092 682 sigillo
2117 652 2177 673 suo
2206 644 2305 673 nobis

1291 695 1698 733 quantociusctestinaret,
1717 697 1753 725 ut
1772 696 2006 726 ordinaremus
2024 697 2196 734 superhoc
2214 698 2302 736 quod

1292 749 1476 787 expediens
1504 748 1708 779 videremus.
1734 749 1839 779 Porro
1858 749 1946 779 idem
1970 750 2150 788 episcopus
2178 759 2236 788 per
2255 751 2304 780 di-

1291 802 1416 832 lectum
1438 803 1547 832 lilium
1570 803 1709 832 fratrem
1727 803 1900 836 Rufinum,
1925 804 2071 841 priorem
2098 804 2203 833 sancti
2227 804 2303 842 Syri

1291 855 1331 885 de
1345 855 1564 889 Alexandria,
1584 856 1660 886 fecit
1675 864 1777 894 super
1790 857 1968 894 premissis
1980 856 2159 895 diligenter
2174 857 2302 895 inquiri

1291 910 1323 938 et
1338 909 1596 947 inquisitionem
1609 909 1802 947 hujusmodi
1816 909 1878 939 sub
1891 910 2004 948 sigillo
2018 918 2078 940 suo
2091 910 2132 939 ad
2146 912 2297 940 nostram

1291 962 1498 1000 presentiam
1522 962 1716 992 destinavit.
1741 963 1827 998 Quia
1854 971 1932 993 vero
1956 972 2015 1001 per
2042 964 2302 1002 inquisitionem

1291 1015 1401 1053 ipsam
1432 1015 1611 1046 manifeste
1642 1018 1780 1054 apparet
1807 1016 1896 1054 quod
1929 1016 2011 1046 dicti
2050 1017 2243 1055 prepositus
2269 1018 2304 1047 et

1291 1068 1455 1102 canonici,
1473 1070 1610 1107 propter
1626 1068 1826 1099 tenuitatem
1840 1069 2035 1099 reddituum
2054 1071 2085 1099 et
2104 1070 2302 1100 facultatum

1291 1121 1379 1152 dicte
1405 1121 1557 1157 ecclesie,
1578 1122 1611 1152 in
1639 1131 1677 1152 ea
1706 1131 1771 1152 non
1795 1124 1950 1160 poterant
1977 1123 2136 1157 residere,
2165 1126 2304 1162 propter

1291 1175 1380 1214 quod
1407 1175 1597 1205 animarum
1617 1174 1701 1205 inihi
1727 1184 1807 1205 cura
1826 1176 2009 1215 negligitur
2035 1178 2066 1206 et
2087 1177 2174 1206 inter
2207 1177 2302 1216 ipsos

1291 1230 1323 1258 et
1338 1228 1579 1267 parrochianos
1596 1229 1733 1259 eosdem
1748 1237 1848 1267 grave
1859 1229 2055 1259 scandalum
2068 1233 2117 1260 est
2129 1232 2301 1268 exortum,

1290 1283 1322 1312 et
1340 1282 1428 1321 quod
1442 1283 1593 1321 predicta
1606 1282 1760 1317 ecclesia,
1781 1282 1939 1312 domibus
1959 1283 2069 1321 ipsius
2088 1283 2220 1313 ruinam
2240 1285 2305 1314 mi-

1290 1335 1462 1371 nantibus,
1485 1337 1535 1365 est
1553 1336 1690 1366 omnino
1710 1335 1934 1366 servitoribus
1952 1336 2126 1371 destituta,
2145 1337 2301 1376 quodque

1290 1397 1350 1418 vos
1368 1389 1401 1418 in
1418 1389 1553 1419 civitate
1577 1389 1651 1427 ipsa
1676 1389 1787 1419 locum
1810 1389 1906 1419 vobis
1923 1390 2140 1419 accomodum
2160 1399 2224 1420 non
2243 1391 2302 1420 lia·

1289 1441 1388 1478 betis,
1409 1451 1481 1478 nos,
1498 1443 1621 1472 vestris
1639 1442 1947 1481 supplicationibus
1973 1445 2171 1479 annuentes,
2190 1444 2303 1482 prefa-

1290 1496 1357 1525 tam
1373 1495 1559 1530 ecclesiam,
1575 1504 1650 1525 cum
1665 1495 1801 1534 juribus
1811 1498 1842 1525 et
1858 1496 2073 1534 pertinentiis
2088 1496 2171 1531 suis,
2192 1499 2303 1527 aurto·

1290 1548 1388 1578 ritate
1405 1547 1502 1577 vobis
1519 1548 1729 1586 presentium
1746 1548 1952 1578 conferimus
1965 1548 2004 1578 de
2020 1549 2128 1587 gratia
2142 1550 2297 1588 speciali,

1289 1601 1362 1640 ejus
1403 1600 1592 1631 redditibus
1630 1601 1792 1639 predictis
1835 1602 2008 1639 preposito
2048 1603 2079 1631 et
2115 1603 2298 1639 canonicis,

1290 1654 1452 1692 quamdiu
1466 1654 1624 1690 vixerint,
1642 1654 1836 1684 reservatis.
1856 1654 1906 1684 Ita
1918 1655 2030 1684 tamen
2049 1655 2137 1693 quod
2154 1655 2302 1694 aliquem

1289 1706 1526 1746 presbyterum
1553 1707 1723 1745 ydoneum
1741 1707 1845 1737 vestri
1866 1707 1995 1737 ordinis
2015 1707 2066 1737 vel
2085 1708 2190 1738 alium
2208 1708 2296 1738 dicto

1258 1791 1259 1800 ἱ
1289 1760 1448 1798 episcopo
1475 1761 1506 1790 et
1529 1760 1601 1798 ejus
1631 1759 1886 1790 successoribus
1907 1761 2112 1799 presentetis
2134 1764 2296 1800 perpetuo

1289 1813 1330 1843 ad
1356 1822 1470 1843 curam
1499 1813 1673 1852 parrochie
1703 1814 1843 1844 ecclesie
1869 1814 2072 1852 supradicte.
2098 1815 2192 1845 Nulli
2216 1824 2295 1854 ergo

1288 1868 1402 1896 nostre
1419 1867 1610 1897 collationis
1629 1869 1690 1897 etc.
1709 1867 1833 1898 Datum
1854 1867 1941 1906 apud
1961 1867 2247 1905 Urbemveterem,
2265 1878 2296 1899 vi

1287 1920 1450 1950 kalendas
1469 1920 1614 1959 augusti,
1635 1929 1720 1951 anno
1738 1921 1848 1951 tertio.
1873 1931 1887 1950 »

1377 2093 1473 2124 1945

1850 2092 1974 2123 Orvieto,
1990 2093 2022 2119 27
2034 2092 2127 2127 juillet
2149 2093 2222 2120 1204.

1321 2176 1491 2211 Episcopum
1511 2179 1672 2211 *aquensem
1690 2176 1828 2211 praedicti
1843 2178 1950 2204 decreti
1966 2179 2084 2212 deputat
2099 2180 2294 2204 executorem.

1284 2225 1367 2258 (REG.
1385 2226 1430 2259 29,
1450 2226 1498 2252 fol.
1515 2227 1577 2257 201,
1594 2231 1623 2252 n⁰
1637 2227 1713 2257 995.)

1325 2344 1339 2362 α
1357 2333 1511 2373 Episcopo
1527 2334 1671 2373 Aquensz'.
1687 2333 1818 2364 Meritis
1836 2334 2010 2372 religionis
2023 2333 2224 2363 dilectorum
2242 2350 2291 2363 -.

1284 2388 1408 2418 Datum
1430 2389 1465 2418 ut
1484 2396 1596 2426 supra.
1617 2397 1631 2415 n

1845 2558 1968 2588 Orvieto,
1988 2557 2122 2593 tijuillet
2144 2558 2221 2585 1264.

1375 2560 1471 2592 1946

1317 2643 1455 2678 Episcopo
1468 2642 1638 2677 Legionensi
1661 2642 1790 2677 indulget
1804 2644 1835 2669 ut
1848 2643 1958 2669 duabus
1974 2643 2104 2677 personis
2124 2644 2158 2670 de
2180 2644 2290 2670 duabus

1282 2693 1482 2727 personatibus
1506 2692 1549 2719 vel
1575 2691 1775 2726 dignitatibus,
1795 2691 1935 2718 decanatu
1959 2695 2087 2726 excepto,
2113 2692 2234 2727 singulis
2254 2692 2289 2719 de

1282 2741 1414 2776 singulis,
1430 2749 1495 2768 cum
1504 2739 1730 2776 praestimoniis,
1748 2739 1776 2766 in
1793 2740 1962 2775 Legioneusi
1976 2741 2110 2774 ecclesia,
2127 2741 2155 2767 in
2171 2749 2227 2774 qua
2246 2750 2291 2767 ar-

1281 2790 1532 2818 chidiaconatuum
1540 2790 1575 2817 ad
1586 2790 1679 2823 ipsum
1691 2788 1785 2816 solum
1801 2791 1829 2816 et
1846 2790 1882 2816 ad
1896 2789 1990 2824 ipsum
2001 2789 2132 2824 acipsius
2149 2790 2287 2816 ecclcsiae

1282 2839 1440 2874 capitulum
1461 2837 1655 2866 communiter
1683 2837 1807 2865 aliorum
1834 2842 2040 2872 personatuum
2061 2842 2089 2866 et
2111 2838 2287 2873 dignitatum

1281 2888 1397 2916 collatio
1413 2888 1548 2923 pertinet,
1567 2887 1714 2922 providere
1733 2887 1837 2915 valeat.
1854 2887 1933 2922 (Rue.
1953 2888 1996 2922 20,
2015 2887 2063 2914 fol.
2079 2888 2140 2919 201,
2161 2893 2192 2914 [ιο
2211 2888 2287 2920 906.)
