2659 3242
143 226 203 256 190

143 618 218 645 1264
306 617 430 646 Orm'eto.

143 674 226 695 mars
243 668 259 692 3
270 669 277 693 l
287 689 292 694 .

182 1141 192 1154 N
266 1140 277 1153 1»
371 1145 388 1148 ·-‘

183 1564 195 1579 D
263 1563 274 1578 2
367 1568 406 1573 -⁴

185 1891 197 1905 ,
377 1897 406 1900 ,ξ

192 2220 203 2233 1
275 2218 285 2231 D
376 2223 402 2226 V

1035 214 1206 245 TABLES
1233 214 1293 245 DU
1321 212 1540 243 REGISTRE
1566 212 1776 242 D'URBAIN
1805 213 1847 241 iv

1068 311 1153 337 Pnges.
1176 307 1305 330 Numeros.

504 383 692 411 Biterrensis
725 383 865 409 diocesis.
903 381 1033 408 mandat
1069 382 1103 407 ut

506 433 564 459 sibi
593 432 671 468 ipsis
700 433 738 459 de
768 431 885 458 abbate
914 430 1104 465 provideant

507 489 578 509 cum
609 480 738 508 consilio
768 479 957 508 Biterrensis
986 479 1103 514 episco-

505 532 545 566 pi.
1337 551 1341 616 Ι

546 615 787 643 ordinationem
818 613 976 648 prolatam
1007 620 1024 640 a
1055 614 1102 645 G„
1125 609 1229 649 1266}
1256 609 1315 636 540

508 672 531 692 s.
578 663 674 691 Marci
721 663 906 698 presbytero
943 661 1105 694 cardinali,

508 715 538 740 in
562 714 618 741 lite
641 713 722 740 inter
744 713 829 739 cives
857 713 889 739 et
918 712 1108 738 mercatores

507 763 668 790 Romanos
687 761 860 789 creditores
880 760 1026 787 ecclesiae
1044 759 1106 786 Me·

507 812 598 839 tinsis
631 812 749 843 exorta,
788 809 966 837 confirmat.

550 896 669 923 Abbati
703 902 726 922 S.
763 895 903 929 Gregorii
939 896 971 921 et
1007 892 1102 928 priori
1122 890 1202 930 1269
1257 891 1311 917 541

508 944 656 972 ecclesiae
712 944 932 971 Latet-anensis
986 941 1107 977 praedi-

510 996 562 1021 tae
616 993 824 1020 ordinationis
889 991 1107 1019 executionem

507 1043 688 1069 committit.
1110 1052 1173 1070 tome
1190 1049 1218 1069 ῃ.

563 1127 720 1153 'absolutio
764 1125 939 1153 sententiae
971 1131 1092 1150 excom·
1111 1120 1116 1158 Ι
1135 1121 1192 1149 ’212
1215 1121 1220 1149 ἶ
1241 1119 1316 1148 1482

512 1175 733 1202 municationis
767 1176 795 1201 et
831 1173 1027 1208 dispensatio
1060 1179 1107 1199 su-

509 1231 564 1259 pcr
599 1224 742 1258 pluribus
775 1222 938 1249 beneficiis
973 1221 1108 1247 retinen-

510 1274 557 1300 dis
588 1272 738 1307 magistro
767 1272 921 1298 Michaeliv
955 1270 1107 1298 archidia-

511 1329 589 1348 cono
614 1320 820 1350 Narbonensi.
846 1321 965 1347 decano
987 1327 1010 1347 s.
1035 1320 1107 1346 Ger-

511 1371 595 1398 mani
623 1370 910 1397 Autisciodorensis
956 1368 1108 1396 Parisien-

510 1419 561 1452 sis,
595 1421 723 1446 sanctae
762 1419 925 1446 Romanae
963 1416 1111 1444 ecclesiae

511 1468 766 1502 vicecancellarii,
784 1468 977 1495 conceditur.
1116 1479 1179 1497 tome
1203 1475 1231 1495 ιιι

550 1553 706 1588 Episcopo
749 1551 958 1579 Anteradensi
1001 1550 1099 1577 indul·
1122 1547 1198 1588 1213
1221 1547 1225 1587 Ι
1246 1547 1321 1575 1489

514 1602 567 1635 get
608 1602 645 1628 ut
685 1601 899 1636 patriarcham
940 1600 1109 1627 Antioche-

514 1657 590 1677 num
623 1650 916 1685 metropolitanum,
952 1649 1012 1676 nisi
1044 1655 1111 1683 per—

511 1699 660 1727 sonaliter
712 1699 906 1726 visitationis
971 1696 1137 1725 orticium'

511 1750 665 1783 exerceat,
712 1749 751 1775 ad
774 1748 971 1775 visitandum
1015 1746 1114 1774 admi-

515 1798 579 1824 tere
622 1796 749 1824 minime
792 1798 946 1824 teneatur.
1114 1808 1177 1827 ποι-ηε
1193 1805 1222 1826 ιιι

563 1881 762 1908 patriarcnae
834 1880 1099 1911 Jerosolimitano,
1120 1875 1124 1914 Ι
1143 1877 1200 1905 213
1224 1877 1227 1916 Ι
1248 1877 1324 1905 1490

545 1930 718 1964 aposolicae
755 1929 836 1956 sedis
872 1930 986 1963 legato,
1027 1936 1114 1956 man-

518 1978 574 2005 dat
603 1979 639 2004 ut
668 1978 932 2004 constitutionem
962 1977 999 2004 de
1028 1978 1114 2004 certo

522 2027 743 2053 canonicorum
771 2033 899 2052 numero
928 2027 967 2053 ab
997 2026 1114 2061 episco⁴

516 2081 555 2109 po
594 2075 799 2102 rxnteradensi
836 2075 964 2105 editam,
1003 2074 1113 2101 contir-

520 2126 579 2149 ΠΙθῘ
1117 2138 1180 2156 tome
1196 2135 1225 2155 111

561 2217 588 2234 s.
620 2210 734 2234 marae
751 2210 783 2234 et
799 2209 1009 2235 ÷³unke1densi
1027 2209 1104 2243 epis-
1127 2208 1130 2244 Ι
1147 2206 1204 2236 ’214
1224 2207 1227 2243 Ι
1252 2209 1326 2235 1496

519 2257 604 2290 copis
649 2257 778 2283 mandat
805 2258 839 2283 ut
864 2257 995 2284 fratrem
1039 2258 1117 2285 Lau-

519 2305 655 2331 rentium
698 2306 737 2331 de
779 2306 888 2332 ordine
932 2306 1128 2333 Praedicato-

526 2361 604 2385 rum,
636 2354 734 2388 ipsius
763 2354 914 2381 electione
941 2355 1027 2389 prius
1055 2362 1119 2382 cas-

523 2404 590 2429 sata
619 2404 782 2438 tamquam
808 2403 1018 2438 irregulariter
1042 2404 1118 2431 cele-

521 2451 620 2481 brata,
643 2451 668 2477 si
688 2452 833 2486 expedire
853 2452 999 2482 viderint,
1022 2452 1114 2479 eccle-

521 2499 583 2527 siae
628 2501 807 2533 Ergadiensi
851 2501 1045 2535 praeficiant.
1122 2514 1184 2534 tome
1201 2514 1229 2535 ιιι

544 2584 693 2618 Magistro
724 2587 886 2620 ,Xynierico
919 2588 957 2613 de
989 2589 1108 2615 Monte·
1127 2584 1130 2624 Ι
1151 2586 1210 2616 429
1227 2587 1231 2624 Ι
1250 2588 1331 2617 ’2549

537 2634 638 2660 xenio.
702 2635 850 2662 canonico
916 2637 1119 2668 Narbonensi,

533 2683 659 2709 mandat
691 2685 724 2710 ut
753 2684 937 2711 liuranduni
963 2685 1124 2720 Raynaldi

528 2730 673 2757 clericum
703 2732 981 2763 Claromolensem
1014 2735 1045 2761 in
1075 2741 1120 2762 ec-

529 2779 618 2806 ··tesia
652 2786 673 2805 s,
706 2781 829 2806 Genesii
858 2782 1124 2810 ‹ziaromontensis

1393 453 1466 482 1264

1336 499 1341 549 Ι
1371 502 1449 528 avril
1495 503 1536 528 1²¹

1553 454 1621 481 Orc.
1629 468 1635 476 ι
1646 456 1684 481 10.

2299 308 2383 335 rages.
2406 307 2537 330 Numeros.

1731 378 1761 404 in
1781 377 1968 406 canonicum
1987 377 2082 412 recipi
2101 377 2207 405 iaciat.

1771 454 1927 488 Episcopo
1970 455 2002 480 et
2035 453 2154 480 cantori
2190 453 2288 488 Nigri·
2310 452 2391 491 {269
2411 451 2416 492 Ι
2433 450 2534 480 542vn

1734 501 1940 534 pontensibus
1981 501 2113 528 mandat
2154 503 2189 528 ut
2233 503 2327 529 Petro

1736 549 1897 584 pelegrini,
1912 549 1977 576 tilio
1997 550 2136 579 Mathaei
2149 551 2188 578 de
2214 552 2329 585 Marco,

1734 598 1794 625 civi
1823 600 1854 625 et
1883 602 2056 628 mercatore
2083 601 2236 634 Romano,
2266 608 2327 628 cer-

1735 649 1784 674 tas
1808 649 2012 682 pecuniarum
2038 656 2177 678 summas
2202 651 2262 686 ipsi
2299 651 2330 677 in

1734 697 1894 731 provincia
1924 699 2074 725 Thebana
2105 699 2239 732 debitas,
2267 706 2332 734 per-

1736 745 1824 777 solvi,
1855 745 1984 773 faciant.

1777 821 1935 855 Magistris
1958 823 1976 849 J
1981 823 2095 848 ohanni
2123 824 2161 850 de
2180 823 2288 851 Trebis
2305 820 2310 859 Ι
2327 821 2388 850 26⁹
2405 819 2410 859 Ι
2430 821 2543 851 542v¹¹¹

1737 870 1958 897 archidiacono
1979 872 2010 897 et
2033 872 2171 899 Berardo
2194 873 2232 899 de
2251 874 2335 900 Ana-

1737 919 1817 953 gnia,
1885 921 2005 946 cantori
2059 920 2333 948 Corinthiensibus

1738 969 1818 995 idem
1858 969 1988 996 mandat
2026 977 2082 1004 pro
2130 970 2252 997 Jacobo
2300 970 2338 997 de

1739 1017 1876 1052 Nicolao.
1912 1017 1977 1044 tilio
2019 1019 2181 1057 quondam
2220 1019 2339 1046 Nicolai

1738 1067 1827 1098 Muti,
1855 1067 1948 1092 Petro
1971 1067 2116 1094 Catellini
2140 1070 2172 1094 et
2206 1069 2338 1096 Thoma-

1739 1116 1784 1142 sio
1812 1116 1850 1142 de
1878 1116 2017 1149 Rit01d0‚
2045 1117 2167 1143 civibus
2205 1119 2235 1144 et
2263 1123 2340 1144 mer-

1737 1166 1898 1194 catoribus
1924 1166 2085 1198 Romanis,
2114 1167 2145 1193 in
2179 1166 2341 1200 provincia

1736 1214 1923 1242 patracensi.

1804 1290 1897 1316 Petro
1931 1290 2060 1322 Nicolat
2095 1291 2246 1317 canonico
2280 1291 2358 1318 Seti-

1744 1345 1794 1368 no,
1815 1339 1947 1366 mandat
1977 1345 2016 1365 ne
2046 1341 2160 1374 castra,
2186 1339 2281 1367 feuda
2310 1341 2342 1368 et

1743 1387 1956 1421 possessiones
1982 1388 2042 1414 nisi
2068 1395 2107 1415 ex
2130 1388 2173 1414 eis
2200 1389 2341 1416 oriundis

1744 1443 1761 1463 a
1781 1437 1917 1463 dominis
1933 1437 2029 1463 castri
2049 1437 2182 1469 Sarneti,
2204 1438 2341 1465 Terraci-

1746 1485 1849 1512 nensis
1889 1485 2030 1517 diocesis,
2072 1485 2207 1513 conlerri
2246 1487 2339 1519 sinat,

1742 1540 1822 1569 quos
1841 1534 1915 1561 dam
1937 1535 2121 1562 contractus
2135 1536 2246 1562 contra
2262 1536 2343 1563 hanc

1744 1582 1965 1610 inhibitionem
1998 1584 2094 1611 initos
2125 1584 2259 1612 rescindi
2290 1585 2339 1619 ju-

1745 1631 1857 1660 bendo.
2345 1648 2409 1667 tome
2433 1645 2463 1666 ΙΙΙ

1783 1708 1943 1744 Episcopo
1976 1709 2238 1745 Foropopuliensi
2255 1717 2342 1738 man-

1747 1756 1803 1783 dat
1835 1758 1869 1784 ut
1901 1757 1932 1784 in
1963 1758 2091 1786 ecclesia
2122 1765 2145 1786 s.
2181 1759 2348 1787 Trinitatis

1747 1805 1785 1832 de
1826 1806 2022 1839 Bretonorio,
2067 1807 2346 1843 Foropopuliensis

1746 1854 1886 1887 diocesis,
1921 1855 1960 1881 ab
1993 1856 2126 1893 antiquo
2158 1863 2176 1883 a
2206 1857 2346 1892 quatuor

1749 1903 1868 1930 clericis
1907 1905 2056 1931 deserviri
2096 1905 2198 1937 solita,
2240 1906 2273 1932 et
2312 1905 2344 1932 in

1748 1959 1811 1987 qua
1842 1959 1924 1979 unus
1952 1954 2080 1980 tantum
2110 1953 2240 1981 clericus
2269 1955 2345 1981 tunc

1750 2001 1869 2034 existit,
1909 2001 2103 2036 Hugolinum
2140 2003 2348 2031 Ramberteui

1753 2050 1930 2083 diaconum,
1983 2051 2103 2078 nullum
2157 2051 2347 2080 beneficium

1754 2098 2002 2126 ecclesiasticum
2063 2101 2166 2128 adhuc
2226 2107 2347 2128 assecu-

1752 2150 1827 2180 tum,
1855 2148 1990 2176 obtentu
2014 2150 2205 2177 Malatestae
2227 2151 2266 2177 de
2287 2151 2346 2178 Ve-

1752 2197 1846 2225 ruclo.
1870 2197 1901 2224 in
1918 2198 2065 2225 clericum
2086 2199 2182 2234 recipi
2204 2199 2311 2227 faciat.
2348 2213 2412 2232 mne
2427 2210 2458 2231 m

1793 2273 1995 2300 patriarchae
2077 2275 2095 2302 J
2101 2274 2344 2308 erosolimitano,

1752 2322 1946 2356 apostolicae
1985 2323 2068 2349 sedis
2103 2323 2218 2358 legato.
2259 2330 2343 2351 man-

1751 2372 1807 2397 dat
1830 2373 1862 2398 ut
1887 2371 1918 2398 in
1939 2371 2067 2398 ecclesia
2091 2372 2253 2400 Nazarena
2274 2373 2347 2400 Gui-

1753 2420 1867 2446 donem
1886 2421 1925 2447 de
1944 2420 2080 2448 Paladru
2098 2427 2154 2456 pro
2173 2421 2276 2456 priore
2295 2422 2347 2449 ha-

1753 2468 1816 2495 beri
1835 2468 1941 2496 faciat.
2341 2483 2405 2502 tome
2421 2481 2450 2502 ΙΙΙ
2545 2479 2556 2507 ἶ

1794 2544 1951 2579 Episcopo
1987 2546 2018 2571 et
2053 2545 2194 2580 capitulo
2228 2545 2348 2573 Mindo-

1756 2593 1927 2620 niensubus
1968 2595 2099 2621 mandat
2142 2596 2177 2621 ut
2219 2595 2350 2622 Petrum

1756 2642 1912 2669 b'ernandi
1946 2642 2168 2677 presbyterum
2203 2643 2350 2670 clericum

1752 2690 1838 2717 chori
1877 2698 1984 2718 eorum
2025 2691 2181 2723 ecclesiae,
2218 2692 2249 2719 in
2286 2699 2350 2728 qua

1755 2745 1808 2773 per
1848 2740 1962 2774 viginti
2002 2746 2101 2766 annos
2140 2741 2281 2773 servivit,
2323 2741 2348 2768 si

1754 2788 1900 2823 expedire
1936 2788 2082 2816 viderint.
2122 2789 2152 2815 in
2189 2789 2348 2824 portiona-
