2519 3262
241 217 301 248 362

242 304 442 342 prebendas,
464 313 540 334 cum
567 312 624 334 eas
641 304 674 333 in
700 303 786 342 ipsis
804 312 922 334 vacare
945 303 1133 343 contigerit,
1151 305 1249 344 Juxta

242 357 472 395 receptionum
501 365 640 386 suarum
669 357 834 393 ordinem,
862 359 1088 396 assequantur
1113 366 1173 388 nec
1189 367 1249 397 per

242 409 374 448 aliquas
396 409 528 440 litteras
543 409 695 440 decetero
712 410 956 448 impetrandas,
976 419 1040 449 que
1058 410 1098 441 de
1112 419 1249 450 presen-

241 461 332 492 tibus
349 471 414 492 non
431 462 572 492 fecerint
588 462 809 496 mentionem,
820 461 958 501 aliquod
973 463 1101 493 eisdem
1114 464 1248 495 clericis

241 515 465 554 prejudicium
491 516 678 553 generetur.
696 515 748 545 Ita
766 517 879 545 tamen
899 516 999 555 quod,
1019 517 1048 547 si
1065 517 1198 556 aliquos
1214 518 1249 547 in

241 567 394 598 ecclesiis
423 567 508 606 ipsis
531 567 653 597 ceteris
679 567 781 606 (quod
804 576 869 598 non
895 569 1079 608 credimus)
1105 569 1248 608 preferri

241 621 488 656 mandavimus,
507 621 557 651 eis
568 629 628 659 per
643 620 728 650 hanc
744 623 893 652 nostram
911 623 1164 653 concessionem
1176 632 1249 662 pre-

236 673 402 712 judicium
427 673 559 703 nullum
585 673 654 704 fiat.
673 674 744 704 Nos
763 675 853 704 enim
879 674 1094 706 decernimus
1112 676 1247 707 irritum

240 728 272 756 et
288 726 386 756 inane
403 726 564 765 quicquid
585 727 619 756 in
640 727 836 757 eorumdem
855 727 1056 759 clericorum
1075 729 1128 760 vel
1146 729 1248 760 alicu-

234 779 291 818 jus
307 779 459 818 ipsorum
486 779 711 818 prejudicium
728 782 843 810 contra
862 783 1014 812 tenorem
1037 783 1248 821 presentium

239 833 359 871 quavis
386 833 584 863 auctoritate
611 842 630 863 a
646 842 814 872 quoquam
843 835 1022 874 contigerIt
1041 836 1246 874 attemptari.

237 885 332 916 Nulli
343 894 420 925 ergo
433 887 547 916 nostre
563 886 843 924 confirmationis,
859 889 1090 918 concessionis
1106 891 1137 919 et
1153 897 1246 919 cons-

237 938 408 969 titutionis
425 941 487 969 etc.
505 939 632 970 Datum
653 940 742 979 apud
762 940 1048 979 Urbemveterem,
1074 942 1173 972 nonis
1192 950 1249 973 no—

237 992 400 1028 vembris,
418 1001 504 1024 anno
522 994 635 1026 tertio.
654 1004 670 1024 »

325 1146 423 1179 2200
774 1151 897 1183 Orvieto,
916 1151 947 1179 13
961 1151 1076 1178 octobre
1096 1151 1174 1179 1263.

271 1233 384 1260 Decano
395 1233 533 1260 ccclesiae
545 1242 568 1261 s.
581 1234 681 1262 Hilarii
692 1235 869 1262 pietavensis
886 1236 1003 1262 mandat
1018 1238 1046 1263 ut
1061 1235 1246 1262 Guillelmum

238 1281 326 1313 Petri,
351 1282 522 1309 canonicum
545 1283 684 1311 secularis
702 1284 840 1312 ecclesiae
866 1293 889 1312 s.
912 1284 1065 1311 Frontonis
1082 1285 1245 1319 Petragori-

237 1331 341 1363 censis,
360 1331 512 1359 ecclesiam
532 1333 743 1366 parrochialem
765 1342 788 1360 s.
804 1334 971 1368 Leodegarii
990 1342 1077 1369 prope
1094 1334 1245 1368 Metulum,

237 1380 414 1408 pictavensis
437 1381 570 1415 diocesis,
589 1383 738 1417 resignare
763 1385 908 1417 paratum,
927 1383 956 1409 in
971 1382 1093 1410 ecclesia
1109 1383 1246 1418 Petrago-

237 1429 340 1457 ricensi
356 1429 385 1456 in
404 1430 574 1457 canonicum
590 1431 678 1466 recipi
695 1431 791 1459 faciat.
811 1432 889 1467 tRee.
906 1433 950 1463 29,
968 1432 1016 1458 fol.
1033 1432 1095 1465 232,
1110 1438 1140 1458 n⁰
1155 1433 1245 1465 1249.)

278 1543 292 1563 ((
313 1532 432 1563 Decano
460 1534 557 1564 sancei
587 1533 685 1564 Ylarii
711 1534 911 1564 Pictavensis.
939 1534 1036 1565 Sedis
1062 1535 1247 1574 apostolice

237 1587 428 1627 benignitas
451 1604 500 1616 —.
518 1587 741 1618 Attendentes
760 1588 929 1627 siquidem
947 1588 1160 1619 nobilitatem
1178 1598 1246 1619 mo-

237 1649 312 1670 rum
331 1643 363 1671 et
387 1640 520 1680 generis
544 1649 581 1670 ac
613 1641 803 1671 litterarum
828 1642 1006 1672 scientiam
1031 1641 1156 1680 quibus
1178 1642 1249 1681 pol-

237 1693 305 1724 lere
325 1694 447 1724 dicitur
464 1694 608 1724 dilectus
624 1694 715 1724 filius
733 1695 940 1725 Guillelmus
950 1695 1247 1731 Petri,canonicus

238 1747 403 1778 secularis
428 1747 569 1778 ecclesie
594 1748 701 1778 sancti
736 1748 918 1779 Frontonis
944 1749 1245 1788 petragoricensis,

238 1809 275 1831 ac
291 1809 350 1839 per
366 1801 426 1831 hoc
438 1800 592 1831 volentes
609 1810 685 1831 eum
700 1802 861 1841 prosequi
880 1802 1038 1841 gratiose,
1051 1802 1247 1833 discretioni

237 1855 293 1884 tue
313 1853 513 1883 mandamus
530 1856 698 1892 quatenus
715 1854 836 1891 eidem,
855 1855 1034 1885 ecclesiam
1056 1855 1248 1894 parrochia-

238 1907 305 1937 lem
329 1907 437 1937 sancti
465 1907 663 1946 Leodegarii
692 1916 796 1946 prope
827 1908 1004 1944 Metulum,
1036 1908 1248 1939 Pictavensis

238 1960 396 1995 diocesiS,
417 1968 517 1999 quam
542 1959 682 1996 obtinet,
704 1963 874 1999 resignare
891 1963 1020 1999 parato,
1037 1961 1070 1990 in
1090 1961 1247 2001 petrago-

238 2013 362 2044 ricensi
381 2013 534 2049 ecclesia,
554 2013 588 2043 in
611 2022 676 2052 qua
697 2013 944 2052 prebendarum
971 2014 1106 2045 collatio
1130 2015 1171 2044 ad
1194 2023 1247 2045 ve-

238 2066 425 2097 nerabilem
451 2066 589 2096 fratrem
606 2068 758 2096 nostrum
778 2089 804 2097 ..
822 2067 1031 2105 episcopum,
1052 2069 1084 2097 et
1105 2066 1247 2097 dilectos

239 2119 328 2150 filios
360 2119 545 2158 capitulum
578 2119 874 2159 Petragoricenses
905 2120 1129 2150 communiter
1156 2129 1247 2159 spec-

238 2174 310 2203 tare
328 2173 452 2203 dicitur
467 2174 498 2203 et
519 2173 553 2202 in
568 2181 633 2211 qua
650 2174 762 2203 certus
778 2173 1016 2203 canonicorum
1037 2181 1199 2203 numerus
1216 2175 1247 2204 et

238 2226 484 2265 prebendarum
511 2226 695 2261 distinctio,
724 2226 811 2257 sicut
846 2227 1022 2263 asseritur,
1058 2235 1124 2256 non
1159 2226 1248 2257 exis-

237 2281 324 2315 tunt.
356 2279 550 2313 dummodo,
575 2279 609 2309 in
638 2288 676 2310 ea
708 2288 774 2310 non
802 2279 1030 2310 direxerimus
1055 2279 1248 2318 specialiter

238 2333 364 2372 scripta
390 2334 505 2363 nostra
526 2341 586 2372 pro
617 2333 696 2370 alio,
715 2334 914 2364 auctoritate
931 2335 1047 2363 nostra
1067 2342 1126 2372 per
1146 2335 1177 2363 te
1195 2332 1248 2363 vel

238 2386 344 2417 alium
365 2386 405 2416 de
430 2386 629 2416 canonicatu
645 2388 677 2417 et
693 2385 864 2425 prebenda
880 2386 1058 2425 providere
1074 2394 1246 2425 procures,

238 2439 366 2471 faciens
393 2448 470 2470 eum
496 2440 601 2478 recipi
625 2439 678 2470 vel
698 2442 949 2479 procuratorem
967 2448 1079 2477 suum,
1095 2439 1167 2479 ejus
1193 2448 1248 2469 no-

237 2493 339 2529 mine,
358 2493 392 2523 in
411 2493 486 2532 ipsa
511 2493 544 2523 in
568 2493 766 2523 canonicum
785 2494 817 2524 et
835 2493 868 2524 in
890 2493 1040 2530 fratrem,
1060 2492 1126 2523 sibi
1147 2492 1247 2523 stallo

237 2546 272 2577 in
290 2546 390 2577 choro
407 2548 439 2577 et
460 2546 532 2576 loco
547 2547 582 2576 in
601 2546 760 2585 capitulo,
774 2555 850 2577 cum
867 2546 1078 2585 plenitudine
1093 2545 1181 2585 juris
1198 2555 1248 2576 ca—

238 2600 361 2635 nonici,
380 2600 575 2639 assignatis,
595 2608 662 2630 non
687 2599 842 2630 obstante
862 2599 951 2639 quod
972 2599 1061 2629 idem
1085 2599 1169 2629 alias
1193 2599 1247 2629 be-

238 2652 414 2683 neficiatus
434 2653 551 2683 existit
574 2670 622 2682 —.
647 2653 921 2683 Contradictores
949 2652 1146 2683 auctoritate
1173 2660 1248 2681 nos-

237 2707 289 2736 tra
306 2707 367 2736 etc.
385 2714 492 2744 usque
506 2706 760 2744 compescendo.
776 2706 919 2736 Proviso
937 2705 1026 2745 quod
1043 2705 1130 2736 idem
1149 2714 1247 2735 cano-

239 2758 346 2795 nicuS,
359 2767 433 2789 cum
451 2759 484 2788 in
500 2758 630 2798 prefata
648 2759 790 2789 ecclesia
807 2759 1076 2798 Petragoricensi
1093 2760 1248 2797 receptus

240 2811 341 2842 fuerit
358 2813 389 2842 et
405 2811 610 2851 prebendam
629 2812 766 2850 pacifice
783 2814 970 2848 assecutus,
993 2812 1115 2842 dictam
1133 2820 1247 2851 parro-

238 2863 381 2894 chialem
397 2864 586 2900 ecclesiam,
606 2873 707 2904 quam
724 2873 765 2895 ex
782 2866 861 2895 tunc
879 2873 998 2895 vacare
1021 2864 1246 2902 decernimus,

240 2917 376 2948 omnino
401 2917 549 2948 dimittat
579 2919 611 2948 et
637 2917 726 2957 quod
753 2918 838 2957 ipse,
865 2918 951 2948 sicut
984 2917 1132 2957 requiret
1160 2926 1245 2948 onus

994 217 1238 250 REGISTRES
1266 218 1480 250 D'URBAIN
1510 218 1569 250 IV.

1306 304 1474 344 prebende
1493 314 1593 344 quam
1612 314 1688 336 eum
1713 306 1911 336 auctoritate
1933 307 2144 345 presentium
2164 307 2316 339 obtinere

1307 359 1496 398 contigerit,
1521 359 1563 389 ad
1581 359 1719 390 ordines
1742 360 1880 390 statutis
1905 360 2117 399 temporibus
2131 369 2167 391 se
2185 369 2317 400 promo-

1307 412 1377 442 veri
1397 412 1497 443 faciat
1507 414 1539 442 et
1556 413 1782 451 personaliter
1792 413 1939 444 resideat
1957 414 1991 444 in
2008 413 2136 444 eadem.
2155 414 2318 453 Alioquin

1306 465 1500 505 hujusmodi
1519 466 1627 505 gratia
1641 466 1768 496 nullius
1785 467 1920 505 penitus
1935 467 1979 497 sit
1998 467 2174 497 momenti.
2192 468 2318 498 Datum

1307 519 1394 559 apud
1419 519 1707 556 Urbemveterem,
1724 530 1772 549 1111
1790 520 1867 550 idus
1886 519 2045 555 octobris,
2064 529 2152 551 anno
2173 523 2283 551 tertio.
2302 531 2318 550 »

1396 708 1490 738 2201
1794 707 1919 738 Orvieto,
1940 708 1971 734 11
1987 707 2150 742 septembre
2164 709 2243 736 1263.

1341 791 1529 818 Thesaurario
1543 792 1681 819 ecclcsiae
1702 791 1857 819 Toletanae
1875 793 1998 820 mandat
2018 796 2047 820 ut
2066 793 2218 820 Alsonsum
2236 793 2318 821 Pela·

1306 841 1357 875 gii,
1377 840 1514 868 clericum
1538 840 1617 868 chori
1635 841 1774 868 ecclesiae
1794 841 1995 877 Legionensis,
2021 842 2050 868 in
2075 843 2175 869 eadem
2193 844 2318 870 ecclesia

1306 890 1335 917 in
1352 890 1561 925 portionarium
1588 890 1676 925 recipi
1702 890 1798 918 saciat.
1819 891 1899 925 (Rea.
1915 892 1960 922 29,
1980 891 2028 918 fol.
2047 892 2099 920 232
2120 897 2157 923 v⁰‚
2177 899 2207 918 n·²
2223 893 2317 925 1250.)

1346 1010 1361 1029 «
1380 999 1583 1029 Thesaurario
1611 998 1732 1029 ecclesie
1759 998 1912 1029 Toletane.
1939 999 2006 1030 Sua
2039 999 2138 1030 nobis
2173 999 2318 1030 dilectus

1305 1053 1398 1084 filius
1414 1053 1578 1084 Alfonsus
1603 1053 1745 1092 Pelagii,
1764 1053 1908 1083 clericus
1929 1052 2022 1083 chori
2039 1053 2180 1083 ecclesie
2200 1053 2319 1092 Legio-

1306 1107 1434 1142 nensis,
1462 1106 1626 1145 petitione
1649 1106 1851 1137 monstravit
1867 1106 1968 1145 quod,
1985 1114 2061 1136 cum
2078 1106 2189 1136 felicis
2206 1115 2318 1137 recor-

1305 1160 1453 1190 dationis
1481 1159 1675 1190 Alexander
1693 1168 1792 1198 papa‚
1810 1159 2032 1198 predecessor
2050 1161 2176 1194 noster,
2194 1159 2317 1190 dilecto

1305 1213 1376 1244 filio
1389 1237 1396 1242 .
1412 1237 1418 1242 .
1439 1213 1568 1243 cantori
1583 1213 1724 1243 ecclesie
1739 1213 1932 1251 Ovetensis,
1942 1213 2092 1243 dedisset
2108 1221 2167 1252 per
2185 1212 2318 1244 litteras

1305 1267 1510 1306 apostolicas
1538 1267 1572 1296 in
1589 1266 1759 1296 mandatis
1777 1268 1813 1296 ut
1831 1266 1942 1296 eidem
1958 1266 2080 1296 clerico
2096 1266 2137 1296 de
2154 1265 2318 1297 beneficio

1305 1320 1546 1356 ecclesiastico,
1563 1328 1638 1350 cum
1659 1328 1739 1350 cura
1757 1319 1810 1349 vel
1825 1319 1899 1349 sine
1916 1328 2007 1355 cura,
2022 1319 2111 1358 quod
2129 1319 2163 1349 in
2179 1319 2317 1350 civitate

1305 1374 1358 1404 vel
1377 1373 1504 1404 diocesi
1517 1373 1720 1412 Legionensi
1734 1374 1827 1403 tanto
1840 1362 1993 1411 tempore
2010 1373 2213 1408 vacavisset,
2228 1372 2319 1412 quod

1305 1427 1415 1466 ipsius
1440 1426 1575 1457 collatio
1605 1428 1695 1456 esset
1722 1426 1763 1456 ad
1783 1426 1897 1456 sedem
1918 1425 2141 1464 apostolicam
2167 1425 2318 1466 legitime

1305 1480 1474 1518 devoluta,
1502 1480 1706 1518 provideret,
1722 1479 1894 1510 Johannes
1912 1479 2023 1509 dictus
2049 1479 2159 1514 Paam,
2184 1479 2320 1510 canoni-

1305 1542 1364 1563 cus
1381 1533 1616 1572 Legionensis,
1634 1533 1687 1562 cui
1711 1533 1822 1562 dictus
1846 1534 1962 1562 cantor
1979 1540 2082 1570 super
2101 1531 2161 1562 hoc
2180 1532 2320 1562 commi-

1306 1588 1395 1617 serat
1406 1587 1498 1616 vices
1515 1594 1606 1622 suas,
1620 1586 1708 1616 dicto
1721 1585 1843 1616 clerico
1864 1585 2043 1615 ecclesiam
2057 1585 2164 1615 sancti
2179 1585 2317 1621 Felicis,

1304 1640 1454 1679 predicte
1467 1639 1625 1674 diocesis,
1640 1648 1740 1678 quam
1756 1639 1871 1669 taliter
1890 1647 2008 1668 vacare
2022 1638 2164 1675 invenit,
2176 1638 2320 1669 auctori-

1304 1695 1373 1724 tate
1389 1694 1581 1723 litterarum
1596 1693 1747 1731 ipsarum
1761 1692 1913 1722 conferre
1925 1692 2067 1727 curavit,
2081 1694 2218 1731 propter
2229 1691 2320 1731 quod

1305 1747 1420 1777 dilecti
1448 1746 1553 1777 filii..
1578 1746 1694 1782 abbaS,
1713 1747 1745 1776 et
1773 1747 1957 1776 conventus
1983 1745 2182 1776 monasterii
2209 1745 2319 1776 sancti

1305 1800 1469 1834 Facundi,
1483 1799 1614 1830 ordinis
1631 1799 1738 1829 sancti
1748 1799 1934 1835 Benedicti,
1947 1798 2076 1837 prefate
2088 1798 2245 1835 diocesis,
2260 1798 2319 1838 qui

1305 1854 1485 1884 ecclesiam
1505 1853 1615 1892 ipsam
1640 1853 1681 1882 ad
1701 1861 1736 1883 se
1761 1852 1931 1891 pertinere
1956 1853 2126 1887 asserunt,
2143 1851 2186 1881 ad
2203 1851 2318 1882 sedem

1305 1907 1527 1945 apostolicam
1560 1906 1785 1945 appellarunt.
1805 1905 1845 1935 Et
1876 1905 1954 1935 licet
1978 1905 2067 1935 idem
2090 1905 2234 1935 clericus
2261 1913 2316 1944 ap-

1305 1961 1524 2000 pellationem
1554 1959 1749 1998 hujusmodi
1778 1967 1890 1989 coram
1912 1958 2035 1988 dilecto
2064 1958 2135 1988 filio
2153 1958 2318 1998 magistro

1304 2014 1472 2045 Dalfinate
1503 2013 1543 2043 de
1561 2012 1717 2051 Neapoli,
1735 2011 1909 2050 capellano
1926 2013 2053 2047 nostro,
2075 2019 2175 2050 quem
2200 2011 2318 2050 prede-

1305 2076 1420 2098 cessor
1449 2067 1521 2105 ipse
1541 2066 1714 2104 deputavit
1739 2065 1926 2095 auditorem
1942 2064 2109 2103 partibus,
2123 2064 2225 2094 fuerit
2242 2073 2317 2103 pro·

1305 2122 1441 2151 secutus
1468 2119 1626 2157 idemque
1654 2118 1798 2153 auditor,
1817 2118 1961 2156 cognitis
1978 2117 2173 2156 hujusmodi
2190 2118 2317 2157 negotii

1305 2173 1438 2204 meritis
1456 2174 1487 2202 et
1501 2172 1589 2211 juris
1607 2172 1724 2202 ordine
1741 2171 1931 2205 observato,
1951 2171 2168 2201 diffinitivam
2184 2179 2246 2210 pro
2263 2179 2318 2201 eo-

1305 2227 1379 2257 dem
1397 2226 1519 2256 clerico
1535 2225 1736 2255 senteutiam
1758 2224 1994 2263 promulgarit,
2015 2226 2105 2254 certo
2123 2232 2227 2263 super
2242 2224 2318 2263 ipsa

1305 2289 1323 2310 a
1339 2280 1577 2319 predecessore
1607 2279 1680 2317 ipso
1706 2280 1885 2308 executore
1908 2286 2080 2312 concesso,
2107 2277 2188 2316 quia
2203 2279 2318 2308 tamen

1305 2333 1477 2371 predictus
1507 2331 1610 2362 abbas
1638 2331 1865 2370 postmodum,
1889 2331 1930 2361 ad
1948 2331 2063 2361 sedem
2094 2330 2317 2369 apostolicam

1306 2385 1477 2421 accedens,
1504 2385 1734 2424 provisionem
1756 2385 1878 2415 factam
1897 2386 1929 2415 et
1946 2384 2183 2415 executionem
2201 2383 2316 2423 hujus-

1306 2439 1395 2469 modi
1422 2448 1439 2469 a
1459 2439 1547 2469 dicto
1572 2439 1811 2478 predecessore
1841 2437 1987 2469 obtinuit
2016 2437 2180 2473 revocari,
2204 2437 2316 2468 dictus

1305 2492 1448 2522 clericus
1467 2492 1598 2522 nullum
1617 2492 1658 2522 de
1676 2492 1855 2531 premissis
1872 2491 1935 2522 suit
1951 2490 2167 2521 commodum
2185 2498 2316 2521 assecu-

1304 2547 1371 2580 tus,
1405 2547 1540 2584 propter
1561 2545 1650 2584 quod
1673 2545 1762 2574 idem
1778 2544 2011 2583 predecessor,
2029 2542 2208 2573 laboribus
2234 2542 2316 2573 dicti

1304 2599 1418 2629 clerici
1443 2598 1663 2637 compatiens,
1685 2607 1744 2637 per
1760 2598 1892 2628 litteras
1909 2605 1990 2627 suas
2007 2595 2194 2626 venerabili
2219 2595 2317 2626 fratri

1304 2654 1419 2682 nostro
1434 2676 1439 2681 .
1455 2652 1643 2691 episcopo,
1655 2653 1686 2682 et
1699 2651 1832 2681 dilectis
1843 2650 1924 2680 tiliis
1937 2649 2086 2689 capitulo
2095 2648 2316 2689 Legiouensi-

1303 2704 1367 2735 bus
1389 2713 1504 2743 preces
1520 2706 1552 2735 et
1578 2704 1775 2735 mandatum
1798 2703 1861 2734 sub
1885 2705 1976 2734 certa
2002 2702 2112 2733 forma
2131 2702 2256 2732 direxit
2280 2702 2317 2732 ut

1304 2767 1391 2794 eum,
1402 2758 1459 2797 qui
1475 2758 1533 2788 diu
1546 2758 1579 2788 in
1591 2757 1742 2797 predicta
1753 2756 1896 2787 ecclesia
1908 2755 2113 2795 Legionensi
2130 2755 2317 2786 seri-iverat

1304 2814 1335 2842 et
1358 2811 1489 2842 nullum
1510 2811 1712 2842 beneficium
1737 2809 1921 2844 obtinebat.
1946 2809 1980 2839 in
2002 2808 2202 2839 canonicum
2227 2810 2259 2838 et
2282 2807 2317 2838 in

1304 2865 1441 2895 fratrem
1463 2864 1650 2903 reciperent
1676 2873 1712 2894 ac
1733 2863 1800 2894 sibi
1811 2863 1852 2893 de
1875 2861 2056 2902 prebenda,
2074 2861 2181 2901 siqua
2193 2861 2227 2891 in
2242 2861 2316 2900 ipsa

1303 2918 1444 2948 ecelesia
1454 2918 1534 2948 tunc
1548 2916 1685 2947 vacabat
1695 2916 1747 2947 vel
1761 2915 1932 2955 quamcito
1947 2914 2092 2945 facultas
2109 2915 2312 2951 occurreret,
