2519 3262
229 250 287 279 304

234 332 331 363 nobis
358 331 531 362 humiliter
548 329 767 369 supplicastis
793 331 828 359 ut
852 328 948 359 vobis
974 329 1139 359 retinendi
1163 339 1236 368 pre-

233 386 341 416 dictos
376 385 496 415 fratres
525 383 733 422 VVigandum
759 384 791 413 et
816 383 1027 413 Rurkardum
1055 391 1091 413 ac
1116 383 1164 413 eis
1189 392 1236 413 re-

232 438 389 470 manendi
409 438 441 467 in
470 437 585 467 eodem
614 436 819 466 monasterio
843 437 966 471 vestro,
989 444 1052 465 non
1078 436 1236 466 obstanti-

234 492 296 522 bus
321 493 487 530 precepto,
516 489 715 519 inhibitione
744 491 775 519 et
807 489 1046 519 constitutione
1078 489 1238 528 predictis

233 546 289 575 aut
314 543 522 581 induigentia
547 542 637 572 sedis
667 542 814 581 ejusdem
841 550 906 580 qua
938 541 1098 571 fratribus
1131 542 1239 580 ipsius

234 598 362 628 ordinis
381 597 548 627 Minorum
574 596 696 626 dicitur
713 604 786 625 esse
805 604 1003 625 concessum
1021 597 1056 625 ut
1075 595 1189 624 nullus
1207 594 1237 623 in

235 651 352 681 ordine
381 650 453 688 Ipso
485 649 660 688 professus
688 648 796 687 possit
827 649 867 678 ad
887 649 989 679 alium
1027 649 1178 678 ordinem
1204 656 1239 677 se

235 703 428 739 transferre,
450 712 508 741 per
523 702 654 732 litteras
672 702 762 732 sedis
776 701 925 739 ejusdem
945 702 976 731 in
996 701 1118 740 quibus
1133 701 1172 731 de
1193 701 1240 730 in-

234 757 327 786 dulto
353 755 544 794 hujusmodi
574 755 659 785 sacta
682 763 747 784 non
786 755 885 785 fuerit
915 755 1039 785 mentio
1069 754 1240 793 specialis,

237 810 308 839 sive
332 809 483 848 qualibet
501 808 568 838 alia
585 808 795 847 indulgentia
822 808 908 838 dicte
928 808 1030 843 sedis,
1051 808 1089 837 de
1107 816 1172 845 qua
1190 816 1241 837 cu-

231 862 354 900 jusque
376 862 444 890 toto
471 862 585 890 tenore
612 860 651 889 de
675 859 776 889 verbo
803 860 842 889 ad
869 860 1007 889 verbum
1034 861 1184 898 oporteat
1208 859 1241 889 in

238 914 363 945 nostris
382 913 506 944 litteris
522 913 656 951 plenam
673 915 704 943 et
721 921 917 951 expressam
935 912 1006 942 lieri
1023 912 1240 948 mentionem,

238 968 412 998 licentiam
432 966 613 997 concedere
630 966 856 1005 dignaremur.
879 966 948 996 Nos
974 966 1097 1004 itaque,
1118 965 1243 995 vestris

238 1020 543 1060 supplicationibus
572 1019 736 1053 inclinati,
753 1018 849 1049 vobis
871 1022 902 1049 et
926 1019 1051 1049 eisdem
1081 1018 1243 1049 fratribus

240 1074 409 1113 Wigando
435 1074 467 1104 et
491 1073 680 1109 Burkardo,
706 1081 771 1102 non
806 1072 1019 1103 obstantibus
1050 1071 1241 1111 premissis,

238 1127 437 1158 auctoritate
456 1126 677 1165 presentium,
697 1126 868 1156 licentiam
889 1126 1104 1155 concedimus
1129 1126 1242 1164 postu-

237 1181 353 1211 latam.
372 1180 498 1210 Datum
525 1180 610 1218 apud
631 1179 919 1216 Urbemveterem,
940 1189 994 1208 vin
1011 1179 1173 1209 kalendas
1190 1188 1244 1209 au-

237 1234 337 1273 gusti,
357 1242 443 1264 anno
458 1233 569 1264 tertio.
588 1244 602 1262 »

330 1415 423 1446 1923

796 1410 919 1443 0rvieto,
938 1411 971 1437 25
984 1411 1080 1446 juillet
1098 1410 1173 1437 1264.

275 1498 386 1525 Decano
411 1498 550 1525 ecclcsiae
575 1506 595 1523 S.
619 1496 769 1524 Trinitatis
789 1496 930 1531 Spin-usis
956 1497 1072 1523 mandat
1095 1498 1124 1522 ut
1145 1496 1247 1523 fratres

244 1546 416 1582 Wigandum
436 1550 462 1573 et
489 1547 668 1573 Burkardum
688 1547 722 1572 ab
743 1546 1074 1573 excommunicationum
1097 1545 1247 1571 sententiis

240 1596 379 1623 absolvat.
396 1596 473 1629 (am.
492 1596 537 1629 29,
552 1595 600 1621 sol.
619 1595 666 1622 198
684 1601 719 1626 νο,
737 1601 764 1621 [1ο
783 1597 857 1628 973.)

280 1716 294 1736 «
319 1706 437 1735 flacano
455 1705 574 1735 ecclesie
589 1716 612 1734 s.
644 1705 801 1734 Trinitatis
816 1705 984 1744 Spirensis.
1008 1704 1130 1735 Petitio
1147 1704 1248 1734 dilee-

241 1760 349 1789 torum
369 1759 516 1789 tiliorum
532 1775 581 1787 —.
600 1759 723 1789 Datum
741 1760 777 1788 ut
795 1767 908 1796 supra.
930 1767 944 1786 ))

336 1939 429 1969 1924
801 1935 926 1963 Orvieto‚
944 1935 978 1961 22
990 1934 1085 1969 juillet
1104 1934 1179 1961 ieci.

280 2021 379 2048 abbati
404 2020 533 2047 Cistercii
561 2023 587 2047 et
616 2020 742 2054 capitulo
766 2021 892 2053 generali
918 2019 1119 2047 (listerciensis
1143 2019 1251 2045 ordinis

245 2071 359 2097 mandat
383 2072 411 2096 ut
429 2070 591 2096 absentiam
604 2069 764 2097 (lottet‘ridi.
782 2069 893 2095 abbatis
916 2069 1084 2095 monasterii
1101 2068 1170 2095 Novi
1188 2069 1252 2094 Cas-

244 2120 292 2152 tri,
308 2119 431 2146 habeant
447 2122 622 2146 excusatam.
646 2119 722 2153 (llice.
741 2120 784 2148 29,
803 2118 850 2144 sol.
874 2119 920 2144 1118
937 2126 974 2144 vo,
994 2126 1023 2143 11¹·
1036 2117 1110 2150 972.)

287 2241 303 2261 «
322 2231 437 2261 Abbati
456 2229 598 2260 Cisterrii
623 2235 648 2258 et
672 2229 806 2269 capitulo
822 2228 959 2269 φήην-(Αἱ
979 2228 1186 2258 cislerciensis
1205 2238 1253 2256 or-

246 2284 338 2313 dinis.
357 2286 441 2314 (Ium
454 2284 612 2314 dilectum
635 2283 741 2313 tilium
758 2282 997 2318 (lottefridum,
1012 2281 1166 2312 abbatem
1186 2290 1253 2311 mo-

247 2338 386 2368 nasterii
415 2338 500 2368 Novi
528 2337 649 2373 Castri,
687 2336 791 2367 vestri
822 2335 963 2370 ordinis,
995 2335 1254 2373 Argentinensis

247 2391 404 2426 diocesis,
424 2399 482 2428 pro
503 2389 705 2429 quibusdam
732 2389 857 2420 nostris
882 2391 913 2420 et
941 2388 1081 2419 ecclesie
1104 2389 1254 2419 Romane

248 2444 402 2483 negotiis,
421 2443 509 2482 apud
526 2443 639 2473 sedem
658 2443 879 2481 apostolicam
896 2441 1094 2472 duxerimus
1112 2441 1256 2471 retinen-

249 2497 340 2533 dum,
368 2497 623 2527 universitatem
654 2497 800 2526 vestram
826 2503 1014 2531 monemus,
1044 2503 1202 2533 rogamus
1224 2495 1256 2524 et

249 2550 422 2580 hortamur
446 2551 582 2585 attente,
610 2557 667 2587 per
691 2548 875 2587 apostolica
904 2548 1000 2578 vobis
1023 2547 1148 2586 scripta
1166 2556 1256 2577 man-

250 2603 367 2633 dantes
393 2604 560 2641 quatenus
594 2602 736 2632 eundem
769 2601 936 2638 abbatem,
964 2602 1004 2632 ob
1033 2601 1256 2632 reverentiam

251 2656 433 2695 apostolice
453 2656 543 2686 sedis
571 2657 603 2686 et
625 2657 788 2692 nostram,
810 2655 962 2686 habeatis
988 2655 1049 2685 hac
1074 2655 1144 2685 vice
1164 2664 1182 2685 a
1203 2663 1256 2684 ne-

251 2710 407 2740 cessitate
441 2709 595 2739 veniendi
628 2709 669 2739 ad
695 2711 845 2739 vestrum
878 2708 1033 2747 generale
1073 2708 1257 2748 capitulum

252 2764 460 2793 excusatum.
485 2763 608 2793 Datum
636 2763 723 2801 apud
747 2762 1035 2798 Urbemveterem,
1054 2771 1126 2792 V1111
1144 2761 1259 2792 kalen·

253 2816 313 2846 das
330 2817 476 2854 augusti,
495 2825 580 2846 anno
597 2817 708 2847 tertio.
727 2825 743 2845 »

978 245 1219 277 REGISTRES
1252 245 1466 276 D'URBAIN
1500 246 1555 276 IV.

1390 330 1484 361 1925

1854 329 1978 363 Orvieto,
1994 330 2028 357 26
2046 329 2140 365 juillet
2157 330 2233 357 1264.

1333 412 1516 439 Patriamdmc
1532 412 1765 439 ‚ierosolimitano
1783 414 1901 440 mandat
1918 417 1947 440 ut
1965 414 2135 440 Sarracenos
2149 417 2175 440 et
2187 414 2308 440 Judaeos

1300 469 1439 495 paupert—s
1457 462 1490 487 ud
1511 461 1650 488 unitatem
1667 461 1805 488 ecclesiae
1821 462 1949 489 converti
1975 462 2112 493 volentes,
2132 471 2181 496 per
2201 462 2260 488 dies
2280 462 2308 488 in

1297 511 1399 545 quibus
1417 510 1585 537 catechizari
1609 510 1731 541 valeant,
1749 511 1785 537 ab
1805 511 1933 538 ecclesiis
1952 511 1996 538 vel
2018 511 2201 537 monasteriis
2221 512 2308 537 Aevo-

1300 559 1396 586 nensis
1418 559 1544 586 civitatis
1565 563 1591 585 ct
1622 560 1743 586 diocesis
1769 560 1797 586 in
1819 560 1892 586 vitae
1913 560 2085 586 necessariis
2106 560 2191 586 faeiat
2215 560 2309 594 prori-

1299 608 1368 635 deri.
1387 609 1463 639 (Itan.
1484 610 1528 639 29,
1545 608 1591 634 sol.
1613 609 1660 635 198
1678 614 1714 639 ψ’,
1729 617 1759 634 no
1772 608 1849 643 975.)

1341 729 1355 747 t(
1387 743 1392 747 .
1412 744 1417 749 ,
1440 719 1622 758 patriarche
1635 718 1897 755 ι[ε’νωοΙίηιιἰαηο,
1915 717 2078 758 apostolice
2096 717 2175 747 sedis
2193 717 2310 746 nuntio.

1300 771 1477 805 Nonnulli,
1503 771 1589 801 sicut
1606 772 1795 810 accepimus
1812 788 1861 802 -—.
1879 772 2004 802 Datum
2029 771 2117 809 apud
2133 769 2313 801 L'rbemve

1303 827 1422 861 terem,
1444 834 1489 854 vn
1510 825 1673 855 kalendas
1690 825 1835 864 augusti,
1854 833 1940 855 anno
1964 824 2074 855 tertio.
2095 835 2108 851 »

1395 998 1491 1028 ’1926
1894 995 2020 1029 orvieto,
2038 996 2070 1022 ’17
2083 994 2145 1030 juin
2167 994 2243 1021 1204.

1345 1082 1384 1107 De
1406 1081 1573 1112 Faverneio,
1602 1090 1624 1107 s.
1643 1081 1798 1112 Benedicti,
1816 1083 1841 1107 et
1866 1082 1899 1107 de
1918 1080 2091 1112 Clarosonte,
2112 1078 2312 1106 Cisterciensis

1304 1130 1448 1161 ordinum,
1466 1130 1627 1162 abbatibus,
1644 1130 1807 1157 Bisuntinae
1817 1129 1950 1161 diocesis,
1962 1130 2078 1155 mandat
2091 1132 2121 1155 ut
2132 1127 2316 1155 Guillelmum

1305 1180 1338 1207 de
1352 1179 1520 1212 Faverneio,
1536 1179 1749 1206 thesaurarium
1763 1180 1901 1206 ecelesiae
1915 1178 2096 1209 Coronensis,
2111 1178 2154 1211 (1.,
2167 1186 2189 1204 s.
2204 1176 2317 1211 Georgii

1306 1230 1342 1256 ad
1367 1229 1470 1256 Velum
1496 1230 1620 1255 Aureum
1646 1229 1757 1255 diaconi
1782 1228 1947 1261 cardinalis,
1973 1227 2163 1261 capellanum,
2185 1226 2315 1261 ejusdem

1308 1278 1463 1306 cardinalis
1475 1278 1604 1309 obtentu,
1621 1278 1649 1304 in
1661 1277 1782 1304 eeclesia
1797 1286 1820 1304 s.
1834 1277 1938 1304 Mariae
1953 1277 2136 1311 Magdalenae
2151 1275 2316 1302 Bisuntinae

1307 1327 1335 1354 in
1367 1328 1538 1355 canonicum
1556 1330 1585 1354 et
1609 1327 1636 1353 in
1659 1326 1790 1360 fratrem,
1815 1326 1867 1353 sub
1895 1325 2107 1361 exspectatione
2128 1325 2318 1360 praebendae,

1308 1377 1399 1411 recipi
1416 1377 1535 1404 saciant.
1556 1376 1633 1410 (nm.
1652 1377 1696 1409 229,
1711 1376 1759 1402 sol.
1777 1376 1824 1404 198
1847 1381 1884 1409 ν’,
1906 1381 1935 1401 n⁰
1954 1375 2028 1409 976.)

1349 1499 1363 1519 (1
1383 1513 1387 1518 .
1409 1512 1416 1518 .
1439 1489 1474 1518 de
1498 1488 1677 1523 Faverneio,
1704 1498 1727 1517 ς.
1754 1486 1924 1522 Benedicti,
1948 1490 1974 1515 et
2002 1510 2007 1515 .
2027 1493 2050 1517 .’
2066 1485 2102 1515 de
2127 1484 2318 1523 Clorofonle,

1310 1542 1519 1573 Cisterciensis
1536 1541 1689 1577 ordinum,
1707 1541 1877 1575 abbatibus,
1895 1540 2053 1570 Bisunline
2069 1539 2205 1569 diocesis.
2223 1539 2321 1569 Circa

1308 1597 1388 1627 illos
1408 1598 1443 1627 in
1460 1614 1508 1625 -.
1526 1597 1650 1626 Datum
1673 1595 1761 1633 apud
1786 1593 2074 1628 Urbemveterem‚
2094 1602 2138 1623 xv
2158 1592 2320 1623 kalendas

1305 1649 1396 1689 julii,
1415 1658 1501 1680 anno
1520 1649 1631 1679 tertio.
1652 1657 1668 1678 »

1402 1824 1495 1854 1927
1863 1819 1988 1852 Orvieto‚
2008 1819 2040 1847 18
2055 1818 2148 1854 juillet
2173 1818 2248 1846 1264.

1346 1906 1485 1941 Episcopo
1504 1906 1639 1932 Paduano
1654 1905 1775 1932 mandat
1789 1907 1819 1931 ut
1835 1903 2028 1931 Balzanellum
2045 1904 2079 1930 de
2095 1902 2224 1938 Yalegio,
2242 1902 2323 1929 cleri-

1310 1964 1390 1986 cum,
1407 1958 1507 1982 natum
1522 1954 1625 1981 nobilis
1645 1954 1698 1981 viri
1717 1954 1882 1984 piscatoris,
1895 1953 1965 1980 civis
1980 1951 2135 1982 Mantuani,
2155 1952 2182 1979 in
2202 1951 2322 1978 ecclesia

1311 2005 1464 2031 Muntuana
1482 2004 1510 2030 in
1525 2004 1707 2036 canonicum,
1727 2003 1779 2030 sub
1801 2002 2012 2036 exspectatione
2028 2002 2217 2036 praebendae,
2234 2000 2321 2035 recipi

1312 2053 1410 2080 l'aciat.
1426 2054 1504 2088 (luzo.
1520 2054 1566 2086 ιζ),
1586 2052 1632 2078 t‘ol.
1659 2053 1716 2083 159,
1732 2058 1761 2078 11⁰
1773 2052 1847 2086 977.)

1356 2176 1370 2195 «
1391 2166 1545 2204 Episcopo
1562 2164 1720 2194 l’mluano.
1741 2163 1936 2202 Apostolice
1955 2162 2046 2192 sedis
2064 2161 2256 2198 benignitas
2274 2177 2323 2188 —.

1314 2220 1438 2249 Datum
1473 2218 1560 2257 apud
1591 2217 1879 2252 Urbemvetereni,
1906 2225 1950 2246 xv
1980 2215 2143 2245 kalendas
2177 2214 2322 2253 augusti,

1314 2280 1401 2302 anno
1419 2271 1529 2301 tertio.
1552 2281 1566 2300 »

1408 2448 1501 2479 1928
1877 2444 2000 2473 Ori-teto,
2022 2443 2053 2470 18
2065 2442 2159 2478 juillet
2178 2441 2253 2468 1264.

1354 2531 1492 2566 Episcopo
1509 2531 1661 2558 Mantuano
1687 2531 1803 2556 mandat
1819 2532 1848 2556 ut
1867 2528 2044 2555 Ortonellum
2061 2527 2210 2558 clericum,
2228 2528 2327 2552 natum

1314 2581 1463 2614 quondum
1478 2580 1589 2607 Rizardi
1608 2581 1641 2606 dc
1659 2579 1845 2614 Μαι-2111611311,
1860 2578 1888 2604 in
1904 2577 2025 2604 eeclesia
2048 2575 2184 2603 Brixieusi
2201 2575 2228 2602 in
2242 2582 2328 2601 cano-

1316 2628 1412 2656 nicum
1440 2629 1527 2663 recipi
1549 2629 1646 2657 saciat.
1670 2628 1722 2655 sub
1740 2627 1951 2662 exspectatione
1972 2625 2161 2661 praebendae.
2186 2624 2263 2657 (Rae.
2282 2623 2328 2656 29,

1316 2678 1365 2705 sol.
1384 2679 1443 2706 199,
1462 2684 1490 2705 11⁰
1507 2679 1584 2711 978.)

1363 2798 1378 2817 1(
1408 2787 1563 2827 Episcopo
1584 2787 1762 2817 Mantuano.
1789 2785 2010 2816 ,attendentes
2031 2785 2160 2815 sincere
2180 2784 2327 2814 devotio-

1320 2841 1373 2871 nis
1391 2858 1440 2870 ——.
1462 2842 1582 2871 Datum
1599 2842 1635 2870 ut
1652 2848 1765 2878 supra.
1784 2849 1798 2868 1)
