2659 3242
93 475 104 501 l
111 473 170 500 264

70 523 153 558 sept.
192 522 222 548 5.

107 900 118 914 2

105 1219 117 1233 ι)
188 1219 200 1234 »

110 1540 122 1554 »
189 1539 202 1553 »

112 2055 124 2069 a
197 2046 215 2071 6
221 2066 227 2072 .

118 2473 129 2487 »
197 2472 208 2486 »

119 2809 131 2824 D
200 2808 212 2822 )

256 470 383 499 Orvieto.

894 272 1065 303 TABLES
1085 271 1144 300 DU
1164 268 1383 299 REGISTRE
1402 265 1611 296 D’URBAIN
1632 267 1671 294 {Y

1007 370 1091 394 Pages.
1111 367 1239 388 Numeros.

1039 425 1102 443 tome
1129 421 1158 441 ΙΙΙ

478 468 680 496 praecentori
705 467 854 494 ecclesiae
881 467 1032 492 senecen·
1052 462 1127 494 1469
1147 460 1244 493 12792

437 519 479 546 sis
517 518 648 545 mandat
688 518 724 543 ut
762 516 868 543 Tadeo
906 513 1034 548 presby-

434 569 513 600 tero,
542 565 704 601 capellano
738 564 878 599 episcopi
910 562 1036 590 Ostien-

435 617 488 649 sis,
523 615 589 650 jam
626 615 658 641 in
695 612 824 642 ecclesia
860 610 1035 642 Grassensi,

436 664 631 692 auctoritate
656 663 836 690 litterarum
863 659 1036 688 Alexandri

436 720 539 748 papae
564 712 642 745 1111,
664 711 697 738 in
719 710 907 739 canonicum
929 715 1035 742 recep-

437 764 481 796 to,
501 763 539 789 de
559 761 738 796 praebenda
758 760 790 786 in
811 759 920 786 eadem
941 757 1035 784 eccle-

439 812 484 839 sia
507 810 686 845 provideat.
1041 840 1104 859 tome
1131 838 1160 858 m

474 885 662 920 Praeposito
695 885 733 912 de
765 882 880 914 Aliate,
914 881 1031 908 Medio·
1052 877 1244 910 147012795

436 935 572 963 lanensis
594 933 736 965 diocesis,
758 932 892 959 mandat
915 931 951 956 ut
972 936 1036 955 ma-

436 985 572 1018 gistrum
602 984 640 1010 de
667 980 833 1013 Canturio,
862 984 1034 1014 pauperem

436 1033 593 1064 clericum,
613 1031 646 1058 in
665 1029 795 1057 ecclesia
815 1036 839 1055 s.
860 1027 981 1055 Uscetii
1000 1027 1037 1054 de

437 1081 582 1114 Galiano,
614 1077 860 1107 Mediolanensis
894 1075 1038 1107 diocesis,

439 1131 471 1157 in
495 1129 682 1158 canonicum
706 1127 804 1160 recipi
827 1125 935 1153 faciat.
1043 1160 1052 1179 t
1134 1158 1162 1178 m

1054 1163 1107 1179 ome

478 1205 636 1239 Episcopo
680 1201 846 1230 Grassensi
889 1200 1034 1227 concedit
1055 1197 1246 1230 147012796

438 1254 625 1282 facultatem
641 1251 784 1287 personis
801 1250 921 1278 idoneis
938 1249 1041 1276 cont'e-

436 1303 527 1331 rendi
552 1302 708 1329 beneficia
725 1307 808 1335 quae
834 1299 866 1326 in
891 1306 948 1326 sua
975 1298 1040 1325 dio-

438 1353 501 1380 cesi
522 1360 540 1379 a
561 1353 652 1378 tanto
674 1352 817 1384 tempore
854 1347 1040 1375 vacaverint

437 1402 525 1437 quod
553 1401 594 1427 ad
621 1401 727 1427 sedem
755 1397 964 1433 apostolicam
991 1403 1040 1422 eo-

440 1457 510 1477 rum
538 1449 666 1477 collatio
694 1447 869 1476 devenerit.
1045 1481 1053 1499 t
1135 1478 1165 1499 m

1056 1484 1108 1499 ome

480 1525 622 1554 ,Iohanni
661 1522 804 1556 Martini,
847 1520 997 1549 canonico
1018 1518 1209 1551 147012799

440 1573 711 1609 compostellano,
741 1572 874 1599 mandat
905 1571 941 1597 ut
970 1570 1042 1596 Fer—

439 1624 546 1651 nando
582 1621 724 1654 Martini,
760 1620 893 1655 pauperi
929 1618 1041 1646 clerico

438 1671 719 1707 compostellanae
775 1669 919 1701 diocesis,
972 1667 1040 1694 nul-

439 1722 504 1748 lum
534 1721 636 1748 adhuc
665 1718 854 1746 beneficium
883 1716 1043 1743 ecclesias-

439 1770 541 1798 ticum
578 1769 731 1797 assecuto.
748 1765 920 1802 provideat
948 1765 986 1792 de
998 1766 1050 1791 be-

443 1819 558 1847 neficio
597 1819 637 1846 ad
674 1816 878 1844 collationem
917 1814 1044 1841 abbatis

441 1869 474 1895 et
491 1868 669 1894 conventus
686 1864 873 1892 monasterii
891 1865 929 1891 de
945 1862 1043 1895 Cinis,

443 1916 562 1944 ordinis
612 1923 637 1942 s.
681 1913 861 1946 Benedicti,
915 1912 1055 1946 ejusdem

441 1965 586 1997 diocesiS,
630 1964 809 1998 spectante.

1048 1996 1112 2015 tome
1139 1994 1169 2015 ιιι

477 2041 640 2075 Episcopo
676 2037 870 2072 Lingonensi
904 2037 1039 2064 mandat
1060 2034 1135 2065 1468
1156 2033 1253 2066 12788

444 2092 480 2117 ut
498 2089 638 2116 Guidoni
656 2089 696 2116 de
713 2087 824 2120 Ylant,
843 2086 956 2113 clerico
975 2085 1044 2112 nul-

443 2140 509 2165 lum
543 2138 647 2165 adhuc
668 2135 859 2163 beneficium
882 2134 1042 2162 ecclesias-

445 2188 544 2215 ticum
589 2186 746 2218 assecuto,
789 2183 1043 2211 consideratione

444 2235 624 2263 Gualcherii
655 2235 693 2262 de
739 2233 856 2265 Breeis,
900 2232 1043 2259 canonici

444 2284 620 2316 Remensis,
643 2285 682 2311 de
704 2282 811 2317 aliquo
835 2280 990 2308 beneficio
1013 2280 1045 2306 in

447 2333 638 2368 Lingonensi
674 2331 806 2358 civitate
842 2330 893 2357 vel
930 2329 1046 2357 diocesi

446 2382 623 2417 provideat.

1049 2414 1112 2432 tome
1140 2411 1169 2432 111

483 2457 630 2491 Capitulo
656 2454 803 2482 ecclesiae
827 2461 851 2480 s.
877 2453 1045 2480 Frontonis
1065 2452 1140 2485 1469
1160 2451 1253 2481 12793

449 2504 718 2540 Petragoricensis
746 2503 877 2530 mandat
908 2503 945 2529 ut
973 2502 1049 2528 Gui-

449 2557 564 2584 donem
597 2555 635 2581 de
666 2553 856 2581 Malamorte
888 2550 1046 2582 clericum,

449 2603 717 2637 consanguineum
798 2599 1033 2627 Lemovicensis

449 2652 600 2688 episcopi,
625 2652 658 2678 in
681 2649 868 2677 canonicum
893 2647 1048 2682 recipiant

448 2702 541 2737 eique
569 2702 607 2728 de
634 2699 818 2735 praebenda
845 2697 1048 2732 provideant.

1051 2749 1116 2769 tome
1141 2747 1172 2768 lli

489 2793 645 2828 Episcopo
677 2790 894 2820 Lemovicensi
914 2789 1045 2816 mandat
1066 2787 1141 2819 1469
1161 2787 1257 2818 12794

452 2846 488 2872 ut
515 2842 626 2870 Heliae
653 2839 900 2872 Bartholomaci,
919 2838 1052 2873 pauperi

450 2892 653 2924 subdiacone,
682 2889 804 2917 nullum
818 2888 920 2916 adbuc
935 2886 1052 2914 beneti-

450 2942 532 2968 cium
549 2939 795 2967 ecclesiasticum
817 2937 972 2968 assecuto,
985 2941 1054 2969 pro-

1326 627 1401 655 1264

1305 677 1386 712 sept.
1426 676 1455 703 8,

1424 971 1453 997 8.

1427 1765 1437 1779 ι

1352 2551 1362 2565 »

1352 2795 1363 2809 »
1432 2793 1443 2807 »

1488 625 1613 654 Orvieio.

2407 261 2472 293 285

2237 359 2320 385 Pages.
2339 358 2468 380 Numeros.

1668 417 1777 444 videat
1793 418 1830 444 de
1845 416 1951 451 aliquo
1966 415 2118 442 beneficio
2131 416 2169 442 ad
2181 414 2273 441 colla—

1669 467 1787 493 tionem
1809 466 1935 492 abbatis
1954 466 1986 491 et
2006 465 2183 491 conventus
2204 470 2267 489 mo—

1667 515 1797 541 nasterii
1819 516 1857 542 de
1880 513 2001 547 Regula
2025 513 2268 543 Lemovicensis,

1668 565 1786 591 ordinis
1821 571 1844 589 s.
1880 563 2054 594 Benedicti,
2091 563 2267 596 spectante.

1708 626 1882 657 manfredo,
1916 625 2088 650 Veronensi
2123 624 2233 655 electo,
2271 624 2328 648 445
2387 622 2443 649 943

1671 674 1777 702 omnia
1795 674 1865 707 jura
1893 681 1975 707 quae
1993 673 2122 700 ecclesia
2151 672 2266 698 Boma-

1671 732 1710 751 na
1726 723 1757 750 in
1773 725 1877 750 castro
1894 724 1930 750 de
1944 721 2046 756 Carpo
2063 721 2194 756 ejusque
2210 723 2270 747 ter-

1672 772 1781 799 ritorio
1804 772 1929 798 obtinet
1951 772 1979 797 et
2003 778 2085 805 quae
2104 771 2266 804 quondam

1670 821 1853 848 Bertolinus
1868 819 2088 852 Tabernerius,
2104 820 2182 846 civis
2198 820 2270 847 Par·

1671 870 1798 901 mensis,
1812 870 1850 896 ab
1865 870 1972 896 eadem
1986 869 2116 895 tenebat.
2130 868 2271 898 ecclesia,

1672 919 1808 946 confert.

1710 968 1868 1002 Episcopo
1905 966 2097 993 Ferrariensi
2133 967 2165 992 et
2202 972 2265 992 ma·
2286 966 2385 996 1445·

1669 1017 1768 1051 gistro
1793 1016 1965 1049 Bernard0‚
1991 1014 2142 1042 canonico
2166 1014 2268 1041 Bono-

1670 1065 1778 1095 niensi,
1798 1065 1979 1101 praedictae
2003 1063 2174 1091 committit
2203 1070 2272 1090 exe-

1671 1115 1832 1142 cutionem
1856 1113 2047 1141 collationis.

1710 1163 1871 1198 Magistris
1896 1163 2060 1190 Homodeo
2084 1163 2123 1189 de
2143 1160 2265 1193 Crema,
2287 1161 2360 1190 ,445
2382 1160 2386 1188 1
2420 1160 2477 1186 945

1675 1213 1866 1241 subdiacono
1907 1211 2092 1246 apostolico,
2132 1211 2164 1237 et
2202 1210 2276 1237 Bar—

1674 1262 1854 1289 tholomaeo
1884 1262 1923 1288 de
1952 1263 2089 1292 Turan0,
2119 1259 2270 1287 canonico

1675 1311 1823 1338 ecclesiae
1853 1318 1877 1337 s.
1907 1309 2068 1338 Timothei
2097 1308 2275 1336 Remensis.

1673 1361 1805 1388 mandat
1836 1360 1872 1386 ut
1901 1358 2062 1385 nonnullis
2091 1357 2214 1385 civibus
2243 1359 2271 1384 et

1672 1408 1900 1436 mercatoribus
1952 1407 2153 1439 Florentinis,
2191 1414 2267 1441 quo-

1673 1465 1743 1485 rum
1770 1458 1900 1485 nomina
1927 1463 2075 1491 expressa
2104 1456 2273 1487 habentur,

1675 1509 1714 1535 ab
1733 1508 1874 1541 ipsorum
1894 1506 2103 1533 creditoribus
2121 1505 2153 1532 in
2172 1504 2277 1538 regnis

1677 1556 1838 1588 franciae,
1867 1555 2009 1589 Angliae,
2039 1554 2174 1586 scotiae,
2203 1553 2275 1581 Ala-

1676 1605 1833 1637 manniae,
1849 1604 2027 1632 Arelatensi
2061 1611 2094 1630 ac
2127 1603 2275 1637 partibus

1680 1654 1862 1687 Hiberniae,
1883 1653 2012 1680 walliae
2034 1654 2066 1679 etv
2089 1652 2274 1686 Hispaniae.

1679 1703 1929 1732 satisfactionem
1968 1701 2108 1736 impendi
2146 1700 2277 1727 faciant.

1715 1752 1933 1779 Provisionem
1967 1750 2115 1777 ecclesiae
2146 1750 2242 1777 Vero·
2262 1749 2337 1781 1447

1679 1801 1795 1834 nensis,
1821 1801 1847 1827 si
1870 1807 1927 1835 per
1951 1801 2087 1826 mortem
2113 1798 2280 1831 Manfredi‚

1679 1850 1771 1878 electi
1788 1849 1989 1881 Veronensis,
2010 1848 2049 1875 ab
2070 1848 2215 1874 hostibus
2234 1854 2280 1873 ec-

1679 1899 1791 1927 clesiae
1804 1898 1967 1925 Romanae
1979 1894 2176 1931 captivitati,
2187 1904 2279 1923 vaca—

1682 1956 1715 1976 re
1739 1948 1916 1981 contingat,
1942 1946 2001 1973 sibi
2026 1947 2178 1973 reservat.

1718 1997 1876 2032 Episcopo
1914 1995 2066 2022 Paduano
2105 1996 2236 2022 mandat
2257 1995 2329 2025 :447

1677 2047 1837 2082 quatenus
1862 2043 2113 2072 reservationem
2138 2040 2278 2075 praedic-

1679 2098 1745 2123 tam
1772 2095 1803 2122 in
1830 2094 1963 2121 civitate
1988 2090 2163 2119 Veronensi
2191 2090 2222 2115 et
2250 2089 2278 2114 in

1680 2145 1748 2172 aliis
1776 2143 1863 2176 locis,
1894 2142 1948 2169 ubi
1977 2140 2125 2175 expedire
2154 2138 2281 2165 viderit.

1678 2193 1833 2229 publicari
1862 2191 1971 2219 faciat.

1718 2243 1899 2269 Johannem
1937 2241 1975 2266 de
2010 2238 2272 2270 ‹tolun1p11a,po-

1682 2293 1840 2322 testatem,
1859 2290 1891 2315 et
1908 2289 2109 2316 Theodorum
2126 2287 2163 2312 de
2180 2285 2278 2310 Brun-

1681 2340 1782 2371 dusio,
1808 2338 1945 2372 judicem
1973 2335 2168 2368 Anagninos,
2195 2332 2296 2359 decla-

1682 2391 1726 2414 rat
1755 2396 1770 2415 a
1795 2385 1961 2413 sententiis
1985 2381 2281 2410 excommunicatio-

2419 965 2476 991 944

2396 1749 2455 1773 948

2390 1994 2448 2017 5⁰49

2316 2234 2368 2259 147
2390 2258 2391 2261 ,
2427 2231 2486 2257 950

1682 2438 1730 2464 nis
1753 2437 1917 2470 exemptos
1938 2440 2020 2468 quae
2043 2434 2081 2459 de
2097 2431 2144 2457 his
2166 2430 2282 2457 litteris

1684 2493 1744 2513 non
1766 2484 1897 2512 iecerint
1917 2482 2124 2509 mentionem.

1717 2533 1905 2561 Cornetanis
1928 2531 2050 2558 inhibet
2074 2537 2112 2556 ne
2137 2528 2274 2562 aliquem
2312 2526 2369 2552 448
2391 2532 2394 2556 1
2427 2525 2480 2551 951

1681 2585 1711 2611 in
1728 2583 1923 2618 potestatem
1939 2580 1991 2606 vel
2007 2579 2209 2613 capitaneum
2228 2576 2279 2602 eli-

1680 2633 1768 2667 gant,
1801 2631 1860 2658 nisi
1892 2635 1995 2664 papae
2028 2625 2274 2661 significaverint

1681 2686 1848 2716 personam
1873 2679 1904 2705 in
1927 2683 2024 2712 quam
2050 2682 2158 2702 eorum
2184 2674 2280 2701 animi

1682 2729 1870 2764 dirigantur.

1718 2777 1845 2805 Cinthio
1878 2775 2113 2809 Campagnann,
2161 2771 2278 2805 capita·
2300 2769 2398 2799 14481
2431 2766 2489 2795 952

1684 2834 1741 2855 neo
1759 2825 1950 2857 cornetano,
1970 2823 2102 2850 mandat
2120 2822 2279 2856 quatenus

1683 2875 1877 2911 praedictam
1916 2871 2138 2900 inhibitionem
2178 2869 2281 2896 obser-

1684 2924 1751 2952 vari
1774 2923 1880 2951 faciat.
