2519 3262
196 239 233 267 34

947 233 1189 265 REGISTRES
1220 232 1434 264 D'URBAIN
1466 232 1524 262 IV.

196 330 212 349 »
230 330 369 360 presens
389 321 650 350 instrumentum
670 320 740 349 vult
760 319 831 350 sieri
859 321 889 349 et
910 319 989 349 facit
1008 318 1200 349 manifesta.
1232 334 1234 359 l
1262 319 1462 356 perpetuum
1481 317 1657 347 silentium
1679 317 1902 355 imponentes.
1922 316 2091 354 Ceterum,
2108 325 2169 356 pro
2187 316 2275 346 bono

196 384 212 402 »
228 374 347 404 Actum
375 374 540 412 Lugduni,
568 373 783 412 presentibus
802 372 989 402 (iuarnerio
1007 371 1202 410 cappellano

195 435 211 455 »
229 427 268 456 de
288 426 528 465 Ambayciaw,
548 427 698 455 ,Iohanne
712 426 751 455 de
775 426 889 459 Porta,
908 424 1124 464 presbyterffi
1144 425 1203 454 Pe-

194 488 210 507 »
228 480 279 508 tro
299 479 476 509 Michaleto
499 479 633 513 clerico,
652 477 798 508 testibus
826 478 866 507 ad
886 478 945 507 hoc
969 477 1108 507 vocatis.
1134 477 1203 515 Ego

193 539 210 560 »
227 532 373 562 Thomas
387 532 567 570 lllancpeil,
579 532 775 561 auctoritate
791 531 977 569 apostolica
990 530 1202 566 scriniarius,
1234 569 1235 575 ἵ

193 585 405 623 »premissis
430 585 567 615 interfui
591 586 622 614 et
650 594 688 614 ea
719 594 737 614 a
763 584 851 614 dicto
872 583 1042 613 Bernardo
1066 585 1203 622 rogatus

192 646 208 666 »
229 638 349 676 scripsi
365 639 395 668 et
411 637 590 676 publicavi.
608 637 647 667 Et
665 646 724 675 ego
743 638 871 675 symon
886 637 925 666 de
944 636 1060 671 Reate,
1073 638 1204 674 aposto-

191 699 207 719 »
223 691 285 721 lice
294 691 384 720 sedis
395 691 592 732 auctoritate
603 691 767 726 notarius,
781 690 930 728 predicto
942 689 1199 727 compromisso,

191 753 207 773 »
221 745 319 783 prout
332 744 488 782 superius
506 744 707 778 continetur,
726 743 863 773 interl'ui
883 745 913 772 et
933 742 1018 772 illud
1037 751 1103 772 una
1126 751 1200 772 cum

190 806 206 826 ))
221 799 335 827 1011010
355 797 495 835 predicti
514 797 605 827 Petri
630 797 669 826 de
684 796 854 827 Fornellis
873 795 1106 834 procuratorio
1125 795 1200 825 huic

190 859 206 879 »
223 850 468 889 compromisso
486 850 625 886 inserto,
643 850 765 888 scripsi
786 851 920 888 rogatus
938 850 969 879 et
985 849 1017 878 in
1030 848 1200 887 publicam

190 912 206 932 ›)
224 903 365 933 sormam
384 903 507 942 redegi.
525 912 542 932 »

229 967 243 985 ‹<
261 957 331 987 Nos
348 956 459 993 igitur,
477 956 671 995 hujusmodi
689 956 935 994 compromisso
952 956 1085 993 recepto
1103 956 1135 985 et
1154 963 1202 984 re-

189 1011 279 1039 tenta
297 1009 393 1039 nobis
410 1009 651 1039 nichilominus
671 1009 882 1042 auctoritate,
904 1008 1001 1038 nobis
1025 1017 1127 1047 super
1140 1007 1201 1038 hoc

189 1072 207 1092 a
220 1063 355 1092 domino
378 1071 463 1101 papa
479 1071 647 1097 concessa,
668 1071 703 1092 ac
723 1071 741 1092 a
756 1061 910 1100 partibus
927 1061 1055 1091 eisdem
1076 1061 1109 1091 in
1128 1061 1201 1100 ipsa

1263 371 1356 409 pacis
1388 372 1418 400 et
1443 370 1632 405 concordie,
1663 371 1863 400 auctoritate
1876 370 2028 409 delegata
2049 371 2080 399 et
2097 369 2277 400 arbitraria

1264 423 1437 462 predictis,
1454 423 1663 457 ordinamus,
1674 423 1869 456 statuimus,
1878 422 2108 461 providemus,
2120 422 2278 452 volumus

1264 478 1295 506 et
1313 476 1524 512 mandamus,
1544 475 1760 511 arbitramur,
1777 476 1992 505 decernimus
2017 477 2117 514 atque
2134 475 2277 514 precipi-

1264 538 1350 564 mus,
1369 532 1403 559 ut
1428 529 1539 559 dictus
1558 529 1725 568 dompnus
1743 529 1936 560 Bernardus
1955 527 2144 567 presbyter,
2164 527 2275 566 quoad

1263 583 1451 616 vixerit‚sit
1468 584 1650 621 perpetuus
1669 583 1815 612 vicarius
1831 584 1860 612 et
1881 581 2042 611 habeatur
2059 581 2099 611 ab
2117 581 2276 610 omnibus

1262 638 1425 674 perpetuo
1440 636 1588 665 vicarius
1605 635 1637 665 in
1657 635 1772 666 eadem
1787 635 1928 665 ecclesia
1951 634 1990 663 de
2005 636 2096 664 Ansa
2115 636 2143 663 et
2160 641 2278 664 omnes

1263 689 1392 719 fructus
1418 691 1448 719 et
1470 689 1633 724 reddituS,
1663 688 1883 718 obventiones
1908 690 1937 717 et
1965 689 2147 725 proventus
2165 687 2276 725 ipsius

1262 742 1414 778 ecclesie,
1442 742 1646 780 quicumque
1667 741 1746 777 sint,
1768 741 2001 779 undecumque
2024 741 2223 779 proveniant
2246 740 2278 769 et

1231 801 1232 805 ¹
1262 796 1295 825 in
1322 795 1590 834 quibuscumque
1619 795 1815 829 consistant,
1836 794 1945 832 plene,
1964 793 2069 823 libere
2091 796 2120 822 ct
2150 793 2274 831 quiete,

1231 856 1232 865 ¹
1262 849 1389 887 integre
1415 857 1451 878 ac
1474 848 1546 877 sine
1566 848 1791 877 diminutione
1809 850 1839 877 et
1857 847 2050 876 reductione
2069 846 2183 884 aliqua
2202 854 2276 884 per-

1231 920 1232 929 ,
1261 902 1362 940 cipiat
1389 903 1420 931 et
1441 901 1574 937 habeat,
1598 910 1633 931 ac
1660 901 1783 931 dictam
1811 900 1972 929 vicariam
2003 899 2111 938 ipsius
2133 898 2276 929 ecclesie

189 1124 289 1146 causa
310 1116 499 1146 renuntiato
517 1117 549 1145 et
565 1115 701 1145 omnino
719 1115 888 1149 concluse,
908 1114 1081 1153 productis
1098 1114 1199 1144 etiam
1230 1149 1231 1155 ἵ

189 1168 229 1198 ab
246 1169 373 1199 eisdem
404 1168 556 1207 partibus
585 1168 743 1198 omnibus
769 1168 1005 1198 instrumentis
1022 1170 1053 1197 et
1077 1167 1200 1197 litteris

188 1230 315 1252 necnon
335 1221 470 1259 juribus
495 1223 527 1251 et
555 1221 742 1251 rationibus
772 1229 855 1259 quas
873 1221 1055 1259 producere
1084 1220 1200 1250 Volue-

188 1276 277 1310 runt,
302 1276 385 1304 visis
409 1277 441 1304 et
468 1275 650 1305 intellectis
678 1274 866 1304 rationibus
886 1276 917 1304 et
940 1273 1200 1312 allegationibus

188 1328 334 1366 partium
361 1328 555 1363 earundem,
576 1327 688 1357 habito
710 1336 842 1366 quoque
863 1336 964 1365 super
981 1327 1040 1356 hoc
1058 1326 1200 1356 consilio

187 1381 385 1419 peritorum,
411 1391 447 1410 ac
474 1381 647 1411 nobiscum
680 1381 778 1419 plena
811 1380 1054 1410 deliberatione
1087 1379 1201 1410 habita

188 1434 381 1472 petentibus
407 1434 544 1472 Insuper
568 1433 721 1471 partibus
754 1433 837 1471 ipsis
854 1435 887 1462 ut
910 1433 1130 1471 pronuntiare
1147 1441 1200 1462 su-

188 1495 245 1525 per
263 1487 323 1516 hoc
342 1487 542 1517 deberemus
561 1495 617 1524 per
633 1496 670 1516 ea
687 1496 750 1524 11110
769 1487 917 1516 vidimus
933 1488 964 1515 et
981 1486 1200 1523 cognovimus

187 1540 376 1577 diligenter,
389 1549 463 1570 cum
475 1542 601 1570 constet
615 1539 711 1569 nobis
724 1540 847 1569 dictam
866 1539 1043 1568 ecclesiam
1057 1539 1096 1568 de
1107 1540 1200 1569 Ansa

186 1595 357 1623 vacantem
385 1594 492 1623 eidem
518 1593 680 1631 magistro
710 1593 811 1622 Petro
834 1592 985 1622 (lorderii
1009 1600 1068 1630 per
1094 1592 1199 1621 domi-

186 1655 265 1676 num
298 1656 419 1684 papam
449 1646 606 1676 ‹fanonice
629 1646 734 1675 tuisse
752 1645 919 1679 collatam,
935 1647 1115 1683 antequam
1140 1645 1197 1675 ali-

186 1699 262 1738 quis
288 1700 376 1729 alius
400 1700 489 1729 inea
519 1699 695 1729 institutus
725 1699 844 1728 suisset
875 1707 933 1728 seu
958 1698 1107 1737 legitime
1127 1707 1197 1736 pre-

186 1754 350 1785 sentatus,
369 1753 566 1783 alletoritate
591 1752 777 1790 apostolica
799 1760 958 1781 concessa
978 1751 1075 1781 nobis
1097 1760 1199 1790 super

185 1806 244 1836 hoc
262 1806 473 1844 pereundem
493 1806 667 1835 dominum
686 1805 892 1837 Ostiensem,
913 1807 947 1834 ut
973 1804 1131 1842 superius
1148 1807 1198 1835 est

185 1868 396 1897 expressum,
418 1861 447 1888 et
467 1858 645 1888 arbitraria
666 1858 766 1887 etiam
794 1858 963 1892 facultate,
984 1858 1042 1887 Dei
1064 1858 1197 1887 noniine

185 1913 349 1948 invocate,
379 1912 587 1945 diffiniendo,
617 1911 829 1945 declarando,
860 1911 1057 1945 ordinando,
1088 1911 1197 1949 provi-

185 1965 303 2000 dendo,
326 1965 515 2000 statuendo,
536 1964 754 1998 decernendo,
773 1964 967 1993 arbitrando
986 1965 1084 2001 atque
1107 1973 1195 1993 man-

183 2018 292 2048 dando
316 2018 514 2053 diffinimus,
528 2018 786 2051 scntentiamus,
803 2017 1015 2046 declaramus
1035 2017 1194 2047 1101111001-

181 2124 318 2154 clesiam
337 2124 376 2153 dc
397 2125 498 2159 Ausa,
514 2133 588 2153 cum
609 2123 766 2153 omnibus·
781 2123 916 2161 Juribus
934 2126 965 2152 et
978 2123 1194 2161 pertinentiis

181 2179 264 2212 suis,
287 2178 325 2207 ad
342 2178 469 2207 dictum
491 2177 689 2215 magistrum
707 2177 844 2206 Petrum
859 2176 1010 2206 1101110111
1029 2176 1194 2214 pertinere

181 2231 220 2261 de
236 2231 321 2269 jure,
340 2231 514 2269 ipsamque
532 2231 765 2269 adjudicamus
776 2230 894 2263 eidem,
909 2230 1193 2268 presatodompno

180 2284 350 2314 Bernardo
383 2286 414 2313 et
446 2284 545 2313 l‘etro
579 2284 618 2313 de
650 2283 829 2317 Fornellis,
847 2283 1055 2321 procuratori
1086 2283 1194 2321 ipsius

180 2337 316 2375 dompni
340 2338 386 2370 lt,
400 2337 631 2375 procuratorio
651 2337 786 2366 nomine
806 2345 864 2374 pro
882 2336 1010 2371 eodem,
1029 2338 1193 2374 quantum

180 2390 221 2420 ad
249 2391 424 2420 rectoriam
457 2390 564 2428 ipsius
592 2389 733 2419 ecclesie
760 2390 970 2428 imponentes
992 2391 1191 2427 perpetuum

180 2443 353 2473 silentium
374 2452 474 2481 super
491 2452 528 2473 ea
547 2443 590 2473 ita
607 2445 642 2473 ut
665 2443 704 2473 de
722 2444 831 2473 cetero
848 2452 906 2474 nec
924 2451 983 2481 per
1001 2451 1035 2473 se.
1055 2451 1114 2472 nec
1134 2451 1192 2481 per

179 2497 264 2527 alios
288 2497 430 2526 eundem
461 2497 660 2535 magistrum
677 2497 817 2527 Petrum
841 2495 993 2526 Corderii
1016 2496 1067 2526 vel
1086 2495 1190 2525 alium

176 2558 237 2588 pro
255 2558 293 2579 eo
321 2558 421 2588 supet·
448 2550 536 2580 dicta
557 2550 699 2580 ecclesia
718 2550 750 2579 in
771 2550 846 2587 jure
866 2549 917 2579 vel
938 2551 1033 2579 extra
1056 2549 1112 2587 jus
1130 2549 1190 2579 ali·
1235 2579 1239 2582 ,

179 2604 344 2641 quatenus
373 2603 511 2641 impetat
530 2603 579 2632 vcl
607 2603 774 2638 molestet,
796 2603 853 2632 sed
871 2602 1043 2640 permittat
1060 2611 1135 2631 eum
1155 2604 1190 2632 ut

178 2657 341 2686 rectorem
372 2656 561 2693 legitimum
590 2656 766 2686 ecclesiam
794 2656 902 2694 ipsam
924 2656 1087 2694 qnieteac
1104 2656 1190 2694 paci-

178 2708 237 2738 fice
262 2709 446 2746 possidere.
474 2712 580 2747 Super
609 2709 686 2739 aliis
713 2718 790 2739 vero
809 2709 841 2738 in
862 2709 950 2739 dicto
968 2707 1083 2738 libello
1102 2708 1187 2744 ejus

177 2761 252 2791 deni
272 2761 422 2798 nmgistri
447 2762 531 2791 l¹etri
546 2762 725 2795 contentis,
743 2762 884 2792 eundem
904 2762 1088 2799 dompnum
1113 2762 1188 2791 1101·-

177 2815 318 2845 nardum
335 2818 366 2845 ct
379 2816 503 2845 dictum
524 2816 661 2846 l‘etrum
678 2817 717 2846 de
743 2816 920 2850 Fornellss,
936 2817 1187 2854 procuratorem

177 2877 275 2898 suum
301 2868 373 2905 ejus
400 2869 544 2904 nominc,
562 2869 601 2898 ab
621 2869 830 2907 impetitione.
851 2869 958 2907 ipsius
979 2867 1129 2905 magistri
1149 2868 1184 2897 P.

175 2921 336 2951 duximus
356 2920 609 2955 absolvendum,
629 2930 730 2960 super
753 2921 818 2951 hiis
837 2921 945 2951 eidem
968 2921 1127 2959 magistro
1146 2920 1184 2950 P.

1261 955 1432 994 possideat
1442 954 1580 993 pacifice
1598 956 1629 984 et
1649 954 1774 992 quiete,
1794 953 1906 983 onmia
1923 955 2033 982 tamen
2048 961 2149 982 onera
2166 952 2277 990 ipsius

1261 1007 1401 1037 ecclesie
1432 1006 1674 1045 supportando,
1695 1006 1741 1035 ita
1759 1008 1870 1035 tamen
1890 1005 1979 1044 quod
2000 1005 2088 1035 idem
2105 1005 2274 1043 ‹tenipuus

1260 1060 1453 1090 Bernardus
1476 1059 1650 1089 annuatim
1679 1059 1712 1088 in
1741 1058 1953 1088 dedicatione
1984 1058 2073 1088 beati
2098 1057 2274 1088 Michaelis

1261 1113 1300 1143 de
1319 1112 1513 1151 septembri,
1530 1113 1617 1150 apud
1636 1112 1851 1151 Lugdunum,
1871 1112 1980 1141 eidem
1998 1111 2161 1149 magistro
2176 1111 2277 1140 Petro

1260 1166 1411 1197 Corderii
1430 1166 1481 1196 vel
1500 1166 1699 1204 cuicumque
1714 1165 1785 1203 ipse
1798 1165 2019 1200 mandaverit,
2036 1165 2153 1203 viginti
2171 1163 2276 1193 libras

1261 1220 1462 1249 viennenses
1481 1220 1634 1249 teneatur
1651 1219 1723 1248 sine
1750 1218 1950 1248 difficultate
1970 1217 2082 1256 aliqua
2103 1216 2274 1250 exhibere,

1261 1273 1427 1311 incipiens
1457 1272 1661 1302 solutionem
1694 1271 1888 1309 hujusmodi
1922 1271 2029 1300 tacere
2058 1270 2089 1300 in
2126 1270 2276 1308 predicto

1230 1320 1231 1338 ³
1262 1325 1347 1355 sesto
1372 1324 1594 1354 dedicationis
1623 1324 1730 1353 sancti
1747 1323 1922 1354 Michaelis
1959 1324 2114 1361 proximo
2140 1323 2274 1357 futui-03

1261 1385 1292 1409 et
1307 1379 1416 1409 dictus
1441 1378 1601 1416 magister
1622 1377 1743 1407 Petrus
1761 1377 1913 1406 Corderii
1933 1385 1992 1406 nec
2011 1385 2070 1415 per
2090 1385 2124 1406 se
2142 1385 2202 1406 nec
2217 1384 2277 1414 per

1230 1444 1231 1455 1
1260 1432 1346 1462 alios
1364 1441 1466 1470 super
1491 1431 1579 1460 dicta
1598 1431 1725 1460 vicaria
1742 1433 1771 1460 et
1800 1430 2000 1465 redditibus,
2021 1432 2049 1459 et
2070 1429 2279 1459 obventioni—

1260 1485 1323 1515 bus
1352 1485 1503 1523 ejusdcm
1532 1483 1674 1513 ecclesie
1705 1483 1811 1521 possit
1842 1483 1985 1512 cundem
2017 1483 2201 1520 110111111111111
2225 1482 2278 1518 B„

1260 1538 1369 1576 quoad
1384 1536 1518 1571 vixerit,
1543 1536 1689 1569 turbare,
1706 1545 1764 1566 nec
1784 1536 1953 1574 injudicio
1974 1535 2026 1565 vel
2047 1538 2143 1565 extra
2165 1535 2198 1564 in
2218 1535 2280 1565 ali—

1260 1600 1325 1630 quo
1350 1590 1542 1620 molestare.
1563 1590 1644 1619 Post
1672 1591 1815 1619 mortem
1833 1598 1912 1619 vero
1941 1589 2020 1618 dicti
2041 1588 2179 1626 dompni
2199 1589 2276 1618 Ber-

1229 1638 1230 1642 ’
1260 1644 1367 1681 nardi,
1381 1643 1511 1682 prefata
1526 1643 1668 1673 ecclesia
1685 1645 1856 1673 remaneat
1871 1642 1978 1672 eidem
1996 1642 2158 1681 magistro
2177 1642 2278 1672 Petro

1259 1697 1411 1728 Corderii
1428 1696 1535 1726 libera
1552 1698 1583 1726 et
1601 1695 1768 1732 alisoluta,
1792 1698 1825 1726 ut
1845 1696 1884 1725 110
1901 1696 1986 1734 ipsa,
2005 1698 2072 1725 tam
2095 1695 2134 1725 de
2151 1694 2278 1724 vicaria

1260 1760 1360 1790 (11111111
1376 1751 1415 1780 de
1430 1750 1507 1780 aliis
1524 1750 1611 1779 circa
1630 1749 1807 1779 ecclesiam
1832 1749 1953 1787 ipsam,
1976 1751 2147 1787 tamquam
2169 1750 2278 1778 rector

1259 1804 1433 1843 legitimus
1450 1804 1618 1841 disponat,
1638 1803 1666 1831 si
1682 1803 1790 1832 eidem
1808 1802 1954 1840 dompno
1971 1803 2006 1832 B⁴
2033 1801 2274 1840 supravixerit,

1259 1859 1355 1896 prout
1368 1857 1407 1887 de
1421 1857 1496 1895 jure
1514 1856 1633 1885 viderit
1646 1856 1817 1894 expedire.
1830 1855 1981 1885 Prcdicta
1992 1858 2102 1885 autem
2117 1855 2276 1884 universa

1228 1900 1230 1932 ἶ
1259 1912 1289 1940 01
1312 1910 1457 1948 singula,
1476 1909 1539 1938 snb
1564 1909 1676 1939 debito
1706 1909 1845 1946 predicti
1878 1908 2010 1946 prestiti
2039 1908 2224 1945 juramenti
2243 1909 2275 1937 et

1257 1972 1342 2002 pena
1358 1964 1490 1992 centum
1504 1970 1692 1991 marcarum
1711 1961 1838 1999 argenti
1856 1960 1930 1990 hinc
1951 1961 2026 1990 inde
2040 1960 2274 1998 sollempniter

1258 2016 1419 2054 stipulata
1446 2024 1463 2045 a
1491 2017 1583 2053 parte
1605 2024 1668 2043 non
1686 2014 1885 2044 observante
1914 2023 1951 2043 ea
1975 2013 2059 2052 parti
2079 2012 2273 2042 observanti

183 2071 308 2106 nimus,
325 2071 519 2106 statuimus,
547 2070 702 2100 volumus
728 2072 757 2099 et
780 2070 980 2099 mandamus
1005 2070 1129 2099 dictam
1146 2080 1196 2100 ec·
1226 2068 1228 2107 J
1257 2069 1450 2108 prestanda,
1479 2068 1678 2098 auctoritate
1705 2067 1853 2105 predicta
1882 2076 1899 2096 a
1919 2067 2056 2096 domino
2082 2075 2165 2105 sapa
2185 2074 2272 2096 com-

1226 2129 1227 2133 ’
1256 2123 1361 2152 missa
1377 2121 1485 2157 nobis,
1502 2121 1681 2151 arbitraria
1694 2121 1795 2150 etiam
1813 2123 1991 2158 potestate.
2005 2119 2045 2149 ab
2060 2120 2186 2149 eisdem
2198 2128 2273 2158 par·

1256 2175 1345 2206 tibus
1374 2175 1582 2214 precipimus
1610 2173 1854 2204 inviolabiliter
1876 2173 2062 2203 observari.
2083 2173 2172 2203 Ideni
2191 2181 2271 2204 vero

1256 2230 1417 2267 magister
1426 2230 1548 2258 Petrus
1563 2227 1714 2257 tlorderii
1724 2235 1783 2265 pro
1795 2235 1842 2259 se,
1855 2228 1885 2256 et
1899 2227 2020 2256 Petrus
2035 2227 2074 2256 de
2086 2226 2268 2262 Fornellis,

1255 2283 1452 2321 procurator
1479 2281 1558 2311 dicti
1575 2281 1713 2319 dompni
1736 2281 1785 2314 B..
1805 2279 2037 2318 procuratorio
2056 2280 2190 2309 nomine
2207 2287 2268 2318 pro

1254 2336 1370 2365 eodem
1398 2335 1569 2365 constituti
1602 2334 1635 2363 in
1653 2334 1824 2372 presentia
1843 2335 1956 2363 nostra
1974 2333 2131 2362 universa
2151 2335 2181 2362 et
2200 2333 2268 2362 sin-

1253 2389 1331 2427 gula
1356 2388 1551 2426 supradicta
1579 2388 1843 2420 ratitimwerunt,
1872 2386 2145 2423 emologaverunt
2162 2387 2193 2415 et
2216 2394 2269 2415 111·-

1253 2443 1469 2480 ceptaverunt
1495 2442 1613 2478 sponte
1641 2441 1671 2469 et
1701 2439 1936 2477 sollempniter
1954 2447 2065 2468 coram
2089 2437 2197 2468 nobis.
2217 2437 2269 2468 Ad

1253 2494 1489 2525 certitudinem
1514 2502 1591 2523 vero
1617 2494 1647 2522 et
1672 2494 1869 2530 perpetuam
1895 2491 2093 2521 memoriam
2115 2491 2267 2521 011111111111

1252 2547 1509 2586 premissorum,
1530 2555 1567 2575 ea
1578 2555 1636 2584 per
1651 2545 1836 2575 discretum
1857 2545 1966 2574 virum
1985 2544 2185 2583 magistrum
2205 2544 2265 2582 Sy-

1221 2606 1222 2613 *
1251 2609 1384 2630 monem
1402 2599 1441 2629 110
1469 2600 1581 2630 Reate.
1603 2598 1774 2637 publicum
1793 2598 1974 2628 notarium.
1997 2597 2163 2636 publicari
2186 2596 2265 2627 seci-

1251 2662 1327 2683 111110
1352 2655 1381 2683 01
1401 2652 1641 2682 nichilominus
1662 2660 1802 2690 presens
1821 2651 2084 2681 instrumentum
2102 2650 2142 2680 ad
2161 2650 2264 2688 majo-

1251 2715 1319 2736 rem
1339 2706 1503 2736 cautelam
1522 2708 1636 2735 nostro
1658 2705 1769 2743 sigillo
1784 2704 1921 2735 muniri.
1938 2704 2095 2734 'I'ulimus
2118 2711 2263 2741 namque

1250 2762 1279 2790 et
1296 2759 1587 2798 promulgavimus
1613 2758 1796 2796 predictam
1829 2757 2076 2787 ‹u-‹tnmtionem
2099 2756 2263 2795 provisio-

1250 2814 1522 2847 ncm,statnt1nn.
1534 2811 1743 2841 mandatum.
1760 2811 1930 2841 decretum
1942 2819 1978 2839 ac
1995 2809 2185 2841 arbitrium.
2198 2807 2262 2838 sub

1250 2865 1355 2895 forma
1371 2865 1531 2903 predicta-
1547 2865 1635 2903 apud
1662 2863 1949 2895 [rhemveterem.
1973 2865 2002 2892 in
2023 2862 2169 2900 hospitio
2188 2870 2260 2900 pre-

1248 2919 1328 2949 dicti
1357 2918 1484 2948 domini
1511 2917 1694 2947 cardinalis
1722 2916 1858 2948 Mathei.
1883 2916 1915 2945 in
1945 2915 2114 2954 presentia
2141 2915 2259 2944 horum
