2519 3262
290 200 348 230 350

289 282 369 319 lere,
389 284 517 312 terram
536 283 628 312 tuam
654 281 777 319 inqua,
794 280 929 310 nomine
946 281 1014 315 tuo,
1028 279 1299 318 jurisdictionem

290 335 479 374 exequitur,
496 335 631 373 propria
644 343 703 364 seu
718 333 785 363 alia
803 333 924 372 quavis
944 333 1154 368 auctoritate,
1173 332 1299 369 absque

291 388 383 418 sedis
399 388 584 427 apostolice
604 387 742 426 speciali
762 387 920 417 mandato
938 386 1079 416 faciente
1099 386 1137 415 de
1157 393 1301 423 persona

289 443 347 471 tua
364 449 560 479 expressam
578 442 610 470 et
627 441 666 470 de
688 440 748 469 hac
767 439 968 470 inhibitione
986 439 1027 469 de
1048 438 1148 469 verbo
1165 438 1205 467 ad
1228 446 1300 467 ver-

289 493 367 524 bum
384 493 571 532 plenariam
587 493 804 529 mentionem,
818 492 1011 531 hujusmodi
1030 491 1206 522 interdicto
1224 499 1301 529 sup-

289 550 389 586 ponat
407 547 458 577 vel
488 546 663 577 denuntiet
680 555 754 576 esse
777 546 1000 585 suppositam,
1019 545 1083 575 nisi
1104 547 1151 578 tu,
1169 552 1300 582 compe-

289 602 397 630 tenter
416 600 579 636 monitus,
599 609 658 638 pro
680 599 801 630 delicto
820 599 1012 638 hujusmodi
1032 598 1207 629 emendam
1221 605 1299 627 con-

288 662 404 692 gruam
429 652 591 683 exhibere
610 653 718 682 facere
739 652 989 691 recusalve‘pis,
1006 651 1193 681 districtius
1216 649 1297 679 inhi-

288 706 419 742 bemus,
441 706 659 736 decernentes
679 706 812 736 irritum
830 708 862 736 et
886 706 984 735 inane
1000 704 1161 744 quicquid
1183 705 1299 733 contra

288 759 457 798 presentis
474 759 690 789 inhibitionis
708 760 821 789 nostre
838 760 987 789 tenorem
1006 765 1204 796 quacunque
1224 765 1298 786 auc-

288 813 425 843 toritate
440 812 621 852 contigerit
639 812 844 851 attemptari.
865 812 959 843 Nulli
978 820 1055 849 ergo
1079 812 1192 840 nostre
1211 809 1297 840 inhi—

286 865 426 896 bitionis
446 868 477 896 et
499 866 753 896 constitutionis
769 884 817 894 -.
838 861 960 896 Dat‘um
977 865 1064 903 apud
1082 863 1298 895 Urbemvete-

286 927 371 956 rem,
392 929 422 949 vi
439 919 601 950 kalendas
619 919 766 958 augusti,
783 928 869 949 anno
885 919 995 949 tertio.
1015 928 1029 947 »

375 1090 469 1120 2171
838 1086 964 1117 Orvieto,
990 1087 1019 1113 18
1033 1086 1129 1122 juillet
1147 1086 1224 1114 1264.

322 1173 421 1200 Eidem
445 1173 574 1208 indulget
597 1175 638 1205 ut,
659 1172 682 1199 si
702 1173 815 1207 quando
842 1172 935 1206 ipsum
953 1173 1001 1198 aut
1024 1170 1218 1203 comitissam,
1235 1171 1296 1206 ejus

287 1230 420 1255 uxorem,
434 1222 611 1258 capellanOS,
628 1222 747 1249 clericos
766 1224 793 1248 et
810 1222 899 1249 aliam
921 1221 1009 1256 ipsius
1030 1220 1171 1247 familiam
1185 1228 1297 1247 excom-

286 1271 440 1298 municatis
459 1271 676 1298 communicare
694 1270 854 1306 contingat,
871 1270 1044 1297 sententiam
1065 1269 1296 1297 exeommunica-

287 1320 373 1347 tionis
387 1320 508 1356 majoris
520 1319 640 1347 minime
657 1321 814 1347 incurrant.
827 1321 908 1355 (Rau.
924 1321 968 1353 29,
978 1319 1026 1347 t'ol.
1040 1320 1092 1347 225
1107 1323 1147 1350 νο,
1162 1319 1297 1353 1101220.)

325 1443 340 1462 «
361 1433 482 1462 Eidem.
502 1434 553 1464 Ex
569 1435 663 1472 parte
682 1435 739 1463 tua
756 1433 853 1463 nobis
870 1434 982 1464 extitit
998 1433 1191 1463 intimatum
1208 1433 1297 1472 quod

284 1487 439 1517 nonnulli
465 1487 585 1524 prelati
607 1487 699 1526 regni
717 1487 857 1517 Francie
876 1496 913 1516 ac
939 1494 1055 1516 eorum
1076 1486 1240 1517 officiales
1265 1489 1297 1518 et

280 1540 412 1578 judices
430 1549 448 1570 a
463 1540 542 1570 sede
561 1540 747 1578 apostolica
767 1542 798 1570 et
816 1540 935 1579 legatis
957 1540 1049 1570 sedis
1075 1540 1227 1579 ejusdem
1243 1540 1294 1570 de—

284 1593 383 1632 legati
405 1595 437 1623 et
453 1594 650 1623 executores
671 1593 862 1631 hujusmodi
885 1601 1119 1631 personarum,
1137 1602 1213 1624 cum
1235 1593 1296 1623 ali-

285 1655 368 1686 quos
392 1646 457 1676 sibi
478 1646 613 1677 obedire
642 1647 794 1677 nolentes
821 1647 954 1677 vinculo
976 1647 1296 1677 excommunicatio-

285 1701 338 1730 nis
359 1700 562 1739 astringunt,
584 1700 618 1730 in
642 1700 883 1739 participantes
902 1709 977 1730 cum
995 1700 1295 1731 excommunicatis

283 1753 488 1793 hujusmodi,
507 1762 571 1783 non
585 1753 694 1783 solum
712 1753 746 1783 in
762 1753 903 1783 crimine
916 1754 973 1784 sed
984 1754 1085 1784 etiam
1100 1753 1166 1784 alio
1183 1754 1294 1790 modo,

284 1806 648 1838 excommunicationis
664 1808 696 1837 et
708 1807 877 1837 interdicti
893 1808 1095 1846 presumunt
1109 1807 1295 1838 sententias

283 1860 514 1899 promulgare.
532 1860 602 1890 Nos
626 1860 749 1898 itaque,
778 1860 846 1890 tuis
872 1860 1179 1899 supplicationibus
1198 1861 1294 1890 incli-

284 1914 365 1948 nati,
402 1912 442 1942 ad
476 1913 582 1942 instar
617 1912 726 1942 felicis
762 1913 1006 1943 recordationis
1040 1914 1225 1944 Innocentii
1264 1916 1296 1945 et

283 1965 480 1999 Alexandri,
518 1966 794 2004 predecessorum
829 1968 1033 2002 nostrorum,
1065 1968 1293 1997 Romanorum

285 2019 492 2057 pontificum,
507 2019 705 2048 auctoritate
720 2018 780 2049 tibi
794 2019 1000 2057 presentium
1016 2020 1230 2058 indulgemus
1247 2022 1293 2056 ut,

285 2072 313 2102 si
333 2072 467 2110 quando
486 2073 517 2102 te
538 2071 752 2110 nobilemque
768 2072 945 2102 mulierem
959 2073 1003 2107 ι1.,
1017 2073 1250 2103 Pictavensem
1263 2075 1295 2103 et

286 2125 511 2155 Tholosanam
529 2125 751 2161 comitissam,
771 2134 910 2156 uxorem
928 2127 1032 2160 tuam,
1050 2126 1242 2165 capellanos
1263 2128 1295 2156 et

284 2178 370 2208 alios
394 2178 537 2209 clericos
555 2180 631 2209 tuos
652 2180 683 2208 et
703 2178 869 2217 reliquam
886 2178 1051 2209 familiam
1068 2182 1159 2209 tuam
1179 2179 1294 2218 liujus-

286 2231 378 2262 modi
398 2231 700 2262 excommunicatis
720 2232 968 2261 communicare
986 2232 1176 2271 eontigerit,
1198 2242 1295 2271 prop-

284 2287 331 2316 ter
349 2285 410 2315 hoc
437 2285 577 2324 majoris
596 2285 957 2316 excommunicationis
982 2286 1102 2325 laqueo
1124 2287 1175 2316 vel
1192 2287 1293 2317 etiam

286 2338 464 2369 interdicto
488 2347 701 2378 nequaquam
725 2338 824 2378 ligari
843 2339 997 2377 possitis,
1020 2340 1203 2370 dummodo
1228 2349 1293 2371 non

284 2392 540 2422 communicetis
553 2392 587 2421 in
600 2392 741 2422 crImine
756 2392 963 2423 criminosis.
978 2393 1071 2423 Nulli
1086 2402 1164 2432 ergo
1180 2396 1294 2425 nostre

283 2445 513 2475 concessionis
536 2463 584 2475 —-.
604 2446 728 2477 Datum
751 2446 840 2485 apud
861 2446 1150 2483 Urbemveterem,
1172 2456 1215 2477 xv
1238 2448 1294 2477 ka—

284 2498 401 2529 lendas
419 2499 566 2538 augusti,
587 2508 673 2530 anno
692 2499 801 2530 tertio.
824 2511 839 2529 ›)

374 2663 472 2694 2172
835 2664 960 2695 Orvieto,
981 2664 1016 2692 23
1028 2664 1123 2700 juillet
1144 2665 1220 2692 1204.

322 2745 419 2772 Eidem
445 2745 573 2781 indulget
599 2755 633 2773 ne
648 2747 711 2781 quis
726 2747 812 2783 judex
832 2748 1044 2776 ecclesiasticus
1062 2750 1095 2776 de
1112 2750 1294 2784 quibuscum-

285 2802 337 2828 que
356 2794 459 2828 rebus,
477 2796 513 2822 ad
529 2795 617 2830 ipsius
634 2797 743 2824 curiam
759 2797 881 2824 mediate
898 2798 941 2824 vel
953 2798 1119 2825 immediate
1140 2800 1294 2833 spectanti-

283 2843 345 2873 bus,
368 2852 398 2869 sc
416 2843 581 2871 immiscere
602 2849 776 2880 praesumat,
801 2846 861 2873 siue
883 2846 1000 2874 licentia
1023 2847 1098 2875 sedis
1120 2849 1294 2882 apostolicae

283 2891 414 2925 speciali.
431 2893 508 2927 (111111.
527 2895 570 2926 29,
586 2893 632 2921 sol.
652 2896 705 2922 225
721 2901 757 2927 ν,
773 2904 805 2921 n0
823 2896 911 2930 1221.)

1043 195 1286 227 REGISTRES
1314 194 1525 225 D'URBAIN
1556 194 1613 224 lv.

1406 288 1420 307 «
1444 278 1567 307 Eidem.
1586 278 1684 312 Cum,
1709 278 1796 308 sicut
1816 286 1877 308 nos
1905 295 1953 306 —.
1974 278 2097 308 Datum
2123 278 2210 316 apud
2234 277 2371 308 L‘rbem·

1364 333 1524 365 veterem,
1544 341 1563 361 x
1579 331 1743 361 kalendas
1763 331 1909 369 augusti,
1927 339 2013 361 anno
2030 331 2130 361 tertio
2147 332 2167 360 ¹.
2190 341 2204 359 »

1449 510 1546 540 2173
1945 506 2069 537 Orvieto,
2089 507 2119 533 13
2136 508 2201 533 noui
2223 506 2299 533 1204.

1397 594 1434 620 De
1458 595 1537 619 certa
1555 592 1740 627 pecuniarum
1763 590 1924 625 quantitate
1945 590 2072 621 Alt'onso.
2093 590 2191 617 comiti
2214 590 2374 617 l‘ietavensi

1358 651 1391 669 ac
1424 641 1594 671 tholosano,
1623 650 1651 667 se
1674 641 1708 667 ad
1736 648 1903 667 succursum
1930 641 2030 666 Terrae
2059 641 2179 667 Sanctae
2198 640 2372 674 accingenti,

1358 691 1526 717 exhibenda.
1545 691 1622 724 (Rea.
1639 690 1683 717 29.
1700 689 1747 716 sol.
1762 691 1813 716 225
1830 696 1867 721 vo,
1886 694 1918 715 11ο
1935 690 2028 721 1222.)

1397 811 1413 831 1(
1434 800 1636 830 rhesum-ario
1658 799 1779 829 ecclesie
1804 799 1903 828 sancti
1935 798 2033 828 Harii
2062 799 2262 828 Picum-cusis.
2281 798 2371 829 Olim

1360 854 1469 884 felicis
1488 854 1733 884 recordationis
1748 853 1965 884 Innocentius
1977 852 2087 891 primo
2100 855 2130 883 et
2144 851 2371 891 postmodum,

1357 907 1399 937 ad
1417 907 1490 946 ejus
1520 907 1639 943 instar,
1664 906 1869 943 Alexander,
1890 906 2035 937 Romani
2053 906 2242 944 pontifices,
2259 905 2374 944 prede-

1356 969 1521 991 cessores
1540 961 1660 997 nostri,
1680 960 1832 990 volentes
1849 959 2010 990 dilectum
2029 959 2138 989 filium
2161 958 2310 990 nobilem
2326 958 2375 988 vi-

1356 1023 1433 1045 rum
1467 1015 1660 1050 Alt'onsum,
1687 1014 1839 1044 Pictavie
1869 1015 1900 1044 et
1918 1013 2063 1044 Tholose
2088 1013 2259 1049 comitem,
2277 1021 2312 1042 se
2332 1011 2374 1042 ad

1364 1068 1467 1098 Terre
1487 1068 1605 1098 Sancte
1623 1076 1832 1104 succursum,
1854 1067 1972 1098 Crucis
1990 1068 2166 1105 assumpto
2182 1065 2370 1105 signaculo,

1363 1121 1540 1160 magnifice
1552 1121 1792 1160 accingentem,
1809 1120 1951 1160 alicujus
1966 1119 2202 1151 subventionis
2215 1119 2372 1150 ammini-

1363 1175 1437 1205 culo
1465 1174 1656 1209 sublevare,
1673 1174 1734 1204 tibi
1752 1175 1825 1204 suis
1848 1174 1982 1205 dedisse
2004 1174 2161 1204 dicuntur
2185 1173 2308 1204 litteris
2336 1173 2372 1203 in

1362 1228 1531 1259 mandatis
1544 1230 1591 1265 ut,
1603 1228 1633 1258 si
1648 1229 1704 1267 qui
1720 1228 1868 1258 usurarii
1882 1228 1935 1258 vel
1948 1228 2006 1258 alii
2018 1227 2241 1266 aliquialiena
2253 1227 2371 1258 illicite

1361 1282 1552 1312 detinentes
1578 1282 1617 1312 de
1636 1290 1738 1320 regno
1757 1281 1910 1317 Francie,
1939 1281 2128 1317 Provincie,
2149 1280 2323 1311 Britannie
2339 1281 2372 1311 et

1360 1335 1507 1366 Tholose
1534 1334 1751 1365 comitatibus
1777 1334 1963 1373 penitentia
1988 1334 2091 1370 ducti,
2116 1342 2239 1364 usuras
2266 1335 2298 1364 et
2323 1333 2373 1364 sic

1364 1389 1499 1419 detenta
1527 1389 1707 1419 restituere
1737 1387 1873 1424 vellent,
1901 1389 1933 1418 et
1957 1387 2151 1426 hujusmodi
2175 1387 2324 1417 usurarii
2340 1387 2373 1417 et

1360 1443 1552 1473 detentores
1569 1450 1744 1481 personas,
1765 1442 1805 1472 ad
1822 1450 1906 1481 quas
1923 1441 2132 1480 pertinerent
2150 1449 2252 1470 usure
2271 1442 2304 1470 et
2323 1440 2372 1470 sic

1364 1496 1498 1526 detenta
1526 1496 1688 1534 predicta,
1726 1496 1932 1535 ignorarent,
1965 1498 1996 1526 et
2019 1503 2078 1533 per
2110 1494 2310 1525 diocesanos
2340 1495 2372 1524 et

1360 1548 1589 1588 parrochiales
1603 1548 1810 1587 presbiteros
1831 1557 1947 1579 eorum
1966 1548 2027 1578 hoc
2043 1547 2177 1586 publice
2197 1547 2371 1586 proposito

1364 1603 1399 1632 in
1424 1603 1506 1632 locis
1526 1603 1557 1632 in
1574 1602 1698 1641 quibus
1714 1602 1885 1632 videbitur
1904 1601 2101 1640 expediens,
2117 1601 2221 1640 aliqui
2236 1609 2301 1630 non
2318 1609 2372 1638 ap-

1361 1658 1517 1694 parerent
1535 1655 1657 1695 quibus
1676 1664 1793 1686 eorum
1815 1655 1986 1686 restitutio
2003 1654 2192 1691 deberetur,
2211 1656 2247 1684 tu
2263 1662 2322 1692 per
2340 1655 2372 1684 te

1357 1710 1409 1740 vel
1429 1719 1488 1749 per
1506 1710 1610 1740 alium
1630 1711 1685 1740 aut
1703 1709 1789 1740 alios
1809 1718 1894 1748 quos
1913 1709 1954 1739 ad
1970 1708 2030 1739 1100
2050 1709 2190 1739 duceres
2210 1708 2372 1747 deputan-

1361 1765 1434 1798 dos,
1452 1765 1606 1803 exigeres
1625 1765 1657 1794 et
1675 1763 1844 1802 reciperes
1864 1763 1903 1794 de
1921 1763 2101 1802 premissis
2124 1770 2231 1801 usque
2250 1762 2291 1792 ad
2307 1761 2372 1792 tria

1364 1817 1460 1847 milia
1497 1826 1686 1847 marcarum
1721 1816 1862 1856 argenti,
1891 1824 1997 1855 eaque
2027 1816 2115 1846 dicto
2148 1815 2263 1846 comiti
2290 1814 2372 1844 assi·

1358 1879 1495 1909 gnares‚
1529 1879 1605 1900 cum
1640 1871 1704 1900 iter
1729 1870 1894 1908 arriperet
1921 1869 2199 1900 transmarinum.
2233 1869 2372 1899 Contra-

1364 1924 1510 1954 dictores
1533 1926 1608 1959 etc,
1639 1932 1704 1953 non
1736 1922 1950 1954 obstantibus
1979 1922 2151 1961 aliquibus
2181 1922 2305 1952 litteris
2321 1939 2370 1950 —.

1358 1978 1468 2012 Quare
1491 1977 1601 2006 dictus
1632 1985 1744 2006 comes
1772 1976 1869 2006 nobis
1890 1975 2065 2006 humiliter
2090 1975 2295 2014 supplicavit
2322 1977 2369 2010 ut,

1365 2039 1439 2060 cum
1470 2030 1576 2060 adbuc
1605 2030 1798 2068 hujusmodi
1826 2038 1995 2060 summam
2029 2038 2069 2059 ex
2101 2029 2279 2068 premissis
2307 2036 2372 2058 non

1363 2083 1547 2122 receperis
1578 2083 1753 2122 providere
1789 2082 1854 2112 sibi
1888 2091 1989 2121 super
2019 2082 2079 2113 boc
2110 2084 2249 2121 paterna
2280 2082 2372 2112 solli-

1363 2136 1512 2167 citudine
1528 2145 1737 2166 curaremus
1756 2136 1920 2171 Quocirca
1932 2136 2133 2166 mandamus
2151 2136 2322 2175 quatinus,
2343 2135 2370 2165 si

1363 2192 1412 2220 est
1432 2190 1488 2225 ita,
1517 2199 1575 2229 per
1605 2192 1637 2220 te
1654 2190 1706 2220 vel
1727 2198 1786 2228 per
1814 2190 1918 2220 alium
1944 2192 1999 2220 aut
2032 2189 2118 2220 alios
2137 2198 2222 2229 quos
2247 2189 2288 2219 ad
2312 2189 2373 2220 1100

1363 2243 1502 2273 duxeris
1525 2243 1746 2282 deputandos,
1771 2244 1889 2282 exigas
1911 2245 1943 2273 et
1962 2243 2107 2282 recipias
2132 2242 2171 2273 de
2193 2243 2371 2282 premissis

1359 2297 1387 2326 si
1402 2297 1482 2335 quid
1494 2297 1724 2335 recipiendum
1740 2299 1843 2327 restat
1857 2296 1896 2327 de
1907 2297 2094 2335 quantitate
2103 2297 2372 2336 predicta‚juxta

1362 2351 1591 2389 predictarum
1619 2351 1861 2381 continentiam
1882 2350 2086 2387 litterarum,
2104 2352 2135 2381 et
2160 2350 2244 2380 illud
2261 2351 2371 2381 eidem

1358 2404 1476 2435 comiti
1501 2404 1674 2443 assignare
1694 2413 1865 2443 procures,
1883 2413 1958 2435 cum
1974 2404 2037 2434 iter
2053 2405 2232 2443 arripuerit
2252 2413 2370 2443 supra—

1362 2458 1500 2493 dictum,
1521 2458 1744 2496 quantitatem
1767 2460 1979 2497 receptorum
2004 2460 2034 2488 et
2057 2458 2193 2488 nomina
2212 2466 2328 2488 eorum
2352 2466 2371 2488 a

1363 2510 1486 2550 quibus
1504 2513 1535 2542 et
1556 2513 1718 2550 quantum
1743 2520 1760 2541 a
1778 2511 1929 2550 quolibet
1944 2511 2087 2551 recipias
2106 2519 2165 2550 per
2179 2513 2255 2542 tuas
2273 2511 2371 2542 nobis

1364 2565 1496 2595 litteras
1521 2565 1666 2595 fideliter
1690 2565 1928 2604 rescripturus.
1962 2566 2234 2596 contradictores
2252 2567 2303 2596 etc-
2318 2582 2370 2594 —.

1360 2618 1484 2649 Datum
1512 2619 1599 2658 apud
1618 2618 1907 2655 Urbemveterem,
1933 2619 2009 2649 idus
2028 2619 2174 2659 augusti,
2201 2627 2287 2649 anno
2306 2621 2370 2649 ter-

1352 2672 1410 2702 tio.
1432 2682 1447 2701 1)

1385 2793 1405 2816 1.
1423 2792 1464 2816 Eu
1482 2799 1579 2822 mai-{ze
1604 2799 1608 2816 z
1629 2802 1637 2814 ι
1660 2793 1692 2816 ‹Ie
1703 2792 1810 2816 consilio
1836 2792 1935 2816 11011111ιί
1954 2792 2067 2816 ,101-1Ια111
2087 2791 2234 2816 cardmatis
2255 2792 2308 2822 suit
2323 2792 2368 2823 ju-

1352 2837 1534 2867 ‹li‹·‹1e‹1j11stu.
1549 2838 1574 2860 et
1586 2839 1678 2868 postea
1690 2837 1811 2861 dontinus
1824 2836 1926 2861 audivi!
1941 2844 1997 2861 earn
2013 2838 2036 2861 e!
2055 2836 2191 2861 mandavit
2210 2835 2338 2867 ‹xi-pediti.
2356 2845 2368 2857 ιι
