2519 3262
243 181 302 210 348

337 267 433 298 2157

801 266 926 298 invicto,
942 267 976 294 24
992 267 1089 301 juillet
1107 268 1183 294 1204.

285 350 381 377 Eidem
398 350 563 377 facultatem
574 351 701 377 concedit
716 350 837 377 habendi
855 352 945 378 altare
957 352 1103 386 portatile.
1119 353 1198 385 (lino.
1212 354 1255 384 20,
1284 366 1285 369 =

250 398 298 426 fol.
315 400 367 426 221
387 405 423 429 νο,
442 405 471 425 n⁰
489 400 577 434 12410.)

290 510 307 530 «
329 499 449 529 Eidem.
471 500 669 530 Devotionis
694 501 750 530 tue
770 500 926 539 precibus
951 518 999 532 —.
1024 503 1148 532 Datum
1170 501 1259 540 apud

251 552 538 588 [rbemvetereim
559 562 631 582 vnn
651 553 814 583 kalendas
833 554 979 593 augusti,
1000 563 1086 585 anno
1108 555 1221 586 tertio.
1243 564 1260 584 »

340 696 437 726 2158
807 695 932 728 Orvieto,
949 698 984 725 23
997 697 1091 733 juillet
1112 699 1189 726 1261.

286 779 322 805 De
338 779 424 805 certis
444 779 606 806 excessibus
628 779 819 814 corrigendis,
835 790 850 807 a
872 782 1015 809 nonnullis
1034 782 1146 809 clericis
1167 784 1260 811 Picta·

250 828 344 854 vensis
358 830 386 854 et
397 827 529 855 Tolosuni
542 828 732 856 comitatuum
747 830 924 857 commissis.
936 831 1014 866 (nno.
1033 833 1078 863 29,
1095 832 1144 859 sol.
1155 833 1207 859 221
1221 839 1258 867 v⁰‚

249 883 279 903 n⁰
296 878 386 904 1207.)

290 989 304 1007 «
333 977 488 1009 Universis
507 979 700 1009 ecclesiarum
719 980 906 1010 Pictavensis
933 986 961 1010 et
983 981 1150 1011 Tholosani
1170 983 1258 1012 comi-
1286 1007 1287 1016 ,

249 1037 366 1062 {aluum
381 1032 520 1072 prelatis,
541 1038 601 1062 lam
623 1033 808 1063 secularibus
826 1044 915 1074 quam
939 1035 1138 1074 reyularibus.
1159 1036 1260 1066 Acce-

248 1086 362 1125 pimus
380 1088 411 1117 et
428 1086 599 1125 accepisse
624 1095 686 1117 nos
706 1087 808 1126 piget,
834 1087 956 1119 dilecto
974 1088 1042 1118 filio
1062 1088 1168 1119 nobili
1186 1089 1259 1119 viro
1286 1112 1287 1119 ,

247 1139 401 1175 Alfonso,
428 1139 619 1170 Pictavensi
642 1142 674 1170 et
701 1140 892 1171 Tholosano
914 1142 1048 1177 comite,
1067 1142 1258 1179 intimante,

248 1192 335 1231 quod
363 1193 516 1223 nonnulli
543 1193 743 1224 clericorum
774 1194 868 1224 vobis
896 1194 1122 1232 subditorum,
1152 1197 1188 1226 ut
1218 1196 1258 1226 de

248 1245 420 1284 aliquibus
442 1254 483 1276 ex
510 1245 607 1276 vobis
631 1247 767 1286 penitus
792 1249 975 1284 taceamus,
1001 1257 1076 1278 cun]
1099 1248 1259 1280 deberent

248 1299 326 1329 aliis
353 1298 527 1330 honestate
552 1299 618 1330 vite
649 1308 687 1330 ac
712 1301 968 1332 conversatione
993 1301 1157 1332 laudabili
1183 1311 1258 1333 esse

248 1352 330 1382 odor
346 1352 414 1382 vite
433 1352 466 1382 in
483 1353 598 1388 vitam,
620 1353 686 1392 ipsi
711 1355 848 1392 agentes
872 1354 905 1383 in
924 1354 1141 1391 contrarium,
1163 1364 1258 1386 arma
1285 1389 1286 1393 ,

248 1405 371 1441 ferunt,
395 1405 484 1436 bella
512 1409 722 1437 commovent
749 1408 780 1437 et
809 1407 842 1436 in
866 1407 915 1437 eis
938 1408 1200 1446 dampnabiliter
1221 1417 1256 1439 se
1284 1435 1285 1442 ,

247 1461 416 1494 exercent,
447 1459 534 1489 unde
563 1459 793 1490 membrorum
821 1461 990 1491 mutilatio
1016 1463 1048 1492 et
1075 1470 1167 1492 mors
1196 1462 1256 1492 ali-

247 1512 380 1550 quando
397 1513 550 1551 sequitur
567 1513 771 1552 aliquorum,
787 1514 820 1543 in
842 1514 923 1544 cleri
947 1514 1179 1554 opprobrium,
1200 1524 1257 1554 po·
1284 1538 1285 1544 ,

246 1566 317 1604 puli
343 1566 551 1602 scandalum,
575 1566 801 1597 hereticorum
831 1568 992 1607 gaudium
1014 1570 1045 1599 et
1071 1569 1257 1607 perniciem

246 1620 448 1656 animarum,
467 1628 569 1658 super
587 1629 652 1659 quo
667 1621 778 1651 dictus
795 1629 919 1655 comes,
937 1623 1111 1661 tamquam
1134 1622 1186 1652 vir
1204 1631 1255 1653 ca-

245 1672 391 1702 tholicus
407 1674 438 1703 et
454 1673 516 1703 Dei
535 1682 571 1703 ac
588 1674 728 1704 ecclesie
746 1676 883 1713 propter
900 1683 976 1705 euin
992 1677 1135 1711 amator,
1150 1684 1256 1706 reme-

246 1725 339 1756 dium
360 1735 419 1765 per
437 1735 498 1757 nos
516 1727 611 1765 petiit
630 1727 792 1758 adhiberi.
815 1728 979 1763 Quocirca
998 1729 1257 1760 universitatem

245 1781 392 1810 vestram
412 1788 580 1819 rogamus,
606 1789 783 1811 monemus
805 1782 838 1811 et
858 1781 1032 1812 hortamur
1054 1784 1179 1813 attente
1197 1791 1258 1821 per

246 1833 429 1871 apostolica
460 1833 554 1863 vobis
582 1834 707 1873 scripta
736 1835 935 1865 mandantes
959 1835 1121 1874 quatinus
1142 1836 1256 1866 taliter

245 1886 437 1916 conversari
465 1888 496 1917 et
523 1888 654 1917 vestros
672 1887 826 1918 subditos
850 1888 890 1918 ab
914 1888 1108 1927 hujusmodi
1126 1891 1158 1919 et
1178 1889 1256 1919 aliis

244 1938 442 1969 excessibus
464 1939 619 1970 cohibere
644 1941 782 1974 curetis,
809 1941 898 1979 quod
927 1950 987 1971 nos
1011 1951 1076 1972 non
1101 1944 1255 1981 oporteat
1282 1975 1283 1978 Ἴ

243 1992 431 2022 remedium
466 1993 556 2023 aliud
596 1993 754 2023 adbibere
789 1994 847 2024 sed
876 1994 990 2033 potius
1018 1996 1253 2027 commendare

243 2045 487 2075 sollicitudinis
504 2048 613 2076 vestre
630 2046 780 2076 studium
800 2046 994 2077 debeamus.
1017 2048 1143 2078 Datum
1165 2050 1253 2088 apud

244 2097 530 2136 L'rbemveterem,
549 2109 568 2129 x
589 2099 751 2130 kalendas
769 2100 915 2139 augusti,
935 2109 1021 2131 anno
1039 2101 1148 2132 tertio.
1172 2111 1187 2130 »

329 2246 425 2277 2159
796 2245 919 2272 Orvicto.
937 2244 970 2272 23
983 2245 1081 2280 juillet
1103 2245 1180 2273 1264.

274 2329 435 2356 l'ictuveusi
460 2332 488 2357 et
513 2329 689 2356 Tholosanae
716 2330 882 2357 comitissae
912 2330 1080 2357 facultatem
1106 2330 1248 2361 concedit,

238 2381 365 2413 tempore
385 2378 542 2410 interdicti,
571 2379 607 2406 ab
631 2378 720 2413 ipsius
746 2379 903 2414 capellanis
926 2379 1031 2406 missas
1047 2379 1186 2406 celebrari
1208 2380 1251 2406 sa-

236 2426 340 2454 ciendi.
361 2428 440 2462 (lino.
464 2429 509 2455 29,
527 2428 575 2455 sol.
591 2428 643 2455 221
662 2434 699 2459 νο,
717 2434 748 2454 n⁰
766 2428 858 2461 1208.)

277 2538 290 2553 «
320 2525 434 2555 Dilecle
452 2527 480 2554 in
501 2525 620 2556 Christo
635 2525 700 2565 filie
720 2526 814 2556 nobili
831 2526 952 2557 mulieri
970 2551 976 2557 .
995 2552 1000 2557 .
1024 2527 1201 2557 I’ictavensi
1223 2534 1249 2558 e!

238 2579 403 2609 leolosane
419 2579 577 2610 comitisse.
598 2580 783 2611 Consuevit
802 2581 900 2611 sedes
917 2580 1103 2620 apostolica
1120 2598 1168 2610 —-.
1186 2582 1246 2612 Da-

235 2634 306 2663 tum
325 2635 361 2664 ut
380 2642 492 2672 supra.
514 2646 528 2661 η

323 2777 419 2808 2160
789 2778 914 2809 Orvieto,
929 2779 964 2805 23
976 2777 1073 2813 juillet
1096 2777 1173 2804 1261.

270 2860 367 2887 Eidem
386 2860 510 2895 indulget
537 2863 577 2892 ut,
598 2862 731 2896 quotiens
754 2861 879 2896 aliquem
905 2862 1065 2896 praelatum
1092 2861 1136 2888 vel
1153 2861 1242 2888 alium
1269 2891 1271 2893 ¹

997 183 1244 214 REGISTRES
1273 183 1485 214 D'URBAIN
1517 184 1573 214 lv.

1284 281 1285 286 =
1312 268 1477 302 regularem
1492 267 1550 294 sive
1563 269 1734 298 secularem,
1749 267 1902 295 habentem
1913 268 2116 295 auctoritatem
2131 276 2180 295 seu
2191 268 2318 297 osticium

1312 316 1504 351 praedicandi,
1523 317 1582 351 ipsa
1600 319 1763 351 praesente,
1779 317 1944 351 praedicere
1959 318 2115 352 contigerit
2136 317 2238 352 populo
2261 327 2326 345 ver-

1312 366 1379 392 bum
1397 365 1483 396 vitae,
1502 365 1664 401 hujusmodi
1680 366 1860 400 praedicator
1879 369 1946 393 tunc
1964 366 2016 400 ipsi
2037 366 2158 400 aliisque
2177 366 2321 401 fidelibus,

1312 422 1377 441 vere
1387 414 1597 449 poenitentibus
1609 418 1634 441 el
1644 415 1794 447 confessis,
1808 415 1913 442 ibidem
1924 416 2122 450 praesentibus
2133 419 2159 443 et
2172 416 2207 443 ab
2217 417 2317 444 eodem

1313 464 1509 498 praedicatore
1533 464 1651 490 verbum
1676 464 1770 498 ipsum
1801 464 1984 491 audientibus
2005 467 2179 495 reverenter,
2199 468 2316 492 centum

1312 512 1423 540 dierum
1448 512 1655 547 indulgentiam
1678 513 1770 540 valeat
1796 513 1924 548 elargiri.
1947 513 2028 548 (Rau.
2058 514 2103 546 29,
2135 513 2185 541 sol.
2205 514 2258 541 224
2280 519 2319 547 τ’,

1286 571 1287 590 ι
1314 568 1344 589 n⁰
1362 562 1452 593 1209.)

1355 679 1369 698 «
1391 668 1504 698 Dilecta
1526 668 1554 697 in
1577 668 1696 698 Christo
1717 668 1780 708 filie
1799 668 1894 698 nobili
1911 669 2032 699 mulieri
2054 692 2060 698 .
2081 693 2088 699 .
2108 669 2278 699 pictavensi
2293 674 2320 699 et

1316 721 1484 752 leolosane
1512 722 1669 752 comitisse.
1705 722 1888 753 Consuevit
1921 723 2019 753 sedes
2051 723 2237 762 apostolica
2273 741 2324 753 —.

1314 776 1437 806 Datum
1453 777 1488 805 ut
1506 784 1619 814 supra,
1642 786 1656 804 »

1404 917 1496 948 2161
1868 916 1992 951 Orvieto,
2007 918 2041 944 23
2055 917 2151 953 juillet
2171 917 2251 944 1264.

1350 1002 1448 1028 Eidem
1472 1001 1599 1037 indulget
1629 1004 1660 1029 ut
1683 1002 1829 1037 proprium
1855 1001 2051 1030 confessorem
2077 1003 2185 1038 eligere
2216 1002 2324 1030 valeat.

1313 1050 1392 1083 (itm.
1408 1052 1452 1082 29,
1472 1050 1521 1077 sol.
1537 1050 1590 1078 224
1607 1056 1645 1083 νο,
1664 1057 1694 1077 n⁹
1708 1052 1800 1085 1210.)

1353 1168 1370 1189 «
1388 1157 1512 1189 Eidem.
1531 1159 1680 1198 Benigno
1697 1158 1758 1189 tibi
1777 1161 1855 1189 sunt
1870 1177 1918 1187 —.
1939 1159 2063 1189 Datum
2079 1160 2116 1189 ut
2133 1167 2247 1198 supra.
2268 1168 2285 1188 »

1403 1307 1499 1338 2162
1870 1304 1995 1336 orvieto‚
2013 1305 2047 1332 23
2059 1305 2156 1340 juillet
2174 1304 2252 1331 1264.

1348 1391 1447 1417 Eidem
1472 1390 1600 1425 indulget
1626 1394 1654 1417 ut
1680 1391 1782 1417 domos
1807 1389 1958 1425 religiosas
1985 1390 2189 1425 cujuscumque
2215 1389 2324 1416 ordinis

1312 1448 1377 1466 cum
1401 1447 1504 1466 novem
1528 1440 1670 1467 matronis
1699 1439 1810 1474 ingredi
1837 1439 1941 1466 valeat.
1970 1439 2050 1473 (nso.
2067 1440 2113 1473 29,
2132 1439 2182 1466 sol.
2209 1439 2261 1466 224
2286 1443 2324 1471 ν’,

1311 1495 1341 1515 n⁰
1359 1489 1448 1521 1211.)

1352 1603 1368 1623 «
1386 1592 1512 1623 Eidem.
1528 1593 1728 1624 Devotionis
1755 1595 1811 1624 tue
1826 1592 1983 1632 precihus
2007 1612 2054 1623 —.
2069 1594 2195 1624 Datum
2209 1596 2246 1625 ut
2266 1603 2326 1625 su-

1312 1655 1383 1685 pra.
1398 1655 1414 1675 »

1402 1795 1499 1826 2163
1861 1792 1986 1826 Orvieto,
2004 1792 2145 1828 23jui11et
2166 1792 2243 1820 1261.

1347 1878 1445 1905 Eidem
1469 1877 1595 1913 indulget
1619 1881 1647 1905 ut
1673 1878 1794 1904 missam
1821 1879 2022 1905 antelucanam
2053 1878 2194 1905 celebrari
2224 1877 2322 1905 saciat.

1311 1927 1389 1961 (linc.
1409 1927 1454 1961 29,
1472 1927 1521 1954 sol.
1538 1928 1599 1958 225,
1618 1931 1649 1953 n⁰
1670 1928 1761 1961 1212.)

1349 2046 1364 2065 «
1383 2035 1506 2065 Eidem.
1526 2036 1724 2066 Devotionis
1748 2037 1804 2066 tue
1828 2035 1984 2074 precibus
2008 2054 2053 2065 —.
2070 2037 2193 2067 Datum
2208 2039 2242 2067 ut
2260 2046 2322 2067 su-

1281 2120 1282 2128 *
1308 2098 1380 2128 pra.
1398 2099 1413 2118 »

1397 2239 1495 2270 2134
1845 2240 1968 2271 Orvieto,
1991 2243 2026 2268 23
2044 2241 2139 2276 juillet
2167 2243 2245 2270 1261.

1344 2322 1441 2349 Eidem
1461 2323 1591 2350 concedit
1614 2326 1640 2350 ut
1663 2324 1796 2359 portatile
1814 2325 1905 2352 altare
1923 2325 2027 2353 habere
2050 2326 2153 2354 valeat.
2175 2327 2255 2362 (Rau.
2273 2328 2319 2361 29,

1307 2371 1354 2399 sol.
1373 2373 1434 2405 225,
1453 2377 1485 2398 11⁰
1505 2372 1596 2402 1213.)

1345 2490 1362 2510 ((
1383 2480 1500 2510 Eidem.
1520 2481 1719 2513 Devotionis
1735 2484 1790 2513 tue
1808 2483 1964 2522 precibus
1980 2502 2029 2513 —.
2049 2484 2175 2514 Datum
2191 2485 2226 2514 ut
2252 2493 2311 2515 su-

1305 2543 1375 2573 pra.
1394 2545 1408 2562 η

1395 2680 1491 2711 21(ἰὸ
1860 2681 1984 2714 Orvieto,
2003 2682 2037 2709 26
2049 2681 2144 2717 juillet
2164 2682 2242 2709 1264.

1337 2762 1375 2792 S„
1398 2763 1473 2790 tituli
1493 2772 1516 2790 s.
1535 2764 1656 2791 Ceciliae
1680 2765 1845 2800 presbytero
1869 2765 2018 2797 cardinali,
2036 2766 2211 2800 apostolicae
2234 2766 2310 2794 sedis

1301 2811 1406 2846 legato,
1428 2813 1543 2840 mundat
1568 2816 1595 2840 ut
1617 2822 1665 2840 sex
1682 2814 1801 2841 clericos
1815 2814 1930 2841 comitis
1952 2814 2139 2842 l’ictavensis.
2164 2823 2233 2850 quos
2252 2816 2314 2850 ipse

1301 2861 1504 2895 nominaverit,
1523 2863 1550 2889 iu
1570 2863 1690 2889 totidem
1711 2863 1798 2898 ipsius
1814 2863 1965 2897 legationis
1983 2864 2125 2898 ecclesiis,
2142 2864 2313 2896 parisiensi,
