2659 3242
77 698 90 725 1
95 697 153 725 263

57 747 139 774 avril
161 747 207 774 10.

75 917 88 943 I
93 916 150 943 263

53 965 136 993 avril
157 966 204 992 17.

70 1421 146 1450 1263

49 1472 131 1499 avril
150 1472 199 1499 20.

66 1588 79 1615 1
85 1587 143 1615 263

45 1636 127 1665 avril
147 1636 196 1663 20.

65 1855 140 1883 1263

42 1904 124 1933 avril
142 1903 194 1931 24.

63 2166 138 2194 1263

43 2216 126 2245 avril
145 2215 196 2242 25.

63 2288 76 2315 I
81 2286 139 2315 263

42 2336 125 2365 avril
143 2335 194 2363 29.

64 2700 144 2729 1263

44 2750 108 2778 mai
148 2749 177 2776 2.

249 698 366 725 (Ἰνυὶσὶο

895 269 1065 300 TABLES
1084 271 1143 302 DU
1164 272 1380 305 REGISTRE
1400 277 1607 308 D'URBAIN
1629 281 1671 309 lv
2399 292 2457 321 297

987 363 1074 389 peges.
1095 363 1230 386 Numeros.

424 433 456 459 et
481 434 654 460 conventui
679 432 867 463 monasterii
889 437 928 464 de
949 413 1087 465 Cor·tome
1109 412 1138 433 W

424 481 527 514 neolo,
572 481 898 512 Praemonstratensis
942 487 1024 514 ordi·
1258 471 1259 478 ἵ
1309 475 1382 501 ¹26³

424 530 483 563 nis,
524 531 713 560 Bisuntinae
754 533 896 567 diocesis,
940 535 1022 562 bona

421 579 588 613 illegitime
618 588 635 608 a
665 582 826 609 nonnullis
854 582 963 610 ablata
993 586 1022 610 ei

422 629 564 656 detenta.

1257 566 1259 600 1

467 700 587 727 Abbati
616 702 649 728 et
678 702 849 729 conventui
880 702 919 729 de
945 668 1134 735 Cor-tssmssnilvl
1152 705 1225 732 2941
1256 706 1257 711 ’

425 749 527 782 neolo,
569 749 895 778 Praemonstratensis
938 751 1021 778 ordi-

418 798 477 831 nis,
515 797 704 825 Bisuntinae
743 799 886 833 diocesis,
928 800 1021 828 liber·
1254 815 1255 846 1

418 848 503 874 lates
534 848 567 873 et
601 847 768 881 privilegia
799 848 980 876 confirmat.
1018 885 1081 904 tome
1103 884 1132 904 Ν
1306 861 1380 887 1253

461 917 625 945 Universis
654 918 897 953 archiepiscopis
925 920 957 946 et
988 921 1035 951 e—}

419 966 557 1001 piscopis
578 967 709 994 mandat
733 969 769 994 ut
792 967 817 994 si
839 968 893 1002 qui
915 974 1021 1002 parro-

416 1015 602 1042 chianorum
627 1015 767 1050 ipsorum
790 1023 958 1045 conversos
986 1018 1017 1044 et

420 1064 593 1091 servientes
614 1065 803 1092 monasterii
825 1065 864 1092 de
883 1063 1020 1093 Corneo-

416 1113 457 1145 lo,
496 1113 687 1139 Bisuntinae
727 1113 870 1146 diocesis,
910 1113 1021 1141 verbe-

416 1167 485 1188 rare
506 1167 560 1188 seu
582 1161 724 1195 ejusdem
745 1162 931 1189 monasterii
952 1162 1018 1189 ani-

413 1209 510 1236 malia
554 1209 691 1244 diripere
734 1210 1015 1245 praesumpserint,

413 1265 466 1284 eos
493 1258 661 1293 disciplina
690 1258 902 1286 ecclesiastica
930 1265 1016 1286 coer·

411 1308 514 1339 ceant,
539 1307 639 1333 donec
663 1307 916 1334 satisfactionem
940 1314 1014 1335 con-

413 1351 542 1385 dignam
576 1351 793 1378 exhibuerint.

1013 1387 1077 1408 tome
1098 1386 1127 1407 lV

453 1422 630 1457 Eugubinis
679 1422 851 1450 confirmat
902 1422 1026 1453 castra!
1064 1423 1216 1456 5512943
1245 1411 1247 1415 ’

409 1470 688 1505 Collis-Pergulae,
731 1471 929 1498 Montissicci
972 1473 1006 1499 et

409 1515 842 1542 serrae-sanctae-Abundae.
1010 1551 1075 1571 tome
1096 1549 1125 1571 Ν
1294 1535 1369 1562 1253

1383 1584 1398 1601 ν’

448 1586 604 1619 Maurino,
648 1586 884 1621 archiepiscopo
926 1585 1024 1618 Nar-l
1063 1585 1218 1618 7913012
1270 1584 1340 1626 juin
1381 1590 1410 1610 2.

411 1636 552 1668 bonensi,
572 1635 719 1662 concedit
738 1634 927 1661 facultatem
946 1633 1009 1661 duo

406 1684 507 1711 millia
540 1683 693 1711 librarum
727 1683 908 1716 mutuandi,
943 1688 1008 1710 cre-

406 1733 564 1760 ditoribus
594 1732 677 1759 bona
707 1731 858 1759 ecclesiae
887 1730 1010 1758 Narbo-

407 1782 513 1809 nensis
530 1781 714 1815 obligando.
1293 1770 1367 1797 1253

1008 1815 1073 1835 tome
1094 1813 1123 1835 lV
1270 1818 1340 1852 juin
1363 1820 1410 1846 12·

445 1852 690 1881 ordinationem
711 1852 750 1879 de
770 1851 862 1878 bonis
881 1851 914 1878 in
935 1851 1024 1886 par-l
1062 1850 1119 1882 221
1137 1850 1215 1877 2844

408 1902 494 1930 tibus
529 1899 726 1936 Campaniae
764 1899 1010 1934 Maritimaeque

405 1952 440 1978 in
462 1957 576 1977 manus
597 1951 825 1977 extraneorum
847 1955 912 1975 non
934 1948 1008 1975 alie-

404 2000 518 2027 nandis
541 1999 684 2026 declarat
707 1998 748 2025 ad
770 1997 823 2031 R„
847 2004 871 2024 s.
895 1996 1009 2032 Angeli
1241 1994 1245 2043 3*

404 2048 574 2075 diaconum
621 2046 826 2078 cardinalem,
872 2045 1009 2073 nullate·
1240 2057 1244 2101 ἔ

409 2099 470 2119 nus
496 2093 651 2125 spectare.
1009 2125 1074 2146 tome
1095 2124 1124 2145 w
1241 2112 1243 2116 .
1293 2112 1367 2139 1253

443 2162 622 2197 Eugubinis
663 2161 796 2188 mandat
847 2160 1023 2195 occupent!
1061 2160 1214 2193 5612944
1240 2149 1244 2186 1
1270 2161 1339 2195 juin
1364 2162 1410 2187 13.

410 2211 600 2239 comitatum
641 2208 844 2237 Callensium.

1006 2244 1071 2265 tome
1091 2242 1121 2264 lv
1239 2255 1242 2268 ,

444 2281 547 2309 Priori
581 2282 614 2307 et
648 2279 821 2307 conventui
855 2278 1023 2311 ecclesiae!
1059 2279 1214 2310 5512945

408 2339 431 2358 s.
457 2330 629 2362 Barbarae,
658 2328 778 2356 ordinis
805 2335 829 2355 s.
858 2327 1009 2362 Augusti·

404 2381 447 2414 ni,
481 2378 688 2407 Lexoviensis
723 2377 867 2410 diocesis,
903 2375 1007 2403 indui-

403 2431 457 2464 get
475 2430 522 2462 ut,
540 2427 733 2454 vacantibus
751 2426 891 2460 ipsorum
910 2425 1007 2452 eccle-
1238 2439 1240 2443 ·
1291 2448 1364 2474 1263

404 2479 467 2511 siis,
497 2478 638 2512 ipsorum
667 2476 842 2510 proventus
870 2473 1007 2508 deporta-
1266 2497 1337 2530 juin
1362 2497 1407 2523 Π.

405 2526 499 2554 tiones
527 2525 624 2559 vulgo
655 2524 767 2556 dictos,
799 2523 881 2550 sicut
911 2523 1006 2549 antea

404 2577 436 2603 in
462 2576 625 2610 posterum
651 2572 740 2600 licite
765 2571 926 2606 percipere
950 2576 1007 2596 va·

404 2626 500 2652 leant.

1005 2654 1069 2674 tome
1091 2652 1119 2674 lV

448 2694 692 2729 Archiepiscopo
718 2690 889 2718 Viennensi
916 2696 1003 2716 man·
1023 2690 1026 2710 1
1058 2688 1095 2715 70
1113 2688 1208 2720 12983

408 2745 464 2772 dat
490 2742 643 2770 concedat
672 2740 870 2771 facultatem,
900 2738 925 2765 si
950 2744 1003 2764 ex-

404 2793 511 2829 pedire
545 2790 674 2823 viderit,
710 2788 827 2820 Aalidi,
863 2785 1003 2813 comitis·
1233 2824 1235 2830 V

403 2849 456 2870 sae
475 2839 678 2874 Burgundiae
701 2836 875 2872 palatinae,
898 2833 1002 2869 capel·
1286 2827 1358 2855 1263

402 2892 466 2918 lam
483 2890 515 2916 in
531 2888 630 2915 fundo
648 2885 776 2922 proprio
795 2883 880 2919 apud
897 2890 921 2911 s.
938 2881 999 2910 Va·
1230 2910 1233 2914 Δ
1260 2878 1329 2912 Juin
1351 2877 1399 2902 26.

403 2940 514 2968 lerium
551 2934 766 2964 construendi.
1229 2930 1233 2953 ῑ

156 3031 277 3061 Urbain
298 3025 337 3057 iv
365 3027 479 3057 Tables

1468 477 1594 504 Omnia.

1257 523 1259 539 ³
1287 524 1349 550 mai
1389 524 1418 551 4.

1080 930 1089 941 a
1129 911 1255 959 129421
1284 911 1347 937 mai
1367 910 1417 937 31.

2211 381 2298 408 Pngeu.
2320 382 2455 404 Numeros.

2249 444 2313 464 tome
2334 443 2363 464 lv

1689 481 1884 509 Auximanos
1916 483 1955 509 ad
1988 484 2180 513 fidelitatem
2212 488 2244 513 et
2279 487 2455 519 15612947

1646 529 1849 557 devotionem
1875 532 2024 558 ecclesiae
2057 533 2239 567 redeuntes,

1648 577 1678 603 in
1701 578 1837 611 gratiam
1863 586 1952 606 suam
1977 581 2123 615 suscipit,
2149 584 2245 617 pacta

1647 626 1728 652 inter
1750 626 1835 660 ipsos
1857 628 1888 654 et
1911 627 2123 662 Mauri-edum,
2147 630 2246 658 Vero—

1647 680 1772 701 nensem
1799 675 1945 708 electum,
1973 677 2109 705 ducatus
2134 678 2244 713 Spole-

1646 723 1712 749 lani
1748 724 1781 750 et
1817 723 1977 751 Mai-chiae
2014 727 2236 755 Anconitanae

1646 772 1810 804 rectorem,
1851 772 1941 805 inita,
1965 773 2199 802 confirmando.

2248 825 2312 844 tome
2333 824 2361 844 iv

1686 864 1790 890 Fratri
1824 864 1973 897 Martino,
2009 866 2128 893 ordinis
2160 866 2243 894 Mili·
2278 868 2454 899 15712948

1647 912 1710 939 tiae
1731 913 1867 946 Templi,
1883 913 2056 940 castellano
2078 921 2189 942 roccae
2205 915 2244 942 de

1646 960 1763 993 'i'rebis,
1785 961 1970 995 Anagninae
1990 961 2133 995 diocesis,
2154 970 2245 991 man-

1647 1009 1702 1035 dat
1722 1010 1757 1035 ut
1775 1009 1951 1043 Nicolaum,
1970 1010 2103 1037 Lucium
2121 1012 2155 1038 et
2172 1012 2248 1039 Gre-

1646 1057 1766 1090 gorium
1801 1058 1921 1085 milites
1955 1058 2019 1085 suis
2053 1058 2179 1092 iuribus
2213 1060 2245 1086 in

1646 1106 1758 1133 castris
1795 1106 1833 1133 de
1869 1106 1990 1139 Trebis,
2028 1106 2174 1135 Feletani
2212 1110 2240 1135 el

1642 1153 1853 1189 Vallispetrae
1893 1155 1940 1182 uti
1980 1156 2159 1189 permittat.
2249 1168 2311 1186 tome
2330 1165 2360 1186 ιν

1678 1203 1837 1238 Episcopo
1881 1204 2047 1237 Anagnino
2096 1204 2230 1231 mandat
2277 1205 2281 1236 1
2299 1207 2325 1239 1»
2354 1206 2453 1237 12949

1639 1253 1766 1279 revocet
1805 1252 1977 1287 quamdam
2025 1253 2241 1280 excommuni-

1637 1300 1771 1328 cationis
1812 1301 2005 1327 sententiam
2047 1301 2080 1327 in
2121 1301 2237 1329 castel-

1637 1350 1724 1376 lanos
1747 1350 1779 1376 et
1804 1349 1883 1376 alios
1906 1349 2061 1376 officiales
2086 1349 2241 1384 apostoli-

1636 1404 1689 1424 cos
1707 1397 1746 1424 de
1765 1398 1874 1425 Trebis
1894 1397 1932 1424 ab
1953 1398 2064 1424 eodem
2084 1398 2234 1433 episcopo

1642 1446 1815 1480 prolatam.

2244 1496 2308 1515 tome
2329 1495 2359 1516 IV

1671 1534 1825 1569 Magistro
1855 1536 1888 1561 et
1917 1534 2071 1561 fratribus
2100 1533 2237 1562 Militiae
2266 1533 2448 1566 15812950

1635 1583 1760 1618 'i'empli
1793 1582 2056 1617 Jerosolymitani
2092 1582 2239 1617 indulget

1634 1634 1668 1658 ut
1691 1632 1725 1659 in
1747 1631 1850 1659 causis
1873 1631 1989 1658 fratres
2012 1637 2086 1658 suos
2109 1630 2237 1665 possint

1635 1680 1674 1707 ad
1697 1680 1919 1708 testimonium
1945 1679 2129 1714 producere.

2239 1728 2303 1748 tome
2325 1727 2353 1748 iv

1671 1769 1788 1797 Omnia
1815 1768 1982 1803 privilegia
2009 1768 2048 1795 ab
2079 1767 2236 1795 Innocen·
2269 1768 2272 1799 1
2304 1778 2314 1790 υ
2351 1768 2445 1799 12951

1633 1819 1678 1845 lio
1713 1824 1797 1852 papa
1833 1816 1894 1850 111,
1928 1816 2081 1844 Laterani
2114 1815 2227 1843 XVIII

1633 1867 1783 1895 kalendas
1824 1866 1976 1900 Januarii,
2020 1864 2234 1900 pontificatus

1634 1915 1682 1943 sui
1700 1922 1782 1942 anno
1802 1914 1927 1945 XVIII,
1942 1920 2090 1941 concessa
2110 1920 2167 1948 pro
2186 1919 2246 1940 ne-

1633 1964 1721 1997 gotio
1745 1966 1860 1991 Terrae
1884 1963 2020 1990 Sanctae
2039 1968 2238 1997 quorumque

1633 2015 1724 2039 tenor
1755 2012 1806 2038 hic
1838 2011 2000 2044 inseritur,
2035 2011 2170 2038 innovat
2201 2011 2235 2038 et

1636 2060 1821 2088 confirmat.

1673 2110 1807 2137 Mandat
1831 2109 1979 2136 dominus
2003 2108 2152 2136 Urbanus
2176 2116 2231 2144 per

1635 2160 1730 2187 istam
1762 2158 1882 2185 bullam
1915 2157 2053 2192 qualiter
2083 2157 2236 2191 magister

1633 2207 1802 2242 Gregorius
1845 2206 1883 2233 de
1933 2205 2068 2240 Neapoli
2119 2205 2228 2233 debeat

1633 2256 1800 2290 procedere
1817 2255 1849 2281 in
1866 2254 2045 2288 recipiendo
2062 2260 2230 2280 commune

1634 2305 1839 2339 spoletanum
1872 2302 1912 2329 ad
1943 2302 2160 2329 obedientiam
2187 2308 2235 2329 ec-

1633 2353 1755 2380 clesiae.

2240 2072 2303 2092 tome
2322 2070 2352 2092 IV

2268 2112 2272 2141 ἶ
2301 2120 2312 2135 ι
2346 2112 2447 2142 12952

2233 2401 2297 2421 tome
2318 2400 2348 2422 iv

1670 2443 1829 2477 Episcopo
1861 2443 1894 2468 et
1925 2440 2067 2474 capitulo
2098 2439 2230 2466 Verula-
2264 2440 2343 2471 ,591
2363 2441 2439 2468 2953

1635 2493 1680 2519 ais
1696 2490 1841 2525 indulget
1859 2491 1906 2521 ut,
1924 2490 2056 2517 cedente
2073 2488 2125 2515 vel
2141 2488 2233 2516 dece-

1630 2541 1726 2568 dente
1747 2540 1841 2566 Petro
1864 2538 1987 2571 clerico,
2012 2538 2128 2572 nepote
2149 2536 2231 2571 epis-

1627 2589 1698 2624 copi
1720 2588 1861 2619 Troiani,
1884 2586 2014 2613 ecclesia
2037 2585 2140 2613 sancti
2158 2585 2232 2612 Ste—

1629 2638 1726 2673 phani
1747 2637 1785 2663 de
1806 2635 1941 2667 Boiano,
1962 2634 2141 2661 verulanae
2162 2633 2229 2660 dio-

1627 2686 1716 2718 cesis,
1749 2685 1788 2711 ad
1820 2691 1894 2711 usus
1925 2684 2066 2718 ipsorum
2097 2687 2224 2708 mensae

1631 2735 1825 2762 revertatur.

2227 2778 2293 2798 tone
2314 2776 2343 2798 lv

1659 2822 1821 2849 Dec-anum
1850 2820 2078 2853 Figiacensezn,
2095 2816 2209 2843 Catur—
2244 2834 2246 2836 ψ
2267 2816 2306 2842 130
2323 2812 2422 2847 {2954

1625 2871 1727 2899 censis
1770 2869 1914 2901 diocesis,
1958 2867 2218 2894 conservatorem

1623 2918 1860 2956 privilegiorum
1891 2919 1923 2944 el.
1956 2917 2111 2944 bonorum
2142 2913 2226 2940 Mili-

2271 3004 2305 3030 ³⁸
