2519 3262
1159 240 1413 271 APPENDICE
1437 239 1478 268 II.
2314 244 2352 271 53

320 345 334 363 1(
359 333 499 364 ζἰ-ἰιαηυε
528 334 694 374 episcopus,
716 343 818 363 servus
846 344 999 363 serrorum
1030 332 1097 370 Dei,
1123 332 1289 362 venerabili

277 389 374 428 fratri
393 411 400 417 .
424 412 431 418 .
450 387 589 427 episcopo
619 388 787 423 Aversano,
812 386 985 426 coadjutori
1014 385 1197 416 venerabilis
1222 385 1287 424 fra·

280 441 334 470 tris
353 441 450 471 nostri
462 441 596 480 episcopi
613 440 782 478 Eussicbi'ni,
800 439 925 469 sulutem
943 444 970 468 ct
989 439 1189 479 apostolicam
1206 439 1288 468 benc-

277 495 450 524 dz‘ccionem.
480 494 579 524 Cives
604 494 779 524 Callenses
803 495 918 524 recto·
944 510 992 521 —-.
1017 493 1103 523 Num
1127 493 1204 522 licet
1231 501 1290 521 nu-

277 556 338 586 per
359 548 401 578 ad
418 547 511 586 ipsos
527 548 560 577 et
576 547 701 577 litteris
720 549 751 577 et
765 547 904 576 monitis
920 546 1181 576 clamaverimus
1199 547 1234 575 ut
1249 545 1288 575 de

277 601 385 631 salute
401 600 539 639 propria
557 600 689 630 solicite
710 600 906 638 cogitantes,
926 608 945 629 a
963 599 1043 629 dicti
1061 599 1289 637 persecutoris

278 653 417 692 sequela
444 653 640 683 recederent
660 654 691 683 et
719 653 760 682 ad
777 653 945 691 gremium
965 652 1116 691 ejusdem
1135 651 1288 681 ecclesie.

277 707 351 737 sine
369 706 519 745 qualibet
535 706 704 739 tarditate,
727 706 886 741 redirent,
905 705 1021 744 eisque
1038 704 1288 743 predixerimus

277 760 524 790 comminantes
547 760 648 798 quod,
674 759 703 789 si
730 759 857 789 nostris
881 759 913 788 in
940 758 1000 788 hac
1024 760 1119 796 parte
1148 758 1288 787 monitis

277 822 342 843 11011
357 815 523 852 parerent,
539 813 709 843 civitatem
723 813 915 842 (Izillensem
927 811 1112 850 episcopali
1125 811 1288 849 dignitate

276 867 477 896 auctoritate
505 866 691 905 apostolica
708 866 932 904 privaremus,
950 864 1016 903 ipsi
1040 867 1152 894 tamen
1176 864 1289 894 nolue-

276 922 355 950 runt
372 928 487 950 vocem
505 921 620 949 nostre
640 919 694 957 pie
710 918 935 948 revocationis
950 918 1077 953 audire,
1096 917 1155 947 sed
1175 917 1287 946 sinum

275 972 456 1003 reverende
474 972 594 1002 matris
613 971 753 1001 ecclesie
771 970 1033 1009 dampnabiliter
1051 972 1289 1008 contempnen-

275 1028 338 1062 tes,
357 1026 445 1056 dicto
470 1025 679 1064 persecutori
703 1024 862 1054 adherere
887 1024 994 1054 adhuc
1011 1023 1226 1062 pertinaciter
1252 1032 1289 1054 ac

275 1079 462 1117 predictam
477 1078 654 1108 ecclesiam
675 1086 822 1116 suosque
843 1077 960 1107 fideles
977 1077 1106 1107 cunctis
1123 1077 1288 1107 offendere

275 1132 408 1162 nisibus
432 1141 500 1162 non
518 1133 687 1161 verentur.
712 1131 782 1161 Nos
799 1131 913 1170 igitur,
935 1129 1116 1169 superbam
1136 1131 1288 1169 ipsorum

274 1185 521 1216 contumaciam
547 1185 579 1215 et
601 1187 832 1215 contumacem
858 1183 1051 1222 superbiam
1079 1184 1218 1214 sufferre
1238 1184 1287 1213 ul-

274 1239 383 1270 terius
409 1240 630 1277 nequeuntes,
662 1246 737 1268 cum
756 1237 920 1276 patientia
945 1239 1062 1267 nostra
1080 1237 1241 1276 majorem
1257 1239 1288 1268 et

273 1292 452 1330 largiorem
479 1291 530 1321 eis
546 1291 720 1330 hucusque
738 1290 908 1329 prebuerit
926 1290 1101 1320 audaciam
1122 1290 1156 1320 111
1174 1290 1286 1329 hujus>

273 1345 365 1375 modi
392 1344 576 1375 rebellione
607 1345 723 1374 contra
750 1352 811 1374 nos
837 1345 867 1374 et
887 1343 1072 1382 predictam
1096 1344 1285 1374 ecelesiam.

273 1398 492 1436 persistendi,
522 1397 730 1427 fraternitati
759 1398 816 1427 tuo
848 1397 887 1426 de
918 1396 1061 1426 fratrum
1092 1398 1286 1427 nostrorum

273 1451 416 1482 consilio
448 1459 508 1489 per
533 1450 719 1489 apostolica
743 1450 869 1488 scripta
893 1450 1094 1479 mandamus
1120 1452 1286 1488 quatenus

272 1506 488 1543 potestatem,
507 1504 689 1534 consilium
705 1505 737 1534 et
759 1511 935 1533 commune
955 1503 1104 1533 civitatis
1121 1503 1285 1542 ejusdem,

273 1566 332 1597 per
353 1560 384 1588 te
401 1557 454 1588 vel
471 1566 531 1596 per
547 1557 652 1587 alium
669 1565 729 1587 seu
749 1556 846 1591 alios,
869 1565 911 1586 ex
932 1558 1027 1594 parte
1048 1558 1173 1591 nostra,
1192 1556 1288 1595 juxta

274 1611 387 1641 datam
412 1610 473 1641 tibi
492 1619 510 1640 a
530 1611 600 1641 Deo
625 1610 852 1649 prudentiam,
872 1618 1010 1639 moneas
1029 1611 1060 1640 et
1078 1609 1218 1639 inducas
1237 1612 1284 1646 ut,

274 1673 381 1703 usque
399 1664 439 1694 ad
452 1672 557 1694 unum
573 1672 724 1693 mensem
734 1662 1043 1702 postmonitionem
1060 1664 1165 1698 tuam,
1187 1671 1284 1701 quem

273 1718 323 1748 eis
342 1726 402 1756 pro
430 1717 657 1756 peremptorio
680 1716 879 1756 prefigimus
905 1716 1063 1749 termino.
1086 1717 1286 1754 perditionis

272 1771 363 1801 viam
382 1779 458 1809 qua,
476 1771 601 1801 dictum
620 1770 790 1808 sequendo
808 1772 1070 1808 persecutorem,
1092 1769 1287 1808 dampnabi-

272 1824 350 1854 liter
369 1824 580 1863 gradiuntur,
594 1823 729 1862 penitus
747 1823 969 1858 dimittentes,
990 1822 1119 1860 precise
1138 1822 1179 1852 ad
1196 1831 1288 1852 man-

272 1878 389 1907 datum
415 1879 446 1907 et
470 1877 684 1907 devotionem
708 1876 857 1915 predicte
889 1876 1029 1906 ecclesie
1060 1879 1283 1906 revertantur.

272 1931 342 1962 Nos
376 1931 466 1961 euim
494 1939 626 1961 exnunc
658 1930 843 1969 predictam
878 1929 1061 1963 cix-itatem,
1095 1929 1161 1959 nisi
1196 1929 1284 1959 idem

272 1986 435 2023 potestas,
470 1983 652 2014 consilium
684 1984 715 2013 et
747 1991 937 2017 commune,
968 1982 1057 2012 infra
1091 1982 1284 2021 hujusmodi

273 2038 468 2073 terminum,
487 2037 527 2067 ab
544 2037 654 2076 ipsius
671 2036 897 2075 persecutoris
912 2035 1051 2074 sequela
1067 2035 1285 2066 discesserint

272 2093 304 2121 et
332 2091 373 2121 ad
396 2091 593 2121 mandatum
619 2090 761 2121 ecclesie
785 2090 934 2128 predicte
963 2089 1137 2124 redierint,
1158 2089 1285 2128 episco-

272 2144 340 2183 pali
366 2145 530 2184 dignItate
556 2143 725 2182 premissa
740 2143 940 2173 auctoritate
964 2143 1151 2181 privamus,
1171 2143 1286 2181 sicque

273 2198 358 2228 alias
387 2198 506 2228 durius
527 2199 559 2228 et
586 2197 742 2236 asperius
769 2197 933 2227 adversus
960 2196 1054 2235 ipsos
1072 2198 1103 2226 et
1119 2196 1286 2235 prefatam

271 2252 444 2282 civitatem
464 2251 690 2290 spiritualiter
704 2252 736 2281 et
753 2249 986 2289 temporaliter
1001 2249 1195 2288 procedere,
1214 2250 1285 2280 Deo

271 2306 419 2341 auctore,
444 2313 674 2343 proponemus
699 2305 734 2334 ut
755 2303 841 2342 ipsis
865 2312 950 2342 quos
977 2312 995 2333 a
1018 2303 1106 2333 malo
1126 2303 1234 2333 dulcis
1255 2306 1284 2334 et

272 2358 387 2388 suavis
419 2357 562 2388 monitio
590 2365 748 2388 revocare
780 2365 845 2387 non
874 2356 994 2395 potuit,
1025 2356 1146 2387 saltem
1181 2357 1282 2387 conti-

271 2413 374 2441 nuata
391 2411 527 2441 vexatio
545 2410 682 2449 prebeat
698 2410 921 2441 intellectum.
936 2409 1104 2440 Volumus
1118 2411 1230 2440 autem
1250 2412 1285 2441 ut

271 2464 466 2503 hujusmodi
490 2473 686 2503 processum
713 2466 868 2494 nostrum
893 2463 942 2493 eis
966 2462 1099 2502 publice
1127 2463 1285 2494 intimare

272 2526 444 2555 procures,
470 2517 598 2547 faciens
624 2525 726 2555 snper
750 2515 931 2555 premissis
959 2516 1078 2546 confici
1109 2515 1285 2555 publicum

273 2571 550 2606 instrumentum,
568 2570 653 2599 illud
678 2570 720 2600 ad
744 2578 806 2599 nos
832 2569 978 2599 fideliter
1004 2569 1284 2600 transmissurus.

271 2624 396 2654 Datum
415 2623 504 2662 apud
524 2622 814 2657 Urbemveterem,
838 2631 872 2651 111
893 2630 999 2652 nonas
1016 2621 1190 2656 februarii,
1208 2631 1287 2661 pon-

271 2676 420 2706 tificatus
436 2675 540 2706 nostri
558 2684 645 2706 anno
662 2675 822 2706 secundo.
845 2684 860 2704 »

304 2797 327 2821 1.
344 2796 381 2820 Le
401 2795 568 2826 preambule
594 2795 626 2819 de
644 2797 716 2819 cette
737 2794 815 2818 bullo
835 2796 877 2818 est
898 2793 924 2818 le
941 2795 1028 2818 meme
1045 2801 1099 2825 que
1119 2793 1194 2818 celui
1210 2793 1243 2818 de
1258 2793 1285 2818 la

272 2840 452 2872 precedente.

1930 331 2055 361 Urvi-t),
2074 333 2090 358 5
2107 340 2184 357 murs
2204 332 2278 359 12123.

1433 333 1530 363 2937

1381 416 1551 443 Mouasterio
1564 415 1698 442 saxivivi.
1713 417 1819 443 ordinis
1839 425 1860 442 s.
1880 416 2032 443 nvn-uicti.
2048 418 2192 450 quondam
2209 417 2349 451 1501101011-

1345 465 1381 492 tis
1401 465 1534 493 diocesis,
1559 465 1706 492 libertates
1732 469 1755 492 ct
1776 466 1976 493 immunitates
1997 467 2159 493 conticinat.
2188 468 2284 501 (Aaou.
2305 475 2353 492 ,111-

1345 522 1436 541 eninr.
1455 522 1488 540 ni:
1503 514 1639 542 Spore-rr.
1662 514 1742 541 t‘onzls
1759 515 1918 547 5115501110,
1936 520 1966 541 110
1987 515 2075 549 1018.)

1386 621 1400 639 «
1421 610 1559 640 srbanus
1575 610 1744 649 episcopus,
1756 621 1857 639 scretis
1872 621 2024 640 ,vervorum
2036 611 2100 647 lm,
2110 611 2228 640 dilectis
2243 612 2352 649 filiis..

1345 664 1447 694 abbati
1463 668 1489 693 el
1502 664 1663 692 conventui
1675 664 1851 693 monasterii
1864 664 2016 700 §Vm-irici,
2033 664 2072 693 ad
2087 664 2251 693 Hotnmmm
2265 664 2354 694 ecs-le<

1344 719 1419 747 siam
1442 716 1524 746 nullo
1549 717 1645 746 medio
1668 717 1859 755 pertinentis,
1884 718 1999 746 ordinis*
2015 728 2038 747 s.
2067 718 2234 753 Benedicti,
2259 728 2352 758 quou-

1345 771 1414 801 dam
1434 771 1621 810 Fuligyiualis
1643 770 1781 806 diocesis,
1801 770 1927 799 salutem
1949 776 1975 799 el
1996 771 2193 810 alwos‘lolirwn
2214 772 2354 801 henedic-

1345 826 1466 854 tionem.
1499 826 1582 855 Cum
1613 834 1631 854 a
1670 824 1768 854 nobis
1796 824 1921 862 petitur
1955 825 2043 862 quod
2074 825 2202 862 justum
2241 828 2291 855 est
2322 828 2354 856 et

1345 879 1534 913 honestum,
1554 881 1621 908 tam
1639 877 1731 916 vigor
1747 878 1908 916 equitatis
1923 887 2022 916 quam
2039 879 2120 908 ordo
2133 879 2235 917 exigit
2254 879 2354 909 ratio·

1346 933 1399 962 nis
1416 934 1452 962 ut
1474 932 1505 961 id
1532 940 1590 970 per
1607 931 1873 961 sollicitudinem
1889 931 1992 961 oflicii
2019 931 2125 961 nostri
2143 932 2183 961 ad
2203 932 2353 962 debitum

1347 985 1547 1024 1erducatur
1574 985 1740 1014 ellectum.
1768 985 1965 1023 Eapropter,
1997 985 2111 1015 dilecti
2143 985 2177 1014 in
2209 986 2352 1016 Domino

1346 1039 1420 1075 filii,
1440 1039 1563 1069 vestris
1576 1039 1680 1077 justis
1697 1038 1983 1076 postulationibus
2003 1040 2096 1077 grato
2116 1041 2353 1069 concurrentes

1347 1102 1499 1128 assensu,
1518 1101 1634 1123 omnes
1651 1092 1825 1122 libertates
1841 1094 1873 1122 et
1889 1092 2121 1122 immunitates
2137 1101 2155 1122 a
2180 1092 2352 1130 predeces-

1345 1147 1481 1177 soribus
1506 1147 1634 1177 nostris
1658 1147 1821 1177 Romanis
1846 1146 2062 1185 pontificibus
2080 1145 2150 1175 sive
2176 1154 2234 1183 per
2252 1146 2355 1184 prix-i-

1346 1201 1433 1240 legia
1451 1210 1510 1231 seu
1531 1201 1616 1231 alias
1634 1201 1862 1239 indulgentias
1881 1199 1976 1230 vobis
1989 1199 2042 1229 vel
2059 1199 2263 1230 monasterio
2285 1207 2353 1229 ves-

1345 1256 1396 1285 tro
1411 1263 1600 1291 concessas,
1621 1263 1749 1284 necnon
1766 1253 1941 1284 libertates
1957 1255 1989 1283 et
2010 1253 2242 1291 exemptiones
2259 1261 2351 1282 secu·

1345 1309 1468 1339 larium
1483 1308 1749 1346 exemptionum,
1764 1316 1782 1337 a
1797 1306 1932 1345 regibus
1946 1310 1976 1337 et
1994 1306 2204 1345 principibus
2215 1306 2265 1336 vel
2276 1306 2353 1335 aliis

1345 1362 1471 1393 Christi
1500 1362 1658 1392 fidelibus
1682 1360 1929 1391 rationabiliter
1954 1359 2051 1390 vobis
2074 1360 2127 1390 vel
2148 1359 2351 1389 monasterio

1344 1415 1494 1454 predicto
1509 1415 1669 1450 indultas,
1687 1417 1793 1445 terras
1813 1422 1956 1453 quoque,
1977 1413 2224 1452 possessiones,
2244 1412 2352 1442 reddi-

1345 1472 1410 1503 105,
1429 1469 1546 1499 (101005
1568 1471 1598 1499 01
1619 1469 1686 1498 alia
1708 1468 1795 1498 bona
1821 1471 1942 1500 vestra,
1961 1467 2047 1497 sicut
2073 1475 2112 1496 ea
2128 1466 2240 1496 onmia
2260 1465 2350 1504 juste

1344 1531 1380 1553 ac
1395 1523 1532 1562 pacifice
1543 1522 1715 1560 optineUs,
1730 1521 1826 1551 vobis
1840 1523 1869 1551 et
1884 1530 1942 1559 per
1957 1529 2015 1550 vos
2027 1520 2134 1550 eidem
2146 1519 2352 1549 monasterio

1344 1577 1542 1606 auctoritate
1553 1576 1738 1614 apostolica
1748 1575 1988 1605 confirmamus
2005 1576 2037 1604 et
2055 1573 2223 1612 presentis
2235 1572 2350 1610 scripti

1344 1629 1530 1668 patrocinio
1550 1628 1810 1659 communimus.
1830 1627 1924 1656 Nulli
1939 1635 2017 1664 ergo
2034 1644 2082 1656 —.
2097 1626 2131 1656 Si
2147 1626 2224 1664 quis
2241 1627 2352 1655 autem

1343 1699 1391 1711 -—.
1409 1683 1532 1713 Datum
1552 1682 1640 1720 apud
1657 1681 1943 1715 Urbemveterem,
1962 1689 1998 1709 111
2015 1688 2119 1709 nonas
2135 1679 2258 1714 martii,
2275 1687 2352 1717 pon-

1345 1736 1491 1767 tificatus
1507 1735 1613 1766 nostri
1630 1744 1717 1765 anno
1735 1734 1891 1764 secundo.
1911 1744 1925 1762 »

1908 1906 2032 1936 Orricto,
2050 1907 2084 1932 20
2105 1913 2182 1931 murs
2203 1905 2279 1932 1203.

1432 1911 1529 1941 2938

1378 1999 1520 2026 Abbatem
1535 2001 1560 2025 ct
1576 2001 1748 2025 conventum
1771 1996 1939 2023 monasterii
1954 1997 1987 2022 de
2009 1996 2159 2025 Corus-olo,
2181 1995 2352 2021 Praemous-

1342 2048 1478 2075 [ratensis
1499 2047 1617 2077 01111015,
1639 2046 1801 2073 bisuntinae
1815 2046 1948 2078 diocesis,
1965 2045 2016 2071 sub
2032 2045 2058 2071 b.
2075 2045 2151 2071 Petri
2174 2047 2199 2070 et
2222 2052 2271 2070 sua
2289 2052 2351 2077 pre-

1343 2097 1466 2124 tectioue
1483 2097 1612 2132 suscipit.
1631 2098 1717 2131 (Aaou
1751 2105 1785 2122 ns
1802 2103 1836 2122 LA
1854 2096 2077 2127 fluxere-mose,
2095 2103 2109 2120 11
2124 2094 2199 2123 719.)

1383 2205 1396 2223 t(
1414 2193 1554 2223 Urbanus
1570 2194 1739 2233 episcopm,
1754 2203 1856 2221 servus
1864 2202 2017 2221 servorum
2033 2191 2094 2227 Dei,
2106 2190 2223 2220 ‹lilecli's
2232 2190 2324 2230 filiis.
2343 2215 2349 2220 .

1342 2247 1455 2284 abbati,
1477 2254 1504 2277 el
1525 2247 1684 2276 coni-culici
1710 2246 1885 2275 monasterii
1901 2247 1936 2275 tle
1958 2244 2117 2280 Corticolo,
2143 2244 2348 2274 premonstra-

1343 2302 1432 2332 tensis
1451 2301 1578 2336 ordinis,
1606 2301 1767 2330 Biswiline
1790 2299 1927 2335 diocesis,
1953 2298 2079 2328 sulutem
2105 2304 2130 2327 ee
2152 2297 2349 2337 apostolicum

1343 2356 1590 2386 benedictionem.
1622 2355 1842 2385 Sacrosancta
1864 2354 2017 2384 Romana
2045 2351 2186 2382 ecclesia
2211 2351 2350 2380 devotos

1342 2412 1373 2440 et
1387 2409 1534 2439 humiles
1548 2408 1637 2438 filios
1651 2417 1692 2438 ex
1710 2410 1841 2437 assuete
1858 2406 1995 2445 pietatis
2013 2405 2131 2435 affectu
2148 2405 2349 2442 propensius

1342 2463 1482 2503 diligere
1495 2462 1670 2493 consuevit
1683 2463 1725 2497 et,
1741 2469 1780 2490 ne
1797 2468 1975 2499 pravorum
1991 2458 2164 2488 homiuum
2181 2457 2348 2487 molestiis

1342 2517 1521 2556 agitentur,
1549 2524 1617 2551 eos,
1641 2516 1801 2553 tanquam
1825 2513 1880 2551 pia
1903 2513 2019 2547 mater,
2043 2520 2103 2541 sue
2129 2510 2348 2549 protectionis

1343 2571 1529 2602 munimine
1556 2569 1742 2600 confovere.
1773 2567 1970 2605 Eapropter,
1988 2564 2102 2595 dilecti
2132 2564 2166 2594 in
2202 2564 2348 2594 Domino

1342 2625 1415 2659 filii,
1436 2622 1679 2661 vestr1sjust1s
1693 2618 1978 2660 postulationibus
1994 2619 2088 2657 grato
2107 2618 2347 2647 concurrentes

1342 2686 1496 2713 assensu,
1515 2684 1676 2715 personas
1692 2675 1822 2704 vestras
1836 2674 1867 2703 et
1881 2672 1991 2702 locum
2007 2672 2041 2701 in
2055 2679 2120 2710 quo
2135 2670 2250 2701 divino
2264 2671 2348 2701 estis

1342 2731 1503 2770 obsequio
1526 2727 1720 2767 mancipati,
1738 2735 1814 2757 cum
1835 2724 1993 2756 omnibus
2017 2724 2116 2755 bonis
2138 2732 2203 2763 que
2225 2724 2350 2763 impre-

1342 2784 1528 2815 sentiarum
1556 2780 1804 2812 rationabiliter
1835 2778 2019 2818 possidetis
2045 2778 2102 2808 aut
2132 2777 2166 2807 111
2195 2776 2349 2808 futurum

1337 2838 1441 2877 justis
1452 2836 1572 2871 modis,
1587 2835 1758 2874 prestante
1771 2832 1929 2868 Domino,
1942 2830 2098 2870 poterItis
2114 2830 2270 2869 adipisci,
2286 2829 2350 2860 sub

1340 2890 1371 2921 1).
1392 2889 1483 2920 Ρο11·1
1501 2890 1533 2919 01
1558 2890 1672 2918 nostra
1689 2885 1894 2925 protectione
1912 2883 2138 2923 suscipimus3
2157 2883 2351 2922 specialiter

1340 2945 1453 2974 autem
1480 2944 1600 2977 terras,
1618 2940 1748 2975 domos,
1767 2937 2002 2977 possessiones
2020 2939 2052 2967 et
2073 2936 2140 2967 alia
2162 2935 2250 2966 bona
2276 2944 2348 2965 ves-
