2519 3262
1099 286 1354 318 APPENDICE
1376 285 1403 315 Ι.
2254 288 2290 317 13

305 385 403 416 2819

250 477 355 504 Notum
378 477 445 504 facit
468 485 508 510 se,
531 485 596 504 cum
623 477 698 504 inter
719 477 881 506 Althasum,
904 483 1001 510 regem
1029 474 1169 501 Castellae
1194 482 1226 500 ac

214 526 358 561 Legionis,
377 528 405 552 et
423 526 605 559 Riccardum,
625 526 654 552 in
676 526 869 552 Romanorum
884 532 982 558 regem
1003 531 1053 558 per
1071 522 1226 550 electiones

214 575 308 602 varias
331 575 447 609 electos,
468 583 552 609 super
571 575 725 602 obtinenda
745 574 859 608 imperii
876 573 1016 608 dignitate
1031 571 1226 599 contentionis

214 625 337 651 materia
361 624 500 652 suscitata
522 625 571 657 sit,
588 623 733 651 distulisse
754 624 830 650 inter
850 631 897 650 eos
910 622 1015 658 judicis
1031 624 1127 656 partes
1143 628 1225 646 assu-

214 681 304 705 mere,
329 675 379 700 sed
399 674 518 701 tandem
540 676 739 708 procuratores
752 673 828 708 regis
842 671 984 699 Castellae
1007 678 1073 697 cum
1087 669 1226 696 instantia

214 723 374 757 postulasse
394 725 424 750 ut
441 723 495 757 ipsi
511 722 571 757 regi
592 723 621 750 in
635 722 687 749 hoc
705 721 821 756 negotio
832 721 947 756 justitia
963 719 1142 749 exhibeatur,
1160 727 1225 752 pro-

214 775 359 799 curatores
374 780 440 799 vero
456 772 584 799 Riccardi
602 771 742 798 obtulisse
756 771 816 806 ejus
831 770 948 796 nomine
960 777 990 795 se
1006 771 1121 802 paratos
1135 767 1226 794 eccle·

214 821 273 848 siae
294 822 439 848 Romanae
456 820 712 856 subirejudicium.
729 819 815 846 Addit
831 827 871 850 se,
887 820 916 844 ut
933 818 997 844 illos
1013 818 1048 844 ad
1064 817 1141 851 pacis
1162 816 1224 842 uni-

213 873 303 897 tatem
329 871 487 903 induceret,
511 870 626 896 cosdem
651 877 701 903 per
718 868 841 902 ‚nuntios
863 866 945 894 citari
967 866 1068 892 recisse
1089 868 1119 892 ut
1144 873 1164 891 11
1179 865 1223 892 die

214 920 323 946 mensis
347 919 416 946 maii
439 918 596 953 apostolico
614 916 779 952 conspectui
797 924 827 942 se
849 917 1080 950 praesentarent,
1103 915 1151 940 sed
1176 922 1223 940 ne-

213 968 323 995 minem
346 968 472 995 termino
492 970 655 994 memorato
682 965 888 1000 comparuisse.
907 965 1046 998 Prorogat
1065 963 1222 989 terminum

212 1025 301 1051 usque
326 1018 361 1044 ad
381 1025 490 1044 annum
513 1015 739 1050 computandum
759 1023 775 1040 a
799 1014 872 1041 festo
892 1014 918 1040 1).
941 1013 1070 1040 Andreae
1092 1012 1223 1046 proximo

213 1068 342 1094 venturo.
357 1067 483 1100 ΝΛΜ-10.
505 1074 519 1092 e
532 1065 576 1097 49,
593 1070 622 1090 n⁰
639 1065 681 1091 16.
701 1064 848 1090 ΡοττΗΑ5Τ
869 1062 977 1097 18931.)

253 1164 267 1183 (1
296 1152 435 1183 Urbanus
451 1158 506 1182 etc.
524 1152 575 1182 Ad
590 1152 729 1191 futuram
746 1152 792 1181 rei
807 1151 995 1181 memoriam.
1014 1151 1106 1180 Inter
1119 1149 1221 1180 caris-

213 1207 319 1237 simos
335 1207 370 1236 in
386 1223 435 1235 —.
455 1218 470 1234 »

696 1361 821 1394 Orvieto,
837 1362 871 1388 22
887 1362 1050 1396 septembre
1070 1362 1148 1389 1263.

299 1364 397 1395 2320

245 1447 421 1474 Electionem
436 1447 573 1482 Philippi,
587 1449 656 1474 tunc
667 1446 840 1474 thesaurarii
851 1446 998 1478 Metensis‚
1009 1447 1038 1473 in
1052 1446 1220 1481 episcopum

210 1495 368 1522 Metensem
381 1498 476 1523 cassat
486 1498 514 1522 et
525 1496 631 1522 irritat.
641 1496 808 1528 (BonoEAux
820 1497 883 1529 Tot,
895 1501 924 1522 n⁰
938 1496 1004 1527 1293
1019 1496 1106 1522 Anca.
1119 1496 1220 1523 VATm.

210 1545 277 1572 Bm.
296 1546 330 1572 29
349 1552 368 1572 Α
384 1551 414 1571 n0
430 1546 489 1576 190,
509 1546 658 1572 Pori-mst-
674 1544 787 1578 18656.)

249 1644 266 1664 «
285 1634 423 1664 Urbanus
437 1635 596 1674 episcopus
611 1638 667 1663 etc.
685 1634 828 1664 Metensi
845 1633 987 1664 ecclesia
1005 1634 1154 1672 pastoris
1169 1651 1229 1663 —..

209 1688 333 1718 Datum
361 1688 451 1726 apud
473 1687 762 1723 Urbemveterem‚
783 1696 842 1717 vin
869 1687 1032 1718 kalendas
1057 1687 1219 1722 octobris,

210 1750 297 1772 anno
316 1741 429 1772 tertio.
452 1751 467 1770 n

296 1896 392 1927 2821

242 1987 421 2015 Electionem
432 1987 575 2014 Guillelmi
586 1987 711 2023 Hugonis
722 1987 890 2015 inabbatem
905 1988 1099 2019 Electensem,
1115 1988 1219 2015 abbate

207 2046 229 2064 5.
255 2036 405 2072 Polycarpi
431 2035 553 2062 minime
570 2038 738 2068 convocato,
761 2035 874 2063 irritam
892 2036 1029 2063 declarat.
1049 2036 1219 2071 (Boiinfflcx

206 2086 268 2119 761,
285 2091 313 2112 1]ο
329 2085 395 2117 141;
412 2085 500 2112 ΛΜΗ.
517 2085 617 2112 Vane.
635 2085 703 2112 Bac.
722 2086 756 2112 26
772 2094 790 2111 A
808 2091 840 2112 n⁰
858 2086 933 2118 191.)

246 2183 263 2204 ((
291 2174 429 2204 Urbanus
447 2174 606 2214 episcopus
628 2179 682 2204 etc.
704 2174 841 2214 episcopo
859 2173 1038 2213 Aqathensi.
1064 2174 1113 2204 Ex
1131 2174 1219 2204 serie

205 2228 260 2258 tue
286 2228 546 2259 consultationis
570 2228 763 2267 accepimus
784 2229 817 2258 te
839 2227 952 2258 felicis
971 2227 1219 2258 recordationis

205 2281 392 2312 Alexandri
419 2290 516 2321 pape,
543 2281 794 2321 predecessoris
822 2281 942 2318 nostri,
969 2281 1103 2312 litteras
1131 2290 1219 2313 rece-

205 2335 298 2373 pisse
323 2335 411 2366 inter
435 2335 502 2365 alia
536 2335 747 2365 continentes
775 2334 865 2373 quod
890 2335 1094 2365 monasterio
1122 2335 1217 2366 Elec-

205 2388 305 2423 tensi,
338 2389 427 2427 quod
453 2389 495 2419 ad
522 2389 712 2419 Romanam
737 2388 916 2418 ecclesiam
948 2388 1042 2418 nullo
1072 2389 1219 2427 pertinet

205 2442 385 2477 mediante,
404 2442 534 2472 ordinis
551 2451 578 2472 5.
597 2441 783 2478 Benedicti,
801 2441 1037 2472 Narbonensis
1057 2442 1216 2478 diocesis,

205 2494 337 2525 abbatis
353 2495 518 2534 regimine
535 2495 709 2530 destituto,
732 2495 827 2534 prior
847 2496 880 2525 et
904 2497 1088 2526 conventus
1107 2496 1217 2534 ipsius

204 2548 344 2578 fratrem
361 2548 585 2580 Guillelmum
600 2548 767 2587 Hugonis,
780 2548 930 2588 ejusdem
948 2549 1149 2580 monasterii
1168 2558 1219 2580 ca-

204 2602 400 2638 merarium,
424 2602 460 2632 in
484 2610 602 2632 eorum
630 2601 785 2632 abbatem
811 2601 1021 2632 concorditer
1043 2602 1218 2642 elegerunt

205 2657 236 2686 et
253 2655 293 2685 ab
307 2656 424 2686 eodem
436 2655 675 2694 predecessore
690 2654 884 2694 hujusmodi
902 2655 1101 2686 electionem
1114 2656 1219 2695 petie-

204 2710 283 2739 runt
298 2708 473 2739 humiliter
488 2708 694 2739 confirmari.
707 2708 812 2738 Porro
831 2731 838 2737 .
856 2731 862 2736 .
877 2708 997 2739 abbate
1017 2709 1217 2740 monasterii

205 2771 220 2792 s
244 2761 426 2801 Policarpi,
449 2761 537 2792 dicte
553 2761 712 2797 diocesis,
732 2761 798 2800 ipsi
814 2761 989 2792 Electensi
1007 2762 1216 2793 monasterio

204 2815 399 2846 immediate
412 2814 565 2854 subjecti,
578 2816 751 2845 asserente
764 2823 799 2845 se
813 2815 980 2845 interesse
998 2814 1119 2845 debere
1133 2815 1216 2846 elec-

203 2869 288 2900 tioni
308 2868 440 2899 abbatis
456 2868 609 2908 ejusdem
626 2867 826 2899 monasterii
844 2867 1034 2898 Electensis
1059 2877 1162 2908 seque
1180 2869 1214 2898 in

203 2922 397 2963 huJusmodi
409 2921 572 2952 electione
583 2921 691 2952 fuisse
705 2922 947 2960 contemptum,
965 2921 1156 2952 dicentibus
1173 2930 1213 2952 ex

204 2976 345 3006 adverso
368 2975 469 3006 dictis
493 2975 605 3014 priore
635 2975 667 3005 et
695 2975 862 3005 conventu
884 2974 975 3013 quod
993 2974 1084 3005 idem
1109 2974 1213 3005 abbas

1284 387 1311 408 s.
1330 377 1499 416 Policarpi
1512 377 1569 415 J'us
1588 376 1622 406 in
1641 375 1804 405 electione
1822 374 1954 405 abbatis
1975 375 2084 414 ipsius
2102 376 2290 408 Electensis

1282 430 1479 462 monasterii
1506 437 1572 459 non
1604 427 1759 463 habebat,
1787 428 2007 467 predecessor
2034 429 2105 467 ipse
2130 429 2290 462 dilectum

1281 484 1389 514 filium
1407 484 1561 513 nostrum
1578 482 1630 517 O.,
1646 490 1674 512 s.
1692 482 1798 511 Marie
1816 482 1850 511 in
1867 482 1930 511 Via
1946 482 2013 511 lata
2028 482 2205 512 diaconum
2221 494 2291 514 car-

1280 537 1440 571 dinalem,
1455 536 1489 565 in
1504 544 1606 565 causa
1617 534 1810 573 hujusmodi
1821 535 1912 564 dedit
1925 534 2078 573 partibus
2089 536 2288 566 auditorem.

1280 590 1477 623 Ettandem,
1494 588 1573 627 quia
1589 588 1628 618 de
1641 588 1772 617 meritis
1790 588 1941 626 eiusdem
1956 597 2055 618 cause
2072 589 2161 627 apud
2174 590 2286 620 sedem

1280 642 1501 682 apostolicam
1513 649 1578 671 non
1591 641 1700 679 potuit
1712 641 1809 678 plene
1824 641 1966 679 liquere,
1980 641 2039 671 tibi
2056 643 2227 672 mandavit
2241 643 2289 672 111-

1278 698 1328 726 ter
1355 697 1465 726 cetera
1481 703 1540 733 per
1556 694 1690 725 litteras
1709 694 1920 732 supradictas
1935 696 1982 729 ut,
2001 695 2029 724 si
2050 695 2159 725 dictus
2185 696 2288 726 abbas

1280 758 1307 779 5.
1334 748 1502 786 Policarpi
1523 748 1611 777 infra
1634 747 1718 777 duos
1735 755 1882 783 menseS,
1899 749 2077 786 postquam
2097 749 2137 778 ad
2157 748 2217 779 hoc
2234 758 2289 788 pe-

1278 801 1501 840 remptorium
1518 800 1702 831 terminum
1721 800 1945 838 assignasses,
1970 809 2034 830 non
2053 801 2185 832 doceret
2209 802 2289 840 legi-

1278 856 1360 885 time
1385 863 1420 884 se
1447 854 1502 893 jus
1525 853 1648 884 habere
1677 854 1710 883 in
1730 853 1893 883 electione
1920 854 2063 892 sepefati
2090 856 2287 885 monasterii

1278 908 1479 944 Electensis,
1505 907 1699 946 hujusmodi
1723 906 1935 942 electionem,
1960 907 1989 936 si
2016 916 2089 937 eam
2118 908 2288 939 invenires

1279 961 1364 991 alias
1385 961 1424 991 de
1446 969 1591 999 persona
1608 960 1739 999 ydonea
1756 960 1913 990 canonice
1935 960 2151 996 celebratam,
2171 962 2288 992 confir-

1278 1023 1370 1045 mare
1387 1023 1536 1049 curares,
1560 1013 1721 1052 alioquin,
1740 1022 1778 1043 ea
1794 1014 1857 1043 rite
1875 1015 2017 1047 cassata,
2034 1014 2161 1044 faceres
2177 1015 2287 1045 eidem

1278 1067 1484 1097 monasterio
1505 1066 1675 1096 Electensi
1695 1075 1753 1104 per
1770 1066 1967 1096 electionem
1992 1069 2176 1097 conventus
2193 1076 2288 1098 cano—

1278 1121 1387 1151 nicam
1405 1120 1445 1150 de
1461 1119 1579 1150 abbate
1592 1119 1723 1158 ydoneo
1740 1119 1923 1157 provideri,
1944 1120 2207 1150 contradictores
2224 1122 2286 1152 etc.

1317 1174 1403 1204 Sane
1421 1173 1532 1203 dictus
1556 1172 1660 1203 abbas
1679 1181 1704 1202 s.
1726 1172 1896 1211 Policarpi
1915 1181 1974 1211 per
1992 1175 2024 1203 te
2043 1173 2083 1203 ad
2101 1173 2288 1204 docendum

1278 1235 1380 1265 super
1390 1226 1451 1257 hoc
1464 1226 1503 1257 de
1516 1225 1658 1265 suojure
1671 1226 1854 1262 admissus,
1868 1225 2068 1264 probaverat
2077 1226 2240 1266 legitime,
2252 1229 2287 1258 ut

1278 1280 1459 1319 scripsisti,
1474 1279 1564 1319 quod
1584 1279 1674 1309 idem
1692 1279 1849 1309 electioni
1865 1279 1976 1318 quein
1987 1280 2136 1318 predicto
2155 1289 2287 1311 monas-

1277 1333 1363 1363 terio
1392 1332 1562 1363 Electensi
1586 1332 1686 1371 elegit
1710 1333 1717 1349 ¹
1742 1332 1899 1371 quodque
1923 1333 2093 1371 quondam
2118 1356 2125 1362 .
2155 1358 2161 1363 .
2184 1333 2287 1364 abbas

1278 1387 1430 1426 ejusdem
1459 1386 1658 1416 monasterii
1681 1386 1713 1416 S.
1745 1385 1927 1424 Policarpi,
1956 1386 2175 1424 predecessor
2202 1387 2285 1425 ejus,

1277 1439 1433 1470 interfuit
1458 1439 1614 1470 electioni
1641 1439 1742 1469 tertio
1769 1440 1845 1469 ante
1867 1438 1969 1469 istam
1995 1439 2080 1469 inibi
2107 1439 2285 1477 celebrate,

1278 1493 1336 1523 sed
1352 1493 1441 1531 quod
1458 1493 1537 1523 tunc
1550 1492 1688 1530 elegerit
1702 1491 1756 1522 vel
1768 1492 1949 1531 coelegerit
1966 1494 2022 1522 aut
2040 1493 2129 1531 quod
2146 1493 2218 1532 ejus
2232 1502 2288 1523 vo-

1276 1547 1346 1575 tum
1365 1545 1569 1583 requisitum
1590 1544 1692 1575 fuerit
1710 1553 1776 1574 non
1790 1544 1957 1583 probavit,
1974 1554 2167 1584 quanquam
2190 1545 2288 1584 depo-

1277 1598 1384 1628 suerit
1406 1606 1495 1628 unus
1518 1598 1617 1628 testis
1640 1597 1730 1636 quod
1750 1598 1861 1628 dictus
1886 1598 2107 1636 predecessor
2127 1599 2198 1636 ejus
2221 1607 2286 1629 non

1277 1651 1388 1681 solum
1415 1651 1515 1690 hujus
1540 1651 1657 1688 [modi]
1683 1650 1839 1681 electioni
1864 1651 1962 1681 tertie
1986 1651 2139 1681 interfuit
2165 1652 2224 1682 sed
2246 1652 2287 1682 ad

1276 1704 1370 1734 illam
1399 1704 1511 1734 extitit
1538 1704 1638 1735 etiam
1667 1705 1836 1734 evocatus.
1867 1703 2030 1734 Probavit
2052 1705 2154 1735 etiam
2177 1705 2286 1735 dictus

1276 1757 1380 1788 abbas
1406 1766 1432 1787 s.
1462 1757 1632 1796 Policarpi
1660 1757 1749 1796 quod
1779 1756 1820 1787 ab
1851 1757 1968 1787 eadem
1994 1757 2095 1788 tertia
2123 1758 2286 1788 electione

1272 1812 1343 1851 jain
1374 1811 1620 1850 quinquaginta
1648 1819 1708 1841 sex
1735 1812 1767 1840 et
1799 1810 1947 1849 amplius
1977 1811 2055 1841 anni
2082 1811 2286 1842 effluxerunt

1276 1867 1307 1895 et
1343 1865 1433 1903 quod
1464 1865 1499 1894 in
1527 1864 1729 1894 tractatibus
1756 1864 2001 1894 alleiiationum
2028 1865 2285 1903 possessionum

1276 1919 1357 1948 dicti
1378 1917 1577 1948 monasterii
1594 1917 1796 1952 Electensis,
1818 1925 2005 1947 consensus
2024 1917 2156 1948 abbatis
2176 1918 2287 1956 ipsius

1276 1971 1475 2001 monasterii
1507 1979 1534 2000 s.
1559 1970 1741 2009 Policarpi,
1771 1970 1859 2000 sicut
1882 1970 2028 2000 aliorum
2046 1971 2286 2001 monachorum

1277 2025 1420 2063 predicti
1447 2024 1637 2054 Electensis
1664 2023 1875 2059 monasterii,
1904 2024 2103 2063 requiritur,
2130 2024 2286 2064 quodque

1277 2079 1349 2116 ipse
1367 2079 1401 2107 in
1416 2078 1533 2108 eodem
1551 2077 1758 2108 monasterio
1773 2077 1815 2107 ad
1833 2077 2044 2113 electionem,
2062 2078 2142 2108 dum
2159 2080 2209 2108 est
2226 2077 2288 2108 ibi-

1277 2131 1364 2168 dem,
1384 2133 1545 2169 tanquam
1565 2131 1660 2160 illius
1680 2130 1876 2166 monachus,
1896 2130 2086 2161 admittitur
2113 2133 2145 2161 et
2165 2133 2288 2161 tracta-

1275 2187 1330 2215 tur
1365 2193 1494 2215 necnon
1523 2184 1613 2223 quod
1654 2184 1760 2223 aliqui
1788 2183 1943 2214 monachi
1979 2184 2060 2214 dicti
2089 2185 2287 2215 monasterii

1276 2247 1303 2268 s.
1320 2237 1488 2276 Policarpi
1500 2237 1750 2276 professionem
1766 2237 1800 2267 in
1813 2237 1887 2276 ipso
1902 2237 2071 2267 Electensi
2080 2238 2287 2268 monasterio

1275 2292 1473 2321 emiserunt.
1500 2290 1662 2320 Probavit
1685 2299 1817 2329 quoque
1838 2291 1873 2320 in
1896 2289 1967 2320 illis
1990 2290 2144 2329 partibus
2163 2290 2286 2321 famam

1275 2353 1349 2375 esse
1370 2345 1457 2383 quod
1471 2343 1574 2374 abbas
1587 2343 1667 2374 dicti
1684 2343 1883 2374 monasterii
1899 2352 1926 2373 5.
1944 2344 2115 2382 Policarpi
2131 2343 2286 2374 electioni

1275 2397 1407 2428 abbatis
1420 2397 1582 2436 sepedicti
1600 2397 1797 2427 monasterii
1817 2396 1937 2427 debeat
1954 2397 2129 2427 interesse.
2150 2397 2201 2426 Ex
2215 2397 2286 2435 qui-

1274 2451 1338 2481 bus
1353 2451 1463 2482 dictus
1476 2450 1580 2481 abbas
1597 2459 1623 2480 s.
1642 2450 1811 2488 Policarpi
1827 2458 1862 2480 se
1880 2450 1961 2480 dicit
1973 2450 2012 2480 de
2024 2459 2085 2479 sua
2099 2450 2286 2480 intentione

1274 2505 1425 2544 plenarie
1443 2504 1611 2540 docuisse,
1629 2511 1820 2542 proponens
1842 2503 1966 2532 dictam
1980 2502 2167 2533 clausulam
2184 2503 2219 2532 in
2233 2503 2286 2533 lit-

1274 2558 1358 2588 teris
1373 2557 1577 2596 supradictis
1589 2564 1786 2595 expressam
1796 2555 1953 2586 videlicet
1967 2565 1981 2585 «
1993 2555 2060 2586 nisi
2070 2555 2143 2594 ipse
2156 2557 2190 2586 in
2200 2556 2286 2586 elec-

1273 2611 1364 2642 tione
1374 2610 1474 2649 hujus
1484 2610 1582 2649 sejus
1591 2609 1713 2639 habere
1722 2608 1955 2648 probaverit»,
1967 2609 2088 2639 debere
2098 2617 2164 2639 non
2175 2609 2285 2640 solum

1274 2664 1403 2703 dejure
1427 2663 1645 2702 proprietatis
1665 2662 1724 2692 sed
1748 2662 1850 2693 etiam
1871 2662 2102 2701 possessionis
2125 2662 2284 2701 intelligi,

1273 2726 1360 2753 cuni,
1381 2716 1665 2754 secundumJura,
1689 2724 1787 2746 omne
1801 2715 1858 2754 jus
1875 2724 1974 2745 suum
1993 2715 2167 2754 injudicio
2183 2715 2283 2746 dedu-

1273 2770 1366 2800 xisse
1375 2769 1518 2804 dicatur,
1529 2769 1629 2807 prout
1641 2767 1842 2807 exponebat,
1855 2768 2008 2807 allegans
2018 2769 2076 2807 qui
2086 2769 2284 2806 petitorium

1272 2821 1910 2861 etpossessioriumintemptavit,quod
1920 2821 2283 2860 dicereturineptenisi

1271 2875 1411 2906 verbum
1424 2875 1512 2915 juris
1532 2874 1718 2905 contineret
1736 2876 1929 2914 utrumque.
1949 2875 2018 2905 Nec
2040 2875 2154 2905 minus
2170 2875 2282 2914 inepte

1302 2983 1324 3006 1.
1339 2983 1377 3006 Le
1391 2981 1551 3006 manuscrit
1568 2980 1675 3005 semble
1689 2979 1725 3004 ici
1743 2981 1866 3004 inexact.
