2519 3262
252 162 312 192 420

253 244 327 270 dinis
345 254 365 271 s.
384 244 537 273 Benedicti,
553 242 779 277 Osnaburgcnsis
794 242 926 268 «lim-osis.
943 244 1100 277 spes-tante.
1120 243 1201 277 (HEC.
1214 244 1260 276 29,
1287 260 1290 267 ·

254 293 300 320 tol.
319 294 370 320 itio
388 298 427 326 ΥΟ,
443 297 473 319 n⁰
499 293 588 325 loll.)

294 410 307 429 1(
325 399 493 429 Scalas-tien
521 398 639 427 ecclesie
661 408 684 426 S.
717 396 878 426 Willelzadi
905 397 1102 426 lli-ennensi&
1131 397 1261 428 Consti*

253 456 308 482 tus
332 453 396 488 <sici
420 453 451 481 in
469 452 640 490 presentia
656 469 703 481 —.
724 452 847 481 Datum
864 451 951 489 apud
970 450 1259 484 Urbemveterem,

254 505 408 535 kalendis
425 504 554 542 aprilis,
574 512 659 534 anno
680 504 791 534 tertio.
813 513 827 532 1>

341 651 438 682 2490
821 649 944 680 Ort-teto,
962 649 991 676 ’11
1012 657 1089 675 mars
1110 649 1188 676 12131.

287 734 440 761 scolastico
468 734 607 762 ecclesiae
634 733 867 760 Monasteriensis
903 734 1016 759 mandat
1051 735 1079 759 ut
1105 733 1260 759 llcnrirum

1004 159 1246 191 REGISTRES
1274 159 1485 190 D’URBAIN
1514 159 1571 190 lv.

1357 252 1373 272 «
1395 242 1550 281 Episcopo
1574 242 1749 272 Biterrensi,
1773 242 1859 272 'Sua
1874 241 1972 272 nobis
1993 242 2136 272 dilectus
2152 242 2244 272 filius
2263 243 2327 272 Au-

1318 294 1477 326 debertus
1494 296 1533 325 de
1551 295 1663 331 Petra,
1678 295 1872 334 prepositus
1886 295 2028 325 ecclesie
2038 295 2263 332 Mimatensis,
2275 305 2331 334 pe-

1318 349 1436 379 titione
1455 348 1657 378 monstravit
1673 348 1773 387 quod,
1803 349 1890 378 inter
1908 349 2021 387 ipsum
2046 350 2077 378 et
2102 348 2329 379 venerabilem

1318 402 1455 431 fratrem
1472 403 1638 437 nostrum,
1651 401 1888 431 Mimatensem
1904 401 2114 440 episcopum,
2127 410 2229 440 super
2241 401 2330 440 prio-

1318 456 1391 484 ratu
1422 454 1461 484 ‹le
1491 454 1657 493 Ispanico,
1691 454 1904 484 Mimatensis
1932 454 2089 490 diocesis,
2120 463 2221 493 quem
2240 454 2328 484 idem

1317 508 1511 546 prepositus
1528 516 1587 546 per
1602 506 1757 537 abbatem
1778 507 1977 537 monasterii
1993 507 2258 543 Aureliae-ensis,
2277 516 2325 538 or-

1317 560 1406 590 dinis
1424 561 1529 590 sancti
1543 560 1725 596 Benedicti,
1737 560 2030 590 claromontensis
2048 560 2206 597 diocesis,
2219 560 2260 590 ad
2272 569 2328 590 cu-

1288 614 1289 632 l
1312 613 1369 652 jus
1392 613 1608 643 collationem
1640 613 1808 651 pertinere
1829 613 1964 649 dicitur,
1990 612 2056 642 sibi
2075 613 2236 643 collatum
2259 613 2329 643 fore

1316 666 1484 705 proponit,
1499 666 1609 696 dictus
1627 675 1705 696 vero
1723 666 1902 705 episcopus
1918 666 2041 696 asserit
2057 666 2146 704 quod
2159 666 2330 704 prioratus

1288 726 1289 730 ¹
1316 719 1400 757 ipse,
1421 719 1620 749 auctoritate
1646 719 1857 758 quarundam
1883 719 2075 749 litterarum
2094 718 2204 749 felicis
2221 727 2329 750 recor-

250 831 334 863 ccsis,
354 831 506 858 ecclesiam
524 832 656 858 eamdem
678 834 703 857 1-1
722 831 913 866 capellaniam
932 831 1031 859 altaris
1048 840 1070 857 5.
1091 831 1212 858 servatii
1231 831 1258 858 in
1287 867 1288 870 Ἴ

250 881 370 908 evclesia
389 881 600 915 Osnaburgcnsi
621 881 768 915 resignare
783 883 928 915 paratum,
944 881 978 907 de
993 889 1065 907 novo
1089 880 1117 906 in
1135 880 1259 906 ccclesia

249 938 272 957 s.
289 929 426 956 Joliannis
442 929 680 964 Osnaburgensis‚
700 937 755 956 non
767 929 898 956 obstante
914 929 1119 956 constitutione
1138 929 1258 955 Alexan-

248 978 290 1005 dri
309 986 398 1013 papae
414 979 473 1010 1111,
491 978 706 1005 1n‹›an0nicum
726 978 813 1013 recipi
836 978 920 1005 saciat
942 978 1023 1013 eique
1043 979 1076 1004 de
1093 978 1257 1012 praebenda

249 1027 404 1061 provideat.
424 1028 501 1062 (REG.
519 1028 562 1058 29,
582 1027 630 1054 fol.
645 1028 708 1059 297,
724 1032 756 1054 n⁰
775 1028 865 1062 1522.)

287 1135 491 1166 «scolastico
517 1135 636 1166 ecclesie
664 1135 922 1166 lllonasteriensis.
951 1135 1118 1174 Exposuit
1141 1144 1257 1166 coram

248 1188 346 1219 nobis
360 1207 408 1218 —.
430 1190 555 1220 Datum
580 1189 668 1228 apud
686 1189 973 1226 Urbemveterem,
990 1199 1008 1217 v
1029 1189 1104 1219 idus
1127 1189 1255 1226 martii,

248 1251 334 1273 anno
353 1243 465 1273 tertio.
485 1253 500 1271 n

337 1394 429 1426 2491
816 1391 939 1423 Orvieto,
960 1392 989 1418 15
1007 1399 1084 1417 mars
1104 1390 1180 1417 12154.

282 1477 417 1512 Magistro
439 1476 571 1509 Martino,
591 1475 729 1502 Brixicnsi
758 1474 859 1506 eleeto,
883 1475 1008 1509 indulget
1039 1477 1077 1501 ut.
1097 1482 1188 1509 quum
1220 1474 1257 1501 ad

248 1527 421 1554 brixiensem
444 1526 608 1558 ecclesiam,
634 1524 727 1552 laicali
753 1525 880 1558 potentia
908 1527 1086 1558 occupatam,
1116 1524 1256 1550 accedere
1285 1558 1286 1562 Ἰ

247 1578 378 1611 nequi-at,
395 1575 530 1601 beneficia
545 1582 629 1609 quae,
642 1573 831 1608 promotionis
854 1576 995 1608 tempore,
1009 1573 1035 1600 in
1051 1573 1212 1599 Senonensi
1227 1575 1253 1599 ct

248 1624 384 1651 llrixiensi
413 1624 574 1650 diocesibus
599 1623 758 1653 obtinebat,
790 1622 933 1656 obsequiis
964 1630 1052 1656 papae
1083 1622 1255 1653 insistendo,

248 1674 369 1700 retinere
386 1673 488 1700 valeat.
504 1673 585 1707 (111111.
605 1673 648 1703 29,
667 1672 714 1699 sol.
738 1672 799 1703 297,
815 1676 846 1698 11ο
866 1671 954 1704 1513.)

286 1787 300 1805 11
317 1776 464 1816 immisti-o
491 1775 635 1812 Marcam,
666 1775 824 1805 Bri.1·iensi
850 1774 950 1804 electo.
976 1775 1065 1805 Bone
1089 1775 1254 1805 memorie
1284 1781 1286 1792 ³

247 1830 282 1860 C.
301 1846 349 1859 —.
369 1830 492 1860 Datum
511 1829 598 1868 apud
615 1828 900 1862 Urbemveterem,
922 1827 998 1858 idus
1020 1827 1145 1864 martii,
1166 1836 1255 1858 anno

247 1883 356 1913 tertio.
382 1892 398 1911 »

334 2029 431 2060 2592
801 2027 926 2060 Orrieto,
951 2028 980 2055 ts
1001 2036 1078 2055 mars
1103 2028 1181 2055 1261,

281 2112 473 2147 insi-ascriptis
492 2112 628 2147 praedicti
647 2112 803 2139 committit
822 2113 1018 2139 executionem
1035 2112 1150 2139 indulti.
1172 2113 1253 2145 (itm.

244 2162 288 2192 29,
308 2161 355 2187 flii.
373 2163 424 2188 21).-
439 2166 479 2192 vo,
497 2168 525 2188 no
544 2162 636 2197 1514.)

285 2275 299 2293 11
319 2265 465 2304 Alaqislro
487 2263 617 2295 Nicolao
639 2265 675 2295 de
699 2266 788 2295 Senis
814 2265 982 2295 Pnrisiensi
1003 2270 1029 2295 el
1048 2265 1161 2295 Felicio
1184 2266 1256 2295 Tre-

245 2318 323 2349 censi
345 2319 510 2348 canonici&
539 2319 648 2349 Nota¹
677 2319 858 2358 probitatis
886 2321 918 2350 et
944 2337 993 2349 —.
1015 2320 1138 2349 Datum
1165 2320 1255 2359 apud

246 2371 532 2411 Urbemveterem,
550 2381 594 2402 xv
610 2372 772 2402 kalendas
790 2373 920 2412 aprilis,
942 2381 1029 2403 anno
1047 2373 1158 2403 tertio.
1178 2382 1194 2402 »

794 2517 918 2544 Orvieto.
938 2517 968 2544 13
982 2517 1086 2544 sevi-ier
1104 2517 1181 2544 12111.

332 2519 354 2549 2
361 2518 430 2549 493

280 2601 418 2636 Episcopo
437 2600 592 2628 Biterrensi
614 2601 729 2627 mandat
753 2604 781 2627 ut
806 2601 965 2629 :hideberto
990 2602 1024 2628 dc
1054 2602 1147 2632 Petra,
1174 2610 1254 2637 prae·

245 2650 337 2683 posito
353 2649 488 2676 ccclesiae
507 2649 696 2681 Mimatensis,
714 2649 872 2683 prioratum
890 2650 923 2675 de
944 2649 1086 2683 Ispanico,
1104 2649 1255 2677 Mimaten-
1283 2670 1284 2676 ,
1724 2679 1727 2683 ,
1753 2680 1757 2683 ,
1831 2679 1835 2683 ,
1904 2679 1908 2682 ⁴
2019 2677 2023 2681 .
2202 2677 2206 2681 .
2247 2677 2251 2681 .

1284 2710 1285 2716 ἵ
1314 2690 1322 2703 ι
1341 2682 1405 2705 tiam
1421 2681 1522 2704 domini
1539 2681 1606 2703 itit-c.
1619 2682 1643 2703 et
1658 2680 1755 2704 domim
1772 2679 1930 2703 sabinensis.
1947 2678 2073 2702 Dominus
2087 2677 2114 2701 R.
2130 2676 2263 2708 per-hibin!
2275 2678 2325 2701 tex-

245 2698 285 2725 sis
298 2698 429 2729 diocesis,
448 2698 600 2733 adjudicet.
619 2698 697 2733 (Bao.
715 2700 759 2728 29,
778 2697 826 2724 l'ol.
848 2698 899 2724 297
917 2703 953 2728 γ’),
968 2702 998 2724 11⁰
1021 2698 1110 2733 1545.)

251 783 459 818 presbyterum,
487 785 627 809 rectorem
649 782 786 809 ecclcsiae
807 783 834 809 in
850 784 930 817 0th.
946 783 1176 817 osnaburgensis
1199 783 1258 809 clio·
1316 772 1463 802 dationis
1479 773 1666 803 IUUOCentii
1693 781 1777 810 l‘ssPe
1795 772 2046 810 predecessoris
2065 772 2173 802 suerat
2192 771 2257 802 Sibi
2275 773 2329 802 da·

1315 827 1381 861 tus,
1410 827 1483 855 orta
1501 826 1643 856 materia
1663 825 1867 864 questionis,
1884 833 1946 855 nos
1975 833 2111 855 causam
2132 825 2327 864 hujusmodi

1315 878 1465 917 legitime
1489 879 1529 908 ad
1553 879 1667 909 sedem
1698 878 1921 918 apostolicam
1949 878 2154 915 devolutam,
2180 879 2256 917 post
2279 878 2329 908 di-

1314 940 1429 961 versos
1446 932 1617 962 auditores
1636 932 1669 962 in
1686 940 1723 962 ea
1739 932 1835 962 datos
1855 933 1886 962 et
1908 939 2090 970 processus
2105 931 2217 961 varios
2236 931 2327 962 habi·

1314 987 1366 1015 tos
1376 994 1489 1016 coram
1506 985 1566 1022 eis,
1581 985 1704 1016 dilecto
1722 985 1792 1016 tilio
1810 986 1925 1015 nostro
1935 985 1990 1021 R„
2002 984 2110 1015 sancti
2122 984 2244 1024 Angeli
2259 985 2330 1015 dia-

1314 1047 1397 1069 cono
1414 1038 1590 1075 cardinali,
1608 1038 1671 1068 sub
1686 1047 1724 1069 ea
1740 1038 1849 1069 forma
1863 1038 2098 1069 commisimus
2116 1039 2163 1073 ut,
2189 1038 2329 1068 omissis

1314 1091 1612 1131 appellationibus,
1638 1091 1855 1131 processibus
1879 1093 1910 1122 et
1929 1091 2107 1122 sententiis
2124 1090 2330 1131 quibuscun-

1314 1154 1389 1184 que,
1403 1145 1536 1176 audiret
1553 1154 1655 1184 super
1669 1145 1850 1184 principali
1870 1154 1933 1184 quc
1946 1146 2059 1184 partes
2071 1144 2197 1175 vellent
2209 1153 2328 1183 propo—

1314 1207 1393 1229 nere
1410 1207 1522 1229 coram
1541 1207 1579 1229 eo
1603 1200 1635 1229 et
1654 1198 1861 1237 adjudicaret
1892 1198 1944 1228 illi
1964 1198 2152 1237 prioratum
2182 1198 2328 1228 eundem

1314 1252 1356 1282 ad
1372 1261 1471 1291 quem
1496 1252 1680 1291 pertineret
1699 1252 1738 1282 de
1764 1252 1849 1292 jure.
1868 1251 1953 1282 Sane
1974 1251 2118 1282 dilectus
2146 1251 2238 1281 filius
2256 1260 2326 1282 ma·

1313 1305 1418 1344 gister
1436 1305 1628 1336 Bernardus
1655 1305 1812 1344 ispanus,
1831 1304 2027 1343 capellanus
2046 1306 2173 1340 noster,
2191 1304 2244 1334 cui
2261 1304 2329 1334 dic-

1313 1361 1367 1389 tus
1384 1359 1578 1394 cardinalis,
1594 1359 1633 1388 de
1651 1358 1790 1397 speciali
1804 1358 1962 1388 mandato
1980 1359 2107 1393 nostro‚
2123 1365 2261 1387 causam
2282 1357 2328 1396 ip-

1314 1421 1387 1442 sam
1407 1412 1588 1448 commisit,
1614 1413 1728 1450 partes
1757 1411 1798 1441 ad
1821 1419 1918 1441 suam
1933 1411 2141 1450 presentiam
2162 1410 2326 1447 evocavit,

1313 1466 1481 1504 prefigens
1504 1466 1554 1496 eis
1580 1466 1707 1495 certum
1734 1465 1918 1495 terminum
1950 1464 2217 1503 peremptorium
2238 1463 2326 1494 infra

1313 1528 1412 1559 quem
1432 1519 1472 1549 de
1487 1519 1562 1558 jure
1586 1528 1646 1549 suo
1663 1519 1820 1549 docerent
1849 1520 1880 1549 et
1907 1518 2148 1548 nichilominus
2169 1526 2327 1556 procura-

1313 1575 1420 1603 torem
1438 1572 1548 1611 ipsius
1565 1572 1715 1611 episcopi
1734 1572 1830 1602 citari
1848 1571 1926 1602 fecit
1945 1573 1981 1602 ut
1998 1571 2113 1602 adhoc
2131 1579 2325 1610 comparere

1314 1628 1457 1658 curaret.
1476 1627 1542 1658 Sed
1567 1626 1684 1656 eodem
1712 1628 1928 1664 procuratore
1952 1625 2070 1656 docere
2088 1625 2128 1655 de
2141 1624 2217 1663 jure
2244 1624 2326 1655 dicti

1313 1680 1464 1720 episcopi
1482 1689 1547 1710 non
1574 1681 1723 1716 curante,
1742 1680 1845 1710 immo
1862 1679 1902 1709 ab
1919 1679 2071 1718 ejusdem
2086 1678 2253 1717 capellani
2269 1686 2326 1708 au-

1284 1756 1285 1759 =
1313 1734 1441 1765 dientia
1455 1733 1668 1764 frustratorie
1685 1733 1725 1763 ad
1739 1734 1889 1763 nostram
1901 1732 2108 1763 audientiam
2120 1731 2323 1770 appellante,

1313 1789 1422 1819 dictus
1445 1787 1640 1826 prepositus
1658 1795 1770 1817 coram
1794 1787 1912 1817 eodem
1930 1785 2104 1825 capellano
2132 1785 2172 1815 ad
2189 1785 2326 1824 plenum

1313 1841 1456 1881 probare
1471 1849 1536 1871 non
1554 1840 1663 1879 potuit
1680 1840 1769 1879 quod
1786 1840 1827 1870 ad
1839 1839 2027 1878 predictum
2043 1838 2199 1869 abbatem
2216 1837 2327 1877 ipsius

1312 1895 1484 1934 prioratus
1513 1894 1648 1924 collatio
1679 1893 1864 1932 pertineret
1891 1894 1921 1923 et
1935 1892 2023 1922 idem
2043 1891 2239 1931 capellanus
2257 1891 2324 1930 ipsi

1313 1948 1486 1987 preposito
1505 1948 1691 1986 prioratum
1720 1955 1785 1976 non
1802 1946 2008 1985 adjudicavit
2029 1945 2184 1975 eundem.
2204 1944 2247 1975 L't
2266 1952 2323 1974 au-

1312 2003 1381 2031 tem
1399 2001 1438 2031 de
1454 2000 1633 2039 premissis
1661 2000 1823 2030 certitudo
1833 1999 1932 2038 plena
1942 1998 2116 2032 habeatur,
2129 1997 2238 2028 eidem
2256 2005 2327 2027 car-

1313 2054 1431 2090 dinali,
1452 2055 1608 2092 presente
1627 2052 1814 2082 venerabili
1848 2052 1950 2082 fratre
1977 2053 2092 2082 nostro
2111 2073 2117 2079 .
2135 2075 2141 2081 .
2165 2050 2324 2089 episcopo

1313 2106 1504 2139 Sabinensi,
1524 2106 1600 2135 viva
1621 2114 1700 2135 voce
1721 2105 1957 2135 commisimus
1971 2106 2007 2134 ut
2024 2104 2209 2143 inquireret
2224 2111 2326 2141 super

1284 2186 1285 2191 ,
1312 2160 1378 2190 11115
1395 2159 1593 2198 diligentius
1611 2159 1800 2188 veritatem.
1819 2157 1925 2188 Porro
1940 2157 2054 2187 dilecti
2073 2157 2134 2187 tilii
2152 2157 2202 2193 P.‚
2216 2156 2325 2187 archi-

1313 2214 1475 2244 diaconus
1484 2211 1724 2251 AttgtlslelisiS,
1738 2213 1769 2241 et
1780 2211 1943 2249 magister
1952 2211 2106 2240 Andreas
2116 2209 2264 2248 Spiliati,
2275 2218 2324 2240 ca—

1284 2257 1285 2275 *
1313 2266 1437 2306 pellani
1453 2266 1571 2299 nostri,
1588 2264 1712 2304 quibus
1729 2264 1818 2294 idem
1833 2263 2016 2294 cardinalis
2035 2263 2067 2293 id
2083 2263 2226 2294 duxerat
2236 2271 2327 2294 com-

1284 2311 1285 2315 *
1313 2319 1528 2356 mittendum,
1549 2319 1582 2348 in
1598 2318 1768 2357 presentia
1786 2317 1895 2356 ipsius
1908 2316 2073 2356 prepositi
2088 2318 2119 2347 et
2134 2317 2326 2355 procurato-

1313 2374 1360 2404 ris
1379 2373 1459 2404 dicti
1478 2372 1629 2411 episcopi
1657 2379 1758 2409 super
1785 2370 1845 2401 hoc
1875 2370 2098 2409 inquirentes,
2124 2369 2325 2400 invenerunt

1313 2435 1393 2457 vera
1411 2434 1484 2456 esse
1502 2434 1565 2464 que
1578 2424 1738 2464 superius
1754 2426 1968 2454 enarrantur.
1984 2424 2085 2454 Facta
2100 2424 2212 2462 itaque
2222 2431 2325 2462 super

1312 2479 1378 2510 hiis
1396 2487 1453 2519 per
1480 2478 1674 2516 capellanos
1698 2477 1790 2516 ipsos
1814 2477 1973 2516 episcopo
2005 2478 2038 2506 et
2062 2475 2227 2506 cardinali
2249 2483 2324 2515 pre·

1312 2532 1412 2563 dictis
1428 2533 1459 2562 et
1475 2531 1572 2561 nobis
1588 2540 1647 2570 per
1663 2531 1806 2561 eundem
1818 2529 2024 2560 cardinalem
2042 2529 2206 2560 relatione
2218 2529 2323 2566 fideli,

1343 2639 1364 2661 1.
1382 2636 1423 2660 En
1440 2642 1557 2665 margo:
1577 2646 1585 2657 i
1602 2636 1653 2660 [stri
1675 2635 1776 2661 littera,
1803 2637 1829 2658 ul
1848 2635 1933 2666 jacet,
1955 2634 2011 2664 suit
2032 2639 2150 2657 concessa
2170 2633 2206 2656 ad
2225 2633 2324 2657 instan-

1314 2725 1474 2749 »timonium
1499 2725 1554 2748 cira
1570 2732 1626 2748 vnce
1641 2724 1673 2748 de
1700 2726 1788 2748 tenore
1811 2723 1907 2750 littere,
1931 2724 1956 2746 et
1978 2721 2105 2753 siyillavie
2128 2728 2184 2746 eam
2201 2729 2217 2745 α
2239 2723 2322 2752 ter-90.

1282 2793 1283 2803 ἵ
1314 2779 1322 2791 ι
1342 2769 1466 2792 Dominus
1488 2769 1638 2793 Suttuensis
1659 2768 1788 2793 consuluit
1801 2768 1904 2791 domino
1934 2768 2021 2791 nostro
2043 2765 2114 2797 quod
2134 2773 2224 2790 secure
2246 2766 2325 2790 daret

279 2820 301 2844 1.
316 2817 461 2843 Ii'initialo
481 2823 514 2840 en
539 2815 696 2847 majuscule
720 2822 807 2845 rouge
829 2822 842 2839 a
863 2815 905 2839 ύῑιῖ·
932 2814 1033 2839 et'sacee
1058 2813 1133 2838 ainsi
1157 2821 1211 2845 que
1229 2813 1254 2838 le
1282 2810 1283 2814 ’

248 2863 364 2887 numero
382 2861 550 2893 partit-ulier
566 2861 598 2885 dc
617 2862 688 2885 cette
704 2859 790 2884 bullo.

1313 2823 1322 2835 »
1339 2821 1393 2837 eam
1413 2814 1474 2845 quiq
1493 2815 1595 2844 μοίνναί
1615 2813 1753 2837 secumlmn
1775 2813 1864 2841 Deum,
1892 2814 1915 2836 c!
1938 2812 2058 2836 dominus
2084 2812 2172 2836 noster
2192 2811 2323 2843 acquievit

1313 2867 1321 2880 ι
1337 2857 1393 2881 sibi.
1411 2867 1419 2879 ι
