<?xml version="1.0" encoding="UTF-8"?>
<!DOCTYPE html PUBLIC "-//W3C//DTD XHTML 1.0 Transitional//EN"
    "http://www.w3.org/TR/xhtml1/DTD/xhtml1-transitional.dtd">
<html xmlns="http://www.w3.org/1999/xhtml" xml:lang="en" lang="en">
 <head>
  <title>
</title>
<meta http-equiv="Content-Type" content="text/html;charset=utf-8" />
  <meta name='ocr-system' content='tesseract 3.04.00' />
  <meta name='ocr-capabilities' content='ocr_page ocr_carea ocr_par ocr_line ocrx_word'/>
</head>
<body>
  <div class='ocr_page' id='page_1' title='image "./lesregistresdurb34cath/lesregistresdurb34cath_0029.png"; bbox 0 0 2519 3262; ppageno 0'>
   <div class='ocr_carea' id='block_1_1' title="bbox 1013 269 2270 312">
    <p class='ocr_par' dir='ltr' id='par_1_1' title="bbox 1013 269 2270 312">
     <span class='ocr_line' id='line_1_1' title="bbox 1013 269 2270 312; baseline -0.003 -4"><span class='ocrx_word' id='word_1_1' title='bbox 1013 270 1254 308; x_wconf 68' lang='lat' dir='ltr'>&#39;rnoisffliffl</span> <span class='ocrx_word' id='word_1_2' title='bbox 1284 269 1448 306; x_wconf 73' lang='lat' dir='ltr'>ANNEE.</span> <span class='ocrx_word' id='word_1_3' title='bbox 2234 284 2270 312; x_wconf 79' lang='lat'>15</span> 
     </span>
    </p>
   </div>
   <div class='ocr_carea' id='block_1_2' title="bbox 183 361 1202 1992">
    <p class='ocr_par' dir='ltr' id='par_1_2' title="bbox 183 361 1202 1888">
     <span class='ocr_line' id='line_1_2' title="bbox 185 361 1199 400; baseline -0.007 -4"><span class='ocrx_word' id='word_1_4' title='bbox 185 366 311 397; x_wconf 87' lang='lat' dir='ltr'>tuenda</span> <span class='ocrx_word' id='word_1_5' title='bbox 328 365 456 395; x_wconf 88' lang='lat' dir='ltr'>eisdem</span> <span class='ocrx_word' id='word_1_6' title='bbox 476 364 589 394; x_wconf 83' lang='lat' dir='ltr'>abbati</span> <span class='ocrx_word' id='word_1_7' title='bbox 610 365 642 394; x_wconf 88' lang='lat' dir='ltr'>et</span> <span class='ocrx_word' id='word_1_8' title='bbox 664 363 855 398; x_wconf 84' lang='lat' dir='ltr'>conventui,</span> <span class='ocrx_word' id='word_1_9' title='bbox 878 362 992 392; x_wconf 89' lang='lat' dir='ltr'>statim</span> <span class='ocrx_word' id='word_1_10' title='bbox 1015 363 1090 400; x_wconf 87' lang='lat' dir='ltr'>post</span> <span class='ocrx_word' id='word_1_11' title='bbox 1111 361 1199 390; x_wconf 81' lang='lat' dir='ltr'>solu-</span> 
     </span>
     <span class='ocr_line' id='line_1_3' title="bbox 187 413 1200 455; baseline -0.006 -7"><span class='ocrx_word' id='word_1_12' title='bbox 187 419 296 448; x_wconf 80' lang='lat' dir='ltr'>tiones</span> <span class='ocrx_word' id='word_1_13' title='bbox 314 417 520 455; x_wconf 83' lang='lat' dir='ltr'>hnjnsmodi,</span> <span class='ocrx_word' id='word_1_14' title='bbox 535 417 686 455; x_wconf 88' lang='lat' dir='ltr'>predicta</span> <span class='ocrx_word' id='word_1_15' title='bbox 698 415 810 445; x_wconf 86' lang='lat' dir='ltr'>onmia</span> <span class='ocrx_word' id='word_1_16' title='bbox 826 415 1050 444; x_wconf 88' lang='lat' dir='ltr'>instrumenta</span> <span class='ocrx_word' id='word_1_17' title='bbox 1066 414 1096 443; x_wconf 89' lang='lat' dir='ltr'>et</span> <span class='ocrx_word' id='word_1_18' title='bbox 1113 413 1200 443; x_wconf 85' lang='lat' dir='ltr'>litte-</span> 
     </span>
     <span class='ocr_line' id='line_1_4' title="bbox 187 467 1198 507; baseline -0.005 -6"><span class='ocrx_word' id='word_1_19' title='bbox 187 480 242 501; x_wconf 88' lang='lat' dir='ltr'>ras</span> <span class='ocrx_word' id='word_1_20' title='bbox 268 470 509 500; x_wconf 74' lang='lat' dir='ltr'>nichilominus</span> <span class='ocrx_word' id='word_1_21' title='bbox 538 469 834 507; x_wconf 68' lang='lat' dir='ltr'>condempnantes.</span> <span class='ocrx_word' id='word_1_22' title='bbox 857 467 1031 497; x_wconf 86' lang='lat' dir='ltr'>Interdicti</span> <span class='ocrx_word' id='word_1_23' title='bbox 1053 475 1198 505; x_wconf 72' lang='lat' dir='ltr'>quoque,</span> 
     </span>
     <span class='ocr_line' id='line_1_5' title="bbox 187 519 1199 562; baseline -0.006 -8"><span class='ocrx_word' id='word_1_24' title='bbox 187 524 424 562; x_wconf 67' lang='lat' dir='ltr'>suspensionis</span> <span class='ocrx_word' id='word_1_25' title='bbox 443 525 474 553; x_wconf 89' lang='lat' dir='ltr'>et</span> <span class='ocrx_word' id='word_1_26' title='bbox 496 521 821 553; x_wconf 79' lang='lat' dir='ltr'>excomunicationis</span> <span class='ocrx_word' id='word_1_27' title='bbox 844 520 1030 550; x_wconf 84' lang='lat' dir='ltr'>sententias</span> <span class='ocrx_word' id='word_1_28' title='bbox 1050 520 1082 549; x_wconf 88' lang='lat' dir='ltr'>in</span> <span class='ocrx_word' id='word_1_29' title='bbox 1100 519 1199 549; x_wconf 84' lang='lat' dir='ltr'>abba-</span> 
     </span>
     <span class='ocr_line' id='line_1_6' title="bbox 186 572 1198 614; baseline -0.006 -7"><span class='ocrx_word' id='word_1_30' title='bbox 186 578 255 607; x_wconf 91' lang='lat' dir='ltr'>tem</span> <span class='ocrx_word' id='word_1_31' title='bbox 268 578 298 607; x_wconf 88' lang='lat' dir='ltr'>et</span> <span class='ocrx_word' id='word_1_32' title='bbox 314 577 515 607; x_wconf 87' lang='lat' dir='ltr'>conventum</span> <span class='ocrx_word' id='word_1_33' title='bbox 532 575 701 614; x_wconf 84' lang='lat' dir='ltr'>predictos</span> <span class='ocrx_word' id='word_1_34' title='bbox 712 574 766 603; x_wconf 85' lang='lat' dir='ltr'>vel</span> <span class='ocrx_word' id='word_1_35' title='bbox 781 574 931 612; x_wconf 86' lang='lat' dir='ltr'>ipsorum</span> <span class='ocrx_word' id='word_1_36' title='bbox 949 573 1097 611; x_wconf 76' lang='lat' dir='ltr'>aliquem</span> <span class='ocrx_word' id='word_1_37' title='bbox 1112 572 1198 610; x_wconf 87' lang='lat' dir='ltr'>prio-</span> 
     </span>
     <span class='ocr_line' id='line_1_7' title="bbox 188 626 1197 666; baseline -0.006 -6"><span class='ocrx_word' id='word_1_38' title='bbox 188 631 282 660; x_wconf 87' lang='lat' dir='ltr'>ratus</span> <span class='ocrx_word' id='word_1_39' title='bbox 298 629 450 659; x_wconf 85' lang='lat' dir='ltr'>membra</span> <span class='ocrx_word' id='word_1_40' title='bbox 463 637 522 658; x_wconf 91' lang='lat' dir='ltr'>seu</span> <span class='ocrx_word' id='word_1_41' title='bbox 537 636 700 666; x_wconf 82' lang='lat' dir='ltr'>personas</span> <span class='ocrx_word' id='word_1_42' title='bbox 715 627 876 665; x_wconf 77' lang='lat' dir='ltr'>predicta,</span> <span class='ocrx_word' id='word_1_43' title='bbox 886 626 1085 656; x_wconf 87' lang='lat' dir='ltr'>auctoritate</span> <span class='ocrx_word' id='word_1_44' title='bbox 1105 634 1197 663; x_wconf 74' lang='lat' dir='ltr'>apos-</span> 
     </span>
     <span class='ocr_line' id='line_1_8' title="bbox 186 679 1201 719; baseline -0.006 -6"><span class='ocrx_word' id='word_1_45' title='bbox 186 683 298 718; x_wconf 89' lang='lat' dir='ltr'>tolica,</span> <span class='ocrx_word' id='word_1_46' title='bbox 311 682 486 712; x_wconf 81' lang='lat' dir='ltr'>occasione</span> <span class='ocrx_word' id='word_1_47' title='bbox 499 680 706 719; x_wconf 83' lang='lat' dir='ltr'>hujusmodi,</span> <span class='ocrx_word' id='word_1_48' title='bbox 718 679 949 718; x_wconf 86' lang='lat' dir='ltr'>promulgatas</span> <span class='ocrx_word' id='word_1_49' title='bbox 962 679 1201 708; x_wconf 78' lang='lat' dir='ltr'>nichilominus</span> 
     </span>
     <span class='ocr_line' id='line_1_9' title="bbox 188 731 1202 772; baseline -0.005 -7"><span class='ocrx_word' id='word_1_50' title='bbox 188 735 391 770; x_wconf 79' lang='lat' dir='ltr'>relaxantes,</span> <span class='ocrx_word' id='word_1_51' title='bbox 405 734 565 772; x_wconf 76' lang='lat' dir='ltr'>deinceps</span> <span class='ocrx_word' id='word_1_52' title='bbox 579 734 694 763; x_wconf 83' lang='lat' dir='ltr'>contra</span> <span class='ocrx_word' id='word_1_53' title='bbox 707 732 876 770; x_wconf 85' lang='lat' dir='ltr'>presentis</span> <span class='ocrx_word' id='word_1_54' title='bbox 892 733 1006 762; x_wconf 91' lang='lat' dir='ltr'>nostre</span> <span class='ocrx_word' id='word_1_55' title='bbox 1021 731 1202 762; x_wconf 86' lang='lat' dir='ltr'>ordinatio-</span> 
     </span>
     <span class='ocr_line' id='line_1_10' title="bbox 187 785 1201 826; baseline -0.003 -9"><span class='ocrx_word' id='word_1_56' title='bbox 187 789 252 822; x_wconf 82' lang='lat' dir='ltr'>nis,</span> <span class='ocrx_word' id='word_1_57' title='bbox 282 787 499 826; x_wconf 78' lang='lat' dir='ltr'>provisionis,</span> <span class='ocrx_word' id='word_1_58' title='bbox 529 786 655 816; x_wconf 79' lang='lat' dir='ltr'>decreti</span> <span class='ocrx_word' id='word_1_59' title='bbox 680 785 733 815; x_wconf 87' lang='lat' dir='ltr'>vel</span> <span class='ocrx_word' id='word_1_60' title='bbox 761 785 879 815; x_wconf 86' lang='lat' dir='ltr'>statuti</span> <span class='ocrx_word' id='word_1_61' title='bbox 908 787 1059 815; x_wconf 86' lang='lat' dir='ltr'>tenorem</span> <span class='ocrx_word' id='word_1_62' title='bbox 1088 785 1201 814; x_wconf 88' lang='lat' dir='ltr'>taliter</span> 
     </span>
     <span class='ocr_line' id='line_1_11' title="bbox 187 838 1200 879; baseline -0.003 -9"><span class='ocrx_word' id='word_1_63' title='bbox 187 840 450 879; x_wconf 78' lang='lat' dir='ltr'>promulgandas</span> <span class='ocrx_word' id='word_1_64' title='bbox 467 839 667 870; x_wconf 87' lang='lat' dir='ltr'>auctoritate</span> <span class='ocrx_word' id='word_1_65' title='bbox 678 839 829 878; x_wconf 85' lang='lat' dir='ltr'>predicta</span> <span class='ocrx_word' id='word_1_66' title='bbox 841 838 1054 868; x_wconf 84' lang='lat' dir='ltr'>decernimus</span> <span class='ocrx_word' id='word_1_67' title='bbox 1067 838 1200 876; x_wconf 88' lang='lat' dir='ltr'>penitus</span> 
     </span>
     <span class='ocr_line' id='line_1_12' title="bbox 185 891 1201 930; baseline -0.003 -7"><span class='ocrx_word' id='word_1_68' title='bbox 185 902 252 924; x_wconf 91' lang='lat' dir='ltr'>non</span> <span class='ocrx_word' id='word_1_69' title='bbox 269 895 394 923; x_wconf 88' lang='lat' dir='ltr'>tenere.</span> <span class='ocrx_word' id='word_1_70' title='bbox 416 893 499 923; x_wconf 90' lang='lat' dir='ltr'>Lata</span> <span class='ocrx_word' id='word_1_71' title='bbox 517 894 549 922; x_wconf 90' lang='lat' dir='ltr'>et</span> <span class='ocrx_word' id='word_1_72' title='bbox 580 892 718 922; x_wconf 87' lang='lat' dir='ltr'>recitata</span> <span class='ocrx_word' id='word_1_73' title='bbox 732 892 841 921; x_wconf 83' lang='lat' dir='ltr'>fuerat</span> <span class='ocrx_word' id='word_1_74' title='bbox 858 891 1053 930; x_wconf 85' lang='lat' dir='ltr'>hujusmodi</span> <span class='ocrx_word' id='word_1_75' title='bbox 1069 891 1201 921; x_wconf 88' lang='lat' dir='ltr'>ordina-</span> 
     </span>
     <span class='ocr_line' id='line_1_13' title="bbox 184 943 1201 985; baseline -0.003 -9"><span class='ocrx_word' id='word_1_76' title='bbox 184 947 245 982; x_wconf 86' lang='lat' dir='ltr'>tio,</span> <span class='ocrx_word' id='word_1_77' title='bbox 267 946 429 985; x_wconf 72' lang='lat' dir='ltr'>provisio,</span> <span class='ocrx_word' id='word_1_78' title='bbox 455 946 628 975; x_wconf 86' lang='lat' dir='ltr'>decretum</span> <span class='ocrx_word' id='word_1_79' title='bbox 651 953 710 974; x_wconf 88' lang='lat' dir='ltr'>seu</span> <span class='ocrx_word' id='word_1_80' title='bbox 728 946 892 974; x_wconf 88' lang='lat' dir='ltr'>statutum</span> <span class='ocrx_word' id='word_1_81' title='bbox 909 944 996 982; x_wconf 86' lang='lat' dir='ltr'>apud</span> <span class='ocrx_word' id='word_1_82' title='bbox 1021 943 1201 974; x_wconf 69' lang='lat' dir='ltr'>Urbemre-</span> 
     </span>
     <span class='ocr_line' id='line_1_14' title="bbox 185 997 1200 1036; baseline -0.002 -7"><span class='ocrx_word' id='word_1_83' title='bbox 185 1001 303 1033; x_wconf 87' lang='lat' dir='ltr'>terem,</span> <span class='ocrx_word' id='word_1_84' title='bbox 324 999 356 1028; x_wconf 91' lang='lat' dir='ltr'>in</span> <span class='ocrx_word' id='word_1_85' title='bbox 371 1007 504 1029; x_wconf 87' lang='lat' dir='ltr'>camera</span> <span class='ocrx_word' id='word_1_86' title='bbox 517 998 659 1036; x_wconf 85' lang='lat' dir='ltr'>predicti</span> <span class='ocrx_word' id='word_1_87' title='bbox 677 997 805 1027; x_wconf 90' lang='lat' dir='ltr'>domini</span> <span class='ocrx_word' id='word_1_88' title='bbox 823 997 1018 1033; x_wconf 76' lang='lat' dir='ltr'>cardInalis,</span> <span class='ocrx_word' id='word_1_89' title='bbox 1032 1006 1118 1027; x_wconf 87' lang='lat' dir='ltr'>anno</span> <span class='ocrx_word' id='word_1_90' title='bbox 1136 998 1200 1027; x_wconf 79' lang='lat' dir='ltr'>Do-</span> 
     </span>
     <span class='ocr_line' id='line_1_15' title="bbox 185 1050 1199 1088; baseline -0.004 -5"><span class='ocrx_word' id='word_1_91' title='bbox 185 1052 269 1082; x_wconf 84' lang='lat' dir='ltr'>mini</span> <span class='ocrx_word' id='word_1_92' title='bbox 291 1052 564 1088; x_wconf 81' lang='lat' dir='ltr'>M⁰CC⁰LXIIII⁰,</span> <span class='ocrx_word' id='word_1_93' title='bbox 587 1051 770 1081; x_wconf 78' lang='lat' dir='ltr'>indictione</span> <span class='ocrx_word' id='word_1_94' title='bbox 789 1051 877 1087; x_wconf 57' lang='lat' dir='ltr'>vlia,</span> <span class='ocrx_word' id='word_1_95' title='bbox 899 1059 1015 1080; x_wconf 89' lang='lat' dir='ltr'>mense</span> <span class='ocrx_word' id='word_1_96' title='bbox 1037 1050 1199 1080; x_wconf 82' lang='lat' dir='ltr'>februarii</span> 
     </span>
     <span class='ocr_line' id='line_1_16' title="bbox 184 1103 1199 1144; baseline -0.002 -8"><span class='ocrx_word' id='word_1_97' title='bbox 184 1105 238 1136; x_wconf 89' lang='lat' dir='ltr'>die</span> <span class='ocrx_word' id='word_1_98' title='bbox 254 1105 375 1144; x_wconf 72' lang='lat' dir='ltr'>prima,</span> <span class='ocrx_word' id='word_1_99' title='bbox 394 1104 611 1144; x_wconf 84' lang='lat' dir='ltr'>pontificatus</span> <span class='ocrx_word' id='word_1_100' title='bbox 629 1104 758 1134; x_wconf 90' lang='lat' dir='ltr'>domini</span> <span class='ocrx_word' id='word_1_101' title='bbox 779 1103 909 1135; x_wconf 83' lang='lat' dir='ltr'>Urbani</span> <span class='ocrx_word' id='word_1_102' title='bbox 926 1112 1011 1142; x_wconf 90' lang='lat' dir='ltr'>pape</span> <span class='ocrx_word' id='word_1_103' title='bbox 1030 1103 1097 1133; x_wconf 86' lang='lat' dir='ltr'>IIII</span> <span class='ocrx_word' id='word_1_104' title='bbox 1114 1112 1199 1134; x_wconf 88' lang='lat' dir='ltr'>anno</span> 
     </span>
     <span class='ocr_line' id='line_1_17' title="bbox 183 1157 1200 1197; baseline -0.003 -8"><span class='ocrx_word' id='word_1_105' title='bbox 183 1159 296 1195; x_wconf 87' lang='lat' dir='ltr'>tertio,</span> <span class='ocrx_word' id='word_1_106' title='bbox 326 1158 542 1197; x_wconf 74' lang='lat' dir='ltr'>presentibus</span> <span class='ocrx_word' id='word_1_107' title='bbox 566 1157 634 1187; x_wconf 91' lang='lat' dir='ltr'>hiis</span> <span class='ocrx_word' id='word_1_108' title='bbox 657 1157 803 1188; x_wconf 87' lang='lat' dir='ltr'>testibus</span> <span class='ocrx_word' id='word_1_109' title='bbox 819 1157 859 1187; x_wconf 87' lang='lat' dir='ltr'>ad</span> <span class='ocrx_word' id='word_1_110' title='bbox 875 1157 936 1187; x_wconf 88' lang='lat' dir='ltr'>hoc</span> <span class='ocrx_word' id='word_1_111' title='bbox 953 1158 1081 1187; x_wconf 84' lang='lat' dir='ltr'>vocatis</span> <span class='ocrx_word' id='word_1_112' title='bbox 1101 1158 1132 1187; x_wconf 86' lang='lat' dir='ltr'>et</span> <span class='ocrx_word' id='word_1_113' title='bbox 1150 1166 1200 1187; x_wconf 89' lang='lat' dir='ltr'>ro-</span> 
     </span>
     <span class='ocr_line' id='line_1_18' title="bbox 184 1210 1200 1251; baseline -0.002 -9"><span class='ocrx_word' id='word_1_114' title='bbox 184 1212 284 1251; x_wconf 80' lang='lat' dir='ltr'>gatis,</span> <span class='ocrx_word' id='word_1_115' title='bbox 309 1211 445 1242; x_wconf 89' lang='lat' dir='ltr'>domino</span> <span class='ocrx_word' id='word_1_116' title='bbox 471 1211 623 1241; x_wconf 86' lang='lat' dir='ltr'>Johanne</span> <span class='ocrx_word' id='word_1_117' title='bbox 645 1211 684 1240; x_wconf 88' lang='lat' dir='ltr'>de</span> <span class='ocrx_word' id='word_1_118' title='bbox 714 1210 823 1240; x_wconf 85' lang='lat' dir='ltr'>Ehulo</span> <span class='ocrx_word' id='word_1_119' title='bbox 842 1210 970 1241; x_wconf 88' lang='lat' dir='ltr'>domini</span> <span class='ocrx_word' id='word_1_120' title='bbox 990 1219 1073 1249; x_wconf 90' lang='lat' dir='ltr'>pape</span> <span class='ocrx_word' id='word_1_121' title='bbox 1091 1210 1200 1248; x_wconf 86' lang='lat' dir='ltr'>capel—</span> 
     </span>
     <span class='ocr_line' id='line_1_19' title="bbox 184 1264 1199 1304; baseline -0.002 -9"><span class='ocrx_word' id='word_1_122' title='bbox 184 1265 274 1300; x_wconf 86' lang='lat' dir='ltr'>lano,</span> <span class='ocrx_word' id='word_1_123' title='bbox 313 1264 489 1304; x_wconf 78' lang='lat' dir='ltr'>magistris</span> <span class='ocrx_word' id='word_1_124' title='bbox 528 1264 679 1295; x_wconf 84' lang='lat' dir='ltr'>Johanne</span> <span class='ocrx_word' id='word_1_125' title='bbox 711 1265 752 1294; x_wconf 88' lang='lat' dir='ltr'>de</span> <span class='ocrx_word' id='word_1_126' title='bbox 792 1264 913 1298; x_wconf 82' lang='lat' dir='ltr'>Rocca,</span> <span class='ocrx_word' id='word_1_127' title='bbox 944 1264 1126 1294; x_wconf 83' lang='lat' dir='ltr'>Benedicto</span> <span class='ocrx_word' id='word_1_128' title='bbox 1159 1264 1199 1293; x_wconf 90' lang='lat' dir='ltr'>de</span> 
     </span>
     <span class='ocr_line' id='line_1_20' title="bbox 184 1317 1199 1357; baseline -0.002 -9"><span class='ocrx_word' id='word_1_129' title='bbox 184 1318 319 1357; x_wconf 85' lang='lat' dir='ltr'>Aquino</span> <span class='ocrx_word' id='word_1_130' title='bbox 330 1320 361 1348; x_wconf 91' lang='lat' dir='ltr'>et</span> <span class='ocrx_word' id='word_1_131' title='bbox 376 1318 505 1356; x_wconf 81' lang='lat' dir='ltr'>Angelo</span> <span class='ocrx_word' id='word_1_132' title='bbox 520 1318 674 1348; x_wconf 86' lang='lat' dir='ltr'>Romano</span> <span class='ocrx_word' id='word_1_133' title='bbox 690 1317 876 1356; x_wconf 90' lang='lat' dir='ltr'>capellanis</span> <span class='ocrx_word' id='word_1_134' title='bbox 889 1317 1012 1355; x_wconf 77' lang='lat' dir='ltr'>prefati</span> <span class='ocrx_word' id='word_1_135' title='bbox 1022 1318 1051 1347; x_wconf 85' lang='lat' dir='ltr'>J.</span> <span class='ocrx_word' id='word_1_136' title='bbox 1069 1317 1199 1347; x_wconf 89' lang='lat' dir='ltr'>domini</span> 
     </span>
     <span class='ocr_line' id='line_1_21' title="bbox 184 1370 1198 1409; baseline 0 -8"><span class='ocrx_word' id='word_1_137' title='bbox 184 1371 380 1407; x_wconf 80' lang='lat' dir='ltr'>cardinalis,</span> <span class='ocrx_word' id='word_1_138' title='bbox 396 1371 514 1401; x_wconf 86' lang='lat' dir='ltr'>Judice</span> <span class='ocrx_word' id='word_1_139' title='bbox 539 1371 668 1401; x_wconf 89' lang='lat' dir='ltr'>Thoma</span> <span class='ocrx_word' id='word_1_140' title='bbox 681 1371 721 1401; x_wconf 91' lang='lat' dir='ltr'>de</span> <span class='ocrx_word' id='word_1_141' title='bbox 739 1371 942 1407; x_wconf 78' lang='lat' dir='ltr'>Benevento,</span> <span class='ocrx_word' id='word_1_142' title='bbox 961 1370 1139 1409; x_wconf 85' lang='lat' dir='ltr'>Radulpho</span> <span class='ocrx_word' id='word_1_143' title='bbox 1159 1370 1198 1401; x_wconf 90' lang='lat' dir='ltr'>de</span> 
     </span>
     <span class='ocr_line' id='line_1_22' title="bbox 184 1424 1199 1463; baseline 0 -9"><span class='ocrx_word' id='word_1_144' title='bbox 184 1425 373 1455; x_wconf 86' lang='lat' dir='ltr'>Allessiaco</span> <span class='ocrx_word' id='word_1_145' title='bbox 395 1425 528 1458; x_wconf 82' lang='lat' dir='ltr'>clerico,</span> <span class='ocrx_word' id='word_1_146' title='bbox 548 1426 580 1455; x_wconf 86' lang='lat' dir='ltr'>et</span> <span class='ocrx_word' id='word_1_147' title='bbox 599 1425 702 1455; x_wconf 83' lang='lat' dir='ltr'>fratre</span> <span class='ocrx_word' id='word_1_148' title='bbox 727 1424 899 1463; x_wconf 88' lang='lat' dir='ltr'>Hugolino</span> <span class='ocrx_word' id='word_1_149' title='bbox 918 1425 958 1454; x_wconf 88' lang='lat' dir='ltr'>de</span> <span class='ocrx_word' id='word_1_150' title='bbox 976 1424 1092 1454; x_wconf 88' lang='lat' dir='ltr'>ordine</span> <span class='ocrx_word' id='word_1_151' title='bbox 1112 1424 1199 1454; x_wconf 79' lang='lat' dir='ltr'>Mili-</span> 
     </span>
     <span class='ocr_line' id='line_1_23' title="bbox 183 1477 1199 1516; baseline -0.001 -8"><span class='ocrx_word' id='word_1_152' title='bbox 183 1478 229 1508; x_wconf 85' lang='lat' dir='ltr'>tie</span> <span class='ocrx_word' id='word_1_153' title='bbox 252 1478 359 1508; x_wconf 84' lang='lat' dir='ltr'>sancti</span> <span class='ocrx_word' id='word_1_154' title='bbox 385 1477 513 1508; x_wconf 79' lang='lat' dir='ltr'>Jacobi.</span> <span class='ocrx_word' id='word_1_155' title='bbox 534 1478 587 1508; x_wconf 73' lang='lat' dir='ltr'>Ad</span> <span class='ocrx_word' id='word_1_156' title='bbox 613 1477 777 1516; x_wconf 87' lang='lat' dir='ltr'>majorem</span> <span class='ocrx_word' id='word_1_157' title='bbox 797 1479 910 1508; x_wconf 90' lang='lat' dir='ltr'>autem</span> <span class='ocrx_word' id='word_1_158' title='bbox 928 1477 1038 1515; x_wconf 17' lang='lat' dir='ltr'>,hujus</span> <span class='ocrx_word' id='word_1_159' title='bbox 1063 1478 1112 1508; x_wconf 85' lang='lat' dir='ltr'>rei</span> <span class='ocrx_word' id='word_1_160' title='bbox 1132 1477 1199 1508; x_wconf 90' lang='lat' dir='ltr'>evi-</span> 
     </span>
     <span class='ocr_line' id='line_1_24' title="bbox 185 1530 1201 1569; baseline 0 -9"><span class='ocrx_word' id='word_1_161' title='bbox 185 1530 334 1560; x_wconf 81' lang='lat' dir='ltr'>dentiam</span> <span class='ocrx_word' id='word_1_162' title='bbox 350 1532 381 1561; x_wconf 87' lang='lat' dir='ltr'>et</span> <span class='ocrx_word' id='word_1_163' title='bbox 406 1531 595 1569; x_wconf 87' lang='lat' dir='ltr'>pleniorem</span> <span class='ocrx_word' id='word_1_164' title='bbox 613 1531 793 1566; x_wconf 81' lang='lat' dir='ltr'>cautelam,</span> <span class='ocrx_word' id='word_1_165' title='bbox 811 1530 900 1560; x_wconf 88' lang='lat' dir='ltr'>idem</span> <span class='ocrx_word' id='word_1_166' title='bbox 918 1531 1077 1560; x_wconf 86' lang='lat' dir='ltr'>dominus</span> <span class='ocrx_word' id='word_1_167' title='bbox 1095 1531 1201 1561; x_wconf 88' lang='lat' dir='ltr'>cardi-</span> 
     </span>
     <span class='ocr_line' id='line_1_25' title="bbox 185 1583 1199 1623; baseline -0.001 -9"><span class='ocrx_word' id='word_1_168' title='bbox 185 1584 274 1614; x_wconf 88' lang='lat' dir='ltr'>nalis</span> <span class='ocrx_word' id='word_1_169' title='bbox 301 1584 377 1614; x_wconf 89' lang='lat' dir='ltr'>huic</span> <span class='ocrx_word' id='word_1_170' title='bbox 402 1584 629 1614; x_wconf 88' lang='lat' dir='ltr'>instrumento</span> <span class='ocrx_word' id='word_1_171' title='bbox 656 1583 792 1622; x_wconf 86' lang='lat' dir='ltr'>publico</span> <span class='ocrx_word' id='word_1_172' title='bbox 818 1592 918 1614; x_wconf 88' lang='lat' dir='ltr'>snum</span> <span class='ocrx_word' id='word_1_173' title='bbox 946 1584 1023 1614; x_wconf 82' lang='lat' dir='ltr'>fecit</span> <span class='ocrx_word' id='word_1_174' title='bbox 1047 1584 1199 1623; x_wconf 79' lang='lat' dir='ltr'>sigillum</span> 
     </span>
     <span class='ocr_line' id='line_1_26' title="bbox 186 1637 1199 1676; baseline -0.001 -9"><span class='ocrx_word' id='word_1_175' title='bbox 186 1637 320 1676; x_wconf 82' lang='lat' dir='ltr'>apponi.</span> <span class='ocrx_word' id='word_1_176' title='bbox 345 1637 386 1667; x_wconf 88' lang='lat' dir='ltr'>Et</span> <span class='ocrx_word' id='word_1_177' title='bbox 404 1645 463 1675; x_wconf 85' lang='lat' dir='ltr'>ego</span> <span class='ocrx_word' id='word_1_178' title='bbox 478 1637 662 1676; x_wconf 69' lang='lat' dir='ltr'>Gregorius</span> <span class='ocrx_word' id='word_1_179' title='bbox 677 1637 716 1667; x_wconf 89' lang='lat' dir='ltr'>de</span> <span class='ocrx_word' id='word_1_180' title='bbox 731 1637 889 1675; x_wconf 83' lang='lat' dir='ltr'>Piperno,</span> <span class='ocrx_word' id='word_1_181' title='bbox 913 1639 1026 1667; x_wconf 80' lang='lat' dir='ltr'>sancte</span> <span class='ocrx_word' id='word_1_182' title='bbox 1048 1638 1199 1667; x_wconf 74' lang='lat' dir='ltr'>Romane</span> 
     </span>
     <span class='ocr_line' id='line_1_27' title="bbox 186 1689 1201 1729; baseline -0.001 -9"><span class='ocrx_word' id='word_1_183' title='bbox 186 1690 328 1720; x_wconf 84' lang='lat' dir='ltr'>ecclesie</span> <span class='ocrx_word' id='word_1_184' title='bbox 359 1690 569 1727; x_wconf 85' lang='lat' dir='ltr'>scriniarius,</span> <span class='ocrx_word' id='word_1_185' title='bbox 593 1690 756 1729; x_wconf 80' lang='lat' dir='ltr'>predictis</span> <span class='ocrx_word' id='word_1_186' title='bbox 782 1689 940 1720; x_wconf 87' lang='lat' dir='ltr'>omnibus</span> <span class='ocrx_word' id='word_1_187' title='bbox 956 1690 1095 1720; x_wconf 79' lang='lat' dir='ltr'>interfui</span> <span class='ocrx_word' id='word_1_188' title='bbox 1113 1691 1143 1720; x_wconf 87' lang='lat' dir='ltr'>et</span> <span class='ocrx_word' id='word_1_189' title='bbox 1162 1698 1201 1720; x_wconf 91' lang='lat' dir='ltr'>ea</span> 
     </span>
     <span class='ocr_line' id='line_1_28' title="bbox 188 1743 1200 1782; baseline 0.001 -9"><span class='ocrx_word' id='word_1_190' title='bbox 188 1744 313 1777; x_wconf 85' lang='lat' dir='ltr'>omnia,</span> <span class='ocrx_word' id='word_1_191' title='bbox 339 1744 379 1773; x_wconf 92' lang='lat' dir='ltr'>ad</span> <span class='ocrx_word' id='word_1_192' title='bbox 393 1752 510 1782; x_wconf 81' lang='lat' dir='ltr'>preces</span> <span class='ocrx_word' id='word_1_193' title='bbox 531 1744 562 1773; x_wconf 89' lang='lat' dir='ltr'>et</span> <span class='ocrx_word' id='word_1_194' title='bbox 588 1743 786 1773; x_wconf 81' lang='lat' dir='ltr'>instantiam</span> <span class='ocrx_word' id='word_1_195' title='bbox 808 1743 974 1773; x_wconf 87' lang='lat' dir='ltr'>dictarum</span> <span class='ocrx_word' id='word_1_196' title='bbox 999 1744 1146 1781; x_wconf 87' lang='lat' dir='ltr'>partium</span> <span class='ocrx_word' id='word_1_197' title='bbox 1169 1744 1200 1774; x_wconf 91' lang='lat' dir='ltr'>et</span> 
     </span>
     <span class='ocr_line' id='line_1_29' title="bbox 187 1795 1198 1835; baseline 0 -9"><span class='ocrx_word' id='word_1_198' title='bbox 187 1797 228 1827; x_wconf 92' lang='lat' dir='ltr'>de</span> <span class='ocrx_word' id='word_1_199' title='bbox 261 1797 419 1826; x_wconf 89' lang='lat' dir='ltr'>mandato</span> <span class='ocrx_word' id='word_1_200' title='bbox 452 1796 596 1835; x_wconf 82' lang='lat' dir='ltr'>predicti</span> <span class='ocrx_word' id='word_1_201' title='bbox 623 1796 752 1826; x_wconf 90' lang='lat' dir='ltr'>domini</span> <span class='ocrx_word' id='word_1_202' title='bbox 773 1797 803 1826; x_wconf 82' lang='lat' dir='ltr'>J.</span> <span class='ocrx_word' id='word_1_203' title='bbox 837 1795 1032 1832; x_wconf 84' lang='lat' dir='ltr'>cardinalis,</span> <span class='ocrx_word' id='word_1_204' title='bbox 1064 1797 1198 1835; x_wconf 80' lang='lat' dir='ltr'>scripsi,</span> 
     </span>
     <span class='ocr_line' id='line_1_30' title="bbox 187 1849 758 1888; baseline -0.005 -8"><span class='ocrx_word' id='word_1_205' title='bbox 187 1849 353 1888; x_wconf 80' lang='lat' dir='ltr'>complevi</span> <span class='ocrx_word' id='word_1_206' title='bbox 373 1850 405 1879; x_wconf 88' lang='lat' dir='ltr'>et</span> <span class='ocrx_word' id='word_1_207' title='bbox 421 1849 554 1888; x_wconf 81' lang='lat' dir='ltr'>signavi</span> <span class='ocrx_word' id='word_1_208' title='bbox 571 1851 720 1888; x_wconf 81' lang='lat' dir='ltr'>rogatus.</span> <span class='ocrx_word' id='word_1_209' title='bbox 744 1860 758 1877; x_wconf 86' lang='lat'>»</span> 
     </span>
    </p>

    <p class='ocr_par' dir='ltr' id='par_1_3' title="bbox 183 1902 1200 1992">
     <span class='ocr_line' id='line_1_31' title="bbox 224 1902 1200 1941; baseline 0.001 -9"><span class='ocrx_word' id='word_1_210' title='bbox 224 1902 320 1933; x_wconf 83' lang='lat' dir='ltr'>Nulli</span> <span class='ocrx_word' id='word_1_211' title='bbox 351 1910 430 1941; x_wconf 86' lang='lat' dir='ltr'>ergo</span> <span class='ocrx_word' id='word_1_212' title='bbox 452 1903 566 1932; x_wconf 89' lang='lat' dir='ltr'>nostre</span> <span class='ocrx_word' id='word_1_213' title='bbox 588 1902 855 1932; x_wconf 83' lang='lat' dir='ltr'>confirmationis</span> <span class='ocrx_word' id='word_1_214' title='bbox 876 1903 938 1932; x_wconf 79' lang='lat' dir='ltr'>ete.</span> <span class='ocrx_word' id='word_1_215' title='bbox 964 1903 1088 1932; x_wconf 89' lang='lat' dir='ltr'>Datum</span> <span class='ocrx_word' id='word_1_216' title='bbox 1112 1904 1200 1941; x_wconf 88' lang='lat' dir='ltr'>apud</span> 
     </span>
     <span class='ocr_line' id='line_1_32' title="bbox 183 1954 1137 1992; baseline 0 -7"><span class='ocrx_word' id='word_1_217' title='bbox 183 1954 475 1992; x_wconf 79' lang='lat' dir='ltr'>Urbemveterem,</span> <span class='ocrx_word' id='word_1_218' title='bbox 495 1964 541 1984; x_wconf 80' lang='lat' dir='ltr'>vn</span> <span class='ocrx_word' id='word_1_219' title='bbox 559 1954 723 1985; x_wconf 83' lang='lat' dir='ltr'>kalendas</span> <span class='ocrx_word' id='word_1_220' title='bbox 740 1955 867 1992; x_wconf 85' lang='lat' dir='ltr'>martii,</span> <span class='ocrx_word' id='word_1_221' title='bbox 887 1963 972 1985; x_wconf 89' lang='lat' dir='ltr'>anno</span> <span class='ocrx_word' id='word_1_222' title='bbox 990 1955 1102 1985; x_wconf 86' lang='lat' dir='ltr'>tertio.</span> <span class='ocrx_word' id='word_1_223' title='bbox 1123 1966 1137 1984; x_wconf 84' lang='lat'>»</span> 
     </span>
    </p>
   </div>
   <div class='ocr_carea' id='block_1_3' title="bbox 278 2112 373 2143">
    <p class='ocr_par' dir='ltr' id='par_1_4' title="bbox 278 2112 373 2143">
     <span class='ocr_line' id='line_1_33' title="bbox 278 2112 373 2143; baseline 0.011 -1"><span class='ocrx_word' id='word_1_224' title='bbox 278 2112 373 2143; x_wconf 80' lang='lat'>1012</span> 
     </span>
    </p>
   </div>
   <div class='ocr_carea' id='block_1_4' title="bbox 182 2182 1200 2315">
    <p class='ocr_par' dir='ltr' id='par_1_5' title="bbox 182 2182 1200 2315">
     <span class='ocr_line' id='line_1_34' title="bbox 219 2182 1200 2217; baseline 0.002 -10"><span class='ocrx_word' id='word_1_225' title='bbox 219 2182 360 2208; x_wconf 77' lang='lat' dir='ltr'>Abhatem</span> <span class='ocrx_word' id='word_1_226' title='bbox 375 2190 398 2210; x_wconf 84' lang='lat' dir='ltr'>s.</span> <span class='ocrx_word' id='word_1_227' title='bbox 414 2182 574 2209; x_wconf 79' lang='lat' dir='ltr'>Genovefae</span> <span class='ocrx_word' id='word_1_228' title='bbox 595 2185 623 2209; x_wconf 90' lang='lat' dir='ltr'>et</span> <span class='ocrx_word' id='word_1_229' title='bbox 652 2182 827 2217; x_wconf 80' lang='lat' dir='ltr'>magistrum</span> <span class='ocrx_word' id='word_1_230' title='bbox 851 2183 1013 2210; x_wconf 86' lang='lat' dir='ltr'>Johannem</span> <span class='ocrx_word' id='word_1_231' title='bbox 1033 2184 1066 2210; x_wconf 84' lang='lat' dir='ltr'>de</span> <span class='ocrx_word' id='word_1_232' title='bbox 1093 2183 1200 2210; x_wconf 81' lang='lat' dir='ltr'>Sarmi-</span> 
     </span>
     <span class='ocr_line' id='line_1_35' title="bbox 182 2231 1200 2266; baseline 0.002 -9"><span class='ocrx_word' id='word_1_233' title='bbox 182 2233 260 2263; x_wconf 86' lang='lat' dir='ltr'>neto,</span> <span class='ocrx_word' id='word_1_234' title='bbox 283 2231 453 2258; x_wconf 82' lang='lat' dir='ltr'>canonicum</span> <span class='ocrx_word' id='word_1_235' title='bbox 474 2231 680 2263; x_wconf 83' lang='lat' dir='ltr'>Parisiensem‚</span> <span class='ocrx_word' id='word_1_236' title='bbox 702 2232 866 2266; x_wconf 82' lang='lat' dir='ltr'>praedictae</span> <span class='ocrx_word' id='word_1_237' title='bbox 888 2232 1078 2260; x_wconf 74' lang='lat' dir='ltr'>ordinationis</span> <span class='ocrx_word' id='word_1_238' title='bbox 1101 2240 1200 2259; x_wconf 74' lang='lat' dir='ltr'>execu-</span> 
     </span>
     <span class='ocr_line' id='line_1_36' title="bbox 182 2280 832 2315; baseline 0.002 -9"><span class='ocrx_word' id='word_1_239' title='bbox 182 2281 259 2306; x_wconf 87' lang='lat' dir='ltr'>tores</span> <span class='ocrx_word' id='word_1_240' title='bbox 277 2280 438 2307; x_wconf 79' lang='lat' dir='ltr'>constituit.</span> <span class='ocrx_word' id='word_1_241' title='bbox 454 2281 534 2314; x_wconf 64' lang='lat' dir='ltr'>(nce.</span> <span class='ocrx_word' id='word_1_242' title='bbox 549 2281 594 2314; x_wconf 75' lang='lat'>29,</span> <span class='ocrx_word' id='word_1_243' title='bbox 607 2280 656 2307; x_wconf 79' lang='lat' dir='ltr'>fol.</span> <span class='ocrx_word' id='word_1_244' title='bbox 671 2281 714 2311; x_wconf 85' lang='lat'>31,</span> <span class='ocrx_word' id='word_1_245' title='bbox 729 2285 759 2307; x_wconf 78' lang='grc' dir='ltr'>11ο</span> <span class='ocrx_word' id='word_1_246' title='bbox 773 2281 832 2315; x_wconf 64' lang='lat' dir='ltr'>ol.)</span> 
     </span>
    </p>
   </div>
   <div class='ocr_carea' id='block_1_5' title="bbox 730 2110 1126 2145">
    <p class='ocr_par' dir='ltr' id='par_1_6' title="bbox 730 2110 1126 2145">
     <span class='ocr_line' id='line_1_37' title="bbox 730 2110 1126 2145; baseline 0 -7"><span class='ocrx_word' id='word_1_247' title='bbox 730 2110 856 2145; x_wconf 84' lang='lat' dir='ltr'>Orvieto‚</span> <span class='ocrx_word' id='word_1_248' title='bbox 874 2111 908 2139; x_wconf 71' lang='lat'>24</span> <span class='ocrx_word' id='word_1_249' title='bbox 927 2111 1031 2138; x_wconf 81' lang='lat' dir='ltr'>fevrier</span> <span class='ocrx_word' id='word_1_250' title='bbox 1049 2112 1126 2139; x_wconf 71' lang='lat'>1264.</span> 
     </span>
    </p>
   </div>
   <div class='ocr_carea' id='block_1_6' title="bbox 183 2381 1200 2578">
    <p class='ocr_par' dir='ltr' id='par_1_7' title="bbox 183 2381 1200 2578">
     <span class='ocr_line' id='line_1_38' title="bbox 224 2381 1197 2421; baseline 0.001 -10"><span class='ocrx_word' id='word_1_251' title='bbox 224 2392 239 2411; x_wconf 84' lang='lat'>‹(</span> <span class='ocrx_word' id='word_1_252' title='bbox 258 2406 281 2412; x_wconf 91' lang='lat'>..</span> <span class='ocrx_word' id='word_1_253' title='bbox 301 2382 436 2412; x_wconf 68' lang='lat' dir='ltr'>abbatis.</span> <span class='ocrx_word' id='word_1_254' title='bbox 450 2381 612 2420; x_wconf 66' lang='lat' dir='ltr'>Genovefe,</span> <span class='ocrx_word' id='word_1_255' title='bbox 624 2386 652 2411; x_wconf 85' lang='lat' dir='ltr'>et</span> <span class='ocrx_word' id='word_1_256' title='bbox 665 2382 811 2421; x_wconf 60' lang='lat' dir='ltr'>magistro</span> <span class='ocrx_word' id='word_1_257' title='bbox 820 2381 955 2411; x_wconf 76' lang='lat' dir='ltr'>Jolzannz·</span> <span class='ocrx_word' id='word_1_258' title='bbox 967 2382 1002 2411; x_wconf 75' lang='lat' dir='ltr'>(le</span> <span class='ocrx_word' id='word_1_259' title='bbox 1011 2382 1197 2417; x_wconf 71' lang='lat' dir='ltr'>Sarmineto,</span> 
     </span>
     <span class='ocr_line' id='line_1_39' title="bbox 185 2435 1199 2475; baseline 0.002 -11"><span class='ocrx_word' id='word_1_260' title='bbox 185 2435 341 2475; x_wconf 79' lang='lat' dir='ltr'>capellano</span> <span class='ocrx_word' id='word_1_261' title='bbox 359 2440 472 2470; x_wconf 74' lang='lat' dir='ltr'>nostro,</span> <span class='ocrx_word' id='word_1_262' title='bbox 491 2435 635 2464; x_wconf 79' lang='lat' dir='ltr'>canonico</span> <span class='ocrx_word' id='word_1_263' title='bbox 657 2435 838 2465; x_wconf 67' lang='lat' dir='ltr'>parisiensi.</span> <span class='ocrx_word' id='word_1_264' title='bbox 860 2435 1048 2465; x_wconf 75' lang='lat' dir='ltr'>Causarum</span> <span class='ocrx_word' id='word_1_265' title='bbox 1069 2438 1199 2466; x_wconf 80' lang='lat' dir='ltr'>contro-</span> 
     </span>
     <span class='ocr_line' id='line_1_40' title="bbox 183 2487 1200 2527; baseline 0.002 -9"><span class='ocrx_word' id='word_1_266' title='bbox 183 2489 307 2519; x_wconf 77' lang='lat' dir='ltr'>versiis</span> <span class='ocrx_word' id='word_1_267' title='bbox 326 2491 388 2519; x_wconf 89' lang='lat' dir='ltr'>etc.</span> <span class='ocrx_word' id='word_1_268' title='bbox 406 2506 444 2509; x_wconf 98' lang='lat'><strong>—</strong></span> <span class='ocrx_word' id='word_1_269' title='bbox 463 2489 588 2519; x_wconf 89' lang='lat' dir='ltr'>Datum</span> <span class='ocrx_word' id='word_1_270' title='bbox 608 2488 697 2527; x_wconf 87' lang='lat' dir='ltr'>apud</span> <span class='ocrx_word' id='word_1_271' title='bbox 714 2487 1004 2526; x_wconf 84' lang='lat' dir='ltr'>Urbemveterem,</span> <span class='ocrx_word' id='word_1_272' title='bbox 1022 2498 1067 2518; x_wconf 83' lang='lat' dir='ltr'>vn</span> <span class='ocrx_word' id='word_1_273' title='bbox 1086 2489 1200 2520; x_wconf 85' lang='lat' dir='ltr'>kalen-</span> 
     </span>
     <span class='ocr_line' id='line_1_41' title="bbox 185 2541 662 2578; baseline -0.004 -7"><span class='ocrx_word' id='word_1_274' title='bbox 185 2543 204 2571; x_wconf 87' lang='lat' dir='ltr'>d</span> <span class='ocrx_word' id='word_1_275' title='bbox 218 2551 244 2572; x_wconf 63' lang='lat' dir='ltr'>ts</span> <span class='ocrx_word' id='word_1_276' title='bbox 261 2542 387 2578; x_wconf 83' lang='lat' dir='ltr'>martii,</span> <span class='ocrx_word' id='word_1_277' title='bbox 412 2550 497 2572; x_wconf 89' lang='lat' dir='ltr'>anno</span> <span class='ocrx_word' id='word_1_278' title='bbox 513 2541 624 2572; x_wconf 88' lang='lat' dir='ltr'>tertio.</span> <span class='ocrx_word' id='word_1_279' title='bbox 647 2553 662 2568; x_wconf 88' lang='lat'>»</span> 
     </span>
    </p>
   </div>
   <div class='ocr_carea' id='block_1_7' title="bbox 725 2703 1126 2735">
    <p class='ocr_par' dir='ltr' id='par_1_8' title="bbox 725 2703 1126 2735">
     <span class='ocr_line' id='line_1_42' title="bbox 725 2703 1126 2735; baseline 0.007 -6"><span class='ocrx_word' id='word_1_280' title='bbox 725 2703 849 2735; x_wconf 85' lang='lat' dir='ltr'>Orvieto,</span> <span class='ocrx_word' id='word_1_281' title='bbox 867 2704 901 2732; x_wconf 85' lang='lat'>15</span> <span class='ocrx_word' id='word_1_282' title='bbox 921 2704 1025 2731; x_wconf 77' lang='lat' dir='ltr'>fevi-ier</span> <span class='ocrx_word' id='word_1_283' title='bbox 1046 2705 1126 2733; x_wconf 66' lang='lat'><strong>1264.</strong></span> 
     </span>
    </p>
   </div>
   <div class='ocr_carea' id='block_1_8' title="bbox 280 2705 376 2736">
    <p class='ocr_par' dir='ltr' id='par_1_9' title="bbox 280 2705 376 2736">
     <span class='ocr_line' id='line_1_43' title="bbox 280 2705 376 2736; baseline -0.01 0"><span class='ocrx_word' id='word_1_284' title='bbox 280 2705 376 2736; x_wconf 82' lang='lat'>1013</span> 
     </span>
    </p>
   </div>
   <div class='ocr_carea' id='block_1_9' title="bbox 184 2773 1202 3004">
    <p class='ocr_par' dir='ltr' id='par_1_10' title="bbox 184 2773 1202 3004">
     <span class='ocr_line' id='line_1_44' title="bbox 220 2773 1199 2805; baseline 0.002 -5"><span class='ocrx_word' id='word_1_285' title='bbox 220 2774 381 2803; x_wconf 83' lang='lat' dir='ltr'>Ludowico.</span> <span class='ocrx_word' id='word_1_286' title='bbox 401 2773 537 2801; x_wconf 81' lang='lat' dir='ltr'>canonico</span> <span class='ocrx_word' id='word_1_287' title='bbox 557 2773 694 2800; x_wconf 83' lang='lat' dir='ltr'>eeclesiae</span> <span class='ocrx_word' id='word_1_288' title='bbox 711 2774 923 2805; x_wconf 81' lang='lat' dir='ltr'>Palatiolensis,</span> <span class='ocrx_word' id='word_1_289' title='bbox 939 2775 1123 2803; x_wconf 83' lang='lat' dir='ltr'>Treverensis</span> <span class='ocrx_word' id='word_1_290' title='bbox 1136 2775 1199 2802; x_wconf 84' lang='lat' dir='ltr'>dio-</span> 
     </span>
     <span class='ocr_line' id='line_1_45' title="bbox 185 2822 1200 2857; baseline 0.002 -8"><span class='ocrx_word' id='word_1_291' title='bbox 185 2822 270 2853; x_wconf 85' lang='lat' dir='ltr'>cesis,</span> <span class='ocrx_word' id='word_1_292' title='bbox 295 2822 496 2850; x_wconf 82' lang='lat' dir='ltr'>canonicatum</span> <span class='ocrx_word' id='word_1_293' title='bbox 520 2824 549 2849; x_wconf 89' lang='lat' dir='ltr'>et</span> <span class='ocrx_word' id='word_1_294' title='bbox 574 2822 771 2857; x_wconf 76' lang='lat' dir='ltr'>praebendam</span> <span class='ocrx_word' id='word_1_295' title='bbox 799 2822 828 2849; x_wconf 88' lang='lat' dir='ltr'>in</span> <span class='ocrx_word' id='word_1_296' title='bbox 847 2823 966 2850; x_wconf 86' lang='lat' dir='ltr'>ecclesie</span> <span class='ocrx_word' id='word_1_297' title='bbox 992 2833 1015 2851; x_wconf 87' lang='lat' dir='ltr'>s.</span> <span class='ocrx_word' id='word_1_298' title='bbox 1045 2824 1152 2851; x_wconf 86' lang='lat' dir='ltr'>Florini</span> <span class='ocrx_word' id='word_1_299' title='bbox 1172 2825 1200 2851; x_wconf 87' lang='lat' dir='ltr'>in</span> 
     </span>
     <span class='ocr_line' id='line_1_46' title="bbox 185 2871 1202 2908; baseline 0.002 -10"><span class='ocrx_word' id='word_1_300' title='bbox 185 2872 374 2899; x_wconf 79' lang='lat' dir='ltr'>Conssuentia.</span> <span class='ocrx_word' id='word_1_301' title='bbox 392 2871 521 2907; x_wconf 83' lang='lat' dir='ltr'>ejusdem</span> <span class='ocrx_word' id='word_1_302' title='bbox 536 2871 671 2903; x_wconf 83' lang='lat' dir='ltr'>diocesis,</span> <span class='ocrx_word' id='word_1_303' title='bbox 687 2872 830 2899; x_wconf 85' lang='lat' dir='ltr'>sententia</span> <span class='ocrx_word' id='word_1_304' title='bbox 841 2872 972 2904; x_wconf 79' lang='lat' dir='ltr'>Navarri,</span> <span class='ocrx_word' id='word_1_305' title='bbox 985 2881 1137 2900; x_wconf 82' lang='lat' dir='ltr'>causarum</span> <span class='ocrx_word' id='word_1_306' title='bbox 1153 2882 1202 2908; x_wconf 78' lang='lat' dir='ltr'>pa-</span> 
     </span>
     <span class='ocr_line' id='line_1_47' title="bbox 184 2920 1199 2956; baseline 0.003 -9"><span class='ocrx_word' id='word_1_307' title='bbox 184 2920 247 2948; x_wconf 82' lang='lat' dir='ltr'>latii</span> <span class='ocrx_word' id='word_1_308' title='bbox 258 2921 409 2955; x_wconf 86' lang='lat' dir='ltr'>apostolici</span> <span class='ocrx_word' id='word_1_309' title='bbox 421 2921 564 2956; x_wconf 80' lang='lat' dir='ltr'>generalis</span> <span class='ocrx_word' id='word_1_310' title='bbox 575 2920 726 2953; x_wconf 85' lang='lat' dir='ltr'>auditoris,</span> <span class='ocrx_word' id='word_1_311' title='bbox 738 2921 926 2956; x_wconf 83' lang='lat' dir='ltr'>adjudicatos,</span> <span class='ocrx_word' id='word_1_312' title='bbox 939 2922 1104 2949; x_wconf 80' lang='lat' dir='ltr'>confirmat.</span> <span class='ocrx_word' id='word_1_313' title='bbox 1119 2923 1199 2955; x_wconf 70' lang='lat' dir='ltr'>(Rae.</span> 
     </span>
     <span class='ocr_line' id='line_1_48' title="bbox 185 2970 527 3004; baseline -0.003 -7"><span class='ocrx_word' id='word_1_314' title='bbox 185 2971 231 3004; x_wconf 80' lang='lat'>29,</span> <span class='ocrx_word' id='word_1_315' title='bbox 248 2970 298 2997; x_wconf 86' lang='lat' dir='ltr'>fol.</span> <span class='ocrx_word' id='word_1_316' title='bbox 314 2971 346 2998; x_wconf 90' lang='lat'>31</span> <span class='ocrx_word' id='word_1_317' title='bbox 366 2975 403 3001; x_wconf 61' lang='grc' dir='ltr'>νο,</span> <span class='ocrx_word' id='word_1_318' title='bbox 422 2975 453 2996; x_wconf 81' lang='lat' dir='ltr'>n⁰</span> <span class='ocrx_word' id='word_1_319' title='bbox 469 2970 527 3001; x_wconf 78' lang='lat'>62.)</span> 
     </span>
    </p>
   </div>
   <div class='ocr_carea' id='block_1_10' title="bbox 1229 396 1236 2998">
    <p class='ocr_par' dir='ltr' id='par_1_11' title="bbox 1229 396 1236 2998">
     <span class='ocr_line' id='line_1_49' title="bbox 1229 396 1236 2998; baseline 0 0"><span class='ocrx_word' id='word_1_320' title='bbox 1229 396 1236 2998; x_wconf 95' lang='lat' dir='ltr'> </span> 
     </span>
    </p>
   </div>
   <div class='ocr_carea' id='block_1_11' title="bbox 1259 359 2276 3002">
    <p class='ocr_par' dir='ltr' id='par_1_12' title="bbox 1259 359 2275 2206">
     <span class='ocr_line' id='line_1_50' title="bbox 1305 359 2271 396; baseline 0.006 -10"><span class='ocrx_word' id='word_1_321' title='bbox 1305 372 1318 386; x_wconf 71' lang='grc' dir='ltr'><strong><em>κ</em></strong></span> <span class='ocrx_word' id='word_1_322' title='bbox 1339 359 1501 396; x_wconf 66' lang='lat' dir='ltr'>Ludavim,</span> <span class='ocrx_word' id='word_1_323' title='bbox 1525 361 1667 389; x_wconf 62' lang='lat' dir='ltr'>ranonim</span> <span class='ocrx_word' id='word_1_324' title='bbox 1693 360 1908 389; x_wconf 65' lang='lat' dir='ltr'>l¹al11ei0l‹1n.=·is</span> <span class='ocrx_word' id='word_1_325' title='bbox 1929 362 2058 391; x_wconf 55' lang='lat' dir='ltr'>vecla-siv.</span> <span class='ocrx_word' id='word_1_326' title='bbox 2086 364 2271 394; x_wconf 64' lang='lat' dir='ltr'>Trcrcstcnsis</span> 
     </span>
     <span class='ocr_line' id='line_1_51' title="bbox 1262 412 2269 452; baseline 0.001 -10"><span class='ocrx_word' id='word_1_327' title='bbox 1262 412 1397 447; x_wconf 72' lang='lat' dir='ltr'>dioresis,</span> <span class='ocrx_word' id='word_1_328' title='bbox 1416 412 1639 442; x_wconf 72' lang='lat' dir='ltr'>clez‘ieodilccli</span> <span class='ocrx_word' id='word_1_329' title='bbox 1650 414 1711 451; x_wconf 72' lang='lat' dir='ltr'>filii</span> <span class='ocrx_word' id='word_1_330' title='bbox 1722 414 1860 452; x_wconf 64' lang='lat' dir='ltr'>untyistri</span> <span class='ocrx_word' id='word_1_331' title='bbox 1874 414 2150 445; x_wconf 56' lang='lat' dir='ltr'>Lam-mliistatarii</span> <span class='ocrx_word' id='word_1_332' title='bbox 2164 420 2269 449; x_wconf 61' lang='lat' dir='ltr'>nosci-i,</span> 
     </span>
     <span class='ocr_line' id='line_1_52' title="bbox 1261 466 2271 508; baseline 0.005 -13"><span class='ocrx_word' id='word_1_333' title='bbox 1261 466 1308 495; x_wconf 88' lang='lat' dir='ltr'>Ea</span> <span class='ocrx_word' id='word_1_334' title='bbox 1333 475 1396 504; x_wconf 78' lang='lat' dir='ltr'>qne</span> <span class='ocrx_word' id='word_1_335' title='bbox 1417 466 1557 503; x_wconf 73' lang='lat' dir='ltr'>judicio,</span> <span class='ocrx_word' id='word_1_336' title='bbox 1588 470 1648 496; x_wconf 84' lang='lat' dir='ltr'>etc.</span> <span class='ocrx_word' id='word_1_337' title='bbox 1674 476 1782 505; x_wconf 66' lang='lat' dir='ltr'>usqm¹</span> <span class='ocrx_word' id='word_1_338' title='bbox 1806 468 2019 498; x_wconf 71' lang='lat' dir='ltr'>‹¹1›lillilllnll‘i.</span> <span class='ocrx_word' id='word_1_339' title='bbox 2046 472 2130 498; x_wconf 54' lang='lat' dir='ltr'>Sanc</span> <span class='ocrx_word' id='word_1_340' title='bbox 2156 472 2271 508; x_wconf 73' lang='lat' dir='ltr'>petitio</span> 
     </span>
     <span class='ocr_line' id='line_1_53' title="bbox 1261 518 2272 558; baseline 0.003 -10"><span class='ocrx_word' id='word_1_341' title='bbox 1261 520 1319 548; x_wconf 84' lang='lat' dir='ltr'>tua</span> <span class='ocrx_word' id='word_1_342' title='bbox 1338 518 1435 548; x_wconf 84' lang='lat' dir='ltr'>nobis</span> <span class='ocrx_word' id='word_1_343' title='bbox 1453 518 1602 549; x_wconf 81' lang='lat' dir='ltr'>exhibita</span> <span class='ocrx_word' id='word_1_344' title='bbox 1619 520 1807 549; x_wconf 54' lang='lat' dir='ltr'>crailincbat</span> <span class='ocrx_word' id='word_1_345' title='bbox 1824 520 1922 558; x_wconf 74' lang='lat' dir='ltr'>qnod,</span> <span class='ocrx_word' id='word_1_346' title='bbox 1940 530 2012 550; x_wconf 86' lang='lat' dir='ltr'>cum</span> <span class='ocrx_word' id='word_1_347' title='bbox 2035 522 2114 551; x_wconf 71' lang='lat' dir='ltr'>olim</span> <span class='ocrx_word' id='word_1_348' title='bbox 2129 523 2272 553; x_wconf 57' lang='lat' dir='ltr'>«uinctus</span> 
     </span>
     <span class='ocr_line' id='line_1_54' title="bbox 1262 571 2273 606; baseline 0.006 -6"><span class='ocrx_word' id='word_1_349' title='bbox 1262 571 1377 601; x_wconf 83' lang='lat' dir='ltr'>tilius..</span> <span class='ocrx_word' id='word_1_350' title='bbox 1403 572 1549 601; x_wconf 80' lang='lat' dir='ltr'>decanus</span> <span class='ocrx_word' id='word_1_351' title='bbox 1567 573 1740 602; x_wconf 66' lang='lat' dir='ltr'>Metensis.</span> <span class='ocrx_word' id='word_1_352' title='bbox 1762 573 1956 603; x_wconf 76' lang='lat' dir='ltr'>mandasset</span> <span class='ocrx_word' id='word_1_353' title='bbox 1976 573 2038 602; x_wconf 74' lang='lat' dir='ltr'>sul&gt;</span> <span class='ocrx_word' id='word_1_354' title='bbox 2057 576 2144 604; x_wconf 58' lang='lat' dir='ltr'>certa</span> <span class='ocrx_word' id='word_1_355' title='bbox 2168 576 2273 606; x_wconf 72' lang='lat' dir='ltr'>torma</span> 
     </span>
     <span class='ocr_line' id='line_1_55' title="bbox 1261 623 2272 664; baseline 0.007 -12"><span class='ocrx_word' id='word_1_356' title='bbox 1261 623 1335 659; x_wconf 84' lang='lat' dir='ltr'>tibi,</span> <span class='ocrx_word' id='word_1_357' title='bbox 1347 625 1547 655; x_wconf 87' lang='lat' dir='ltr'>auctoritate</span> <span class='ocrx_word' id='word_1_358' title='bbox 1564 625 1752 655; x_wconf 80' lang='lat' dir='ltr'>litterarum</span> <span class='ocrx_word' id='word_1_359' title='bbox 1770 626 1954 664; x_wconf 45' lang='lat' dir='ltr'>apostolae</span> <span class='ocrx_word' id='word_1_360' title='bbox 1968 627 2070 657; x_wconf 65' lang='lat' dir='ltr'>sedis.</span> <span class='ocrx_word' id='word_1_361' title='bbox 2086 628 2116 657; x_wconf 91' lang='lat' dir='ltr'>in</span> <span class='ocrx_word' id='word_1_362' title='bbox 2131 629 2272 659; x_wconf 46' lang='lat' dir='ltr'>ccclesia</span> 
     </span>
     <span class='ocr_line' id='line_1_56' title="bbox 1263 677 2270 718; baseline 0.005 -12"><span class='ocrx_word' id='word_1_363' title='bbox 1263 677 1368 707; x_wconf 84' lang='lat' dir='ltr'>sancti</span> <span class='ocrx_word' id='word_1_364' title='bbox 1400 677 1529 707; x_wconf 80' lang='lat' dir='ltr'>Florini</span> <span class='ocrx_word' id='word_1_365' title='bbox 1561 678 1593 707; x_wconf 92' lang='lat' dir='ltr'>in</span> <span class='ocrx_word' id='word_1_366' title='bbox 1623 678 1846 714; x_wconf 63' lang='lat' dir='ltr'>(sslontlucntia‚</span> <span class='ocrx_word' id='word_1_367' title='bbox 1865 680 2085 709; x_wconf 59' lang='lat' dir='ltr'>&#39;treverensis</span> <span class='ocrx_word' id='word_1_368' title='bbox 2113 681 2270 718; x_wconf 61' lang='lat' dir='ltr'>diocesis,</span> 
     </span>
     <span class='ocr_line' id='line_1_57' title="bbox 1262 731 2274 772; baseline 0.005 -13"><span class='ocrx_word' id='word_1_369' title='bbox 1262 731 1445 768; x_wconf 83' lang='lat' dir='ltr'>provideri,</span> <span class='ocrx_word' id='word_1_370' title='bbox 1465 731 1599 761; x_wconf 83' lang='lat' dir='ltr'>tandem</span> <span class='ocrx_word' id='word_1_371' title='bbox 1618 731 1812 770; x_wconf 72' lang='lat' dir='ltr'>hujusmodi</span> <span class='ocrx_word' id='word_1_372' title='bbox 1841 733 1973 770; x_wconf 73' lang='lat' dir='ltr'>negotio</span> <span class='ocrx_word' id='word_1_373' title='bbox 2000 742 2058 771; x_wconf 88' lang='lat' dir='ltr'>per</span> <span class='ocrx_word' id='word_1_374' title='bbox 2078 735 2274 772; x_wconf 79' lang='lat' dir='ltr'>appellatio-</span> 
     </span>
     <span class='ocr_line' id='line_1_58' title="bbox 1262 784 2273 822; baseline 0.005 -10"><span class='ocrx_word' id='word_1_375' title='bbox 1262 791 1382 814; x_wconf 87' lang='lat' dir='ltr'>nem..</span> <span class='ocrx_word' id='word_1_376' title='bbox 1403 784 1532 819; x_wconf 70' lang='lat' dir='ltr'>decani,</span> <span class='ocrx_word' id='word_1_377' title='bbox 1551 786 1581 814; x_wconf 90' lang='lat' dir='ltr'>et</span> <span class='ocrx_word' id='word_1_378' title='bbox 1599 784 1737 822; x_wconf 84' lang='lat' dir='ltr'>capituli</span> <span class='ocrx_word' id='word_1_379' title='bbox 1760 785 1912 822; x_wconf 74' lang='lat' dir='ltr'>ejusdcm</span> <span class='ocrx_word' id='word_1_380' title='bbox 1933 786 2074 815; x_wconf 66' lang='lat' dir='ltr'>ecclc÷ie</span> <span class='ocrx_word' id='word_1_381' title='bbox 2100 788 2136 816; x_wconf 78' lang='lat' dir='ltr'>:nl</span> <span class='ocrx_word' id='word_1_382' title='bbox 2159 789 2273 818; x_wconf 61' lang='lat' dir='ltr'>sedem</span> 
     </span>
     <span class='ocr_line' id='line_1_59' title="bbox 1262 837 2274 876; baseline 0.005 -11"><span class='ocrx_word' id='word_1_383' title='bbox 1262 837 1447 874; x_wconf 83' lang='lat' dir='ltr'>predictam</span> <span class='ocrx_word' id='word_1_384' title='bbox 1463 837 1637 873; x_wconf 73' lang='lat' dir='ltr'>emissam,</span> <span class='ocrx_word' id='word_1_385' title='bbox 1657 838 1806 876; x_wconf 77' lang='lat' dir='ltr'>legitime</span> <span class='ocrx_word' id='word_1_386' title='bbox 1827 838 1996 874; x_wconf 17' lang='lat' dir='ltr'>‹elev-oluit),</span> <span class='ocrx_word' id='word_1_387' title='bbox 2017 840 2161 869; x_wconf 72' lang='lat' dir='ltr'>dilectus</span> <span class='ocrx_word' id='word_1_388' title='bbox 2184 842 2274 871; x_wconf 83' lang='lat' dir='ltr'>lilius</span> 
     </span>
     <span class='ocr_line' id='line_1_60' title="bbox 1263 890 2274 931; baseline 0.006 -13"><span class='ocrx_word' id='word_1_389' title='bbox 1263 890 1425 928; x_wconf 83' lang='lat' dir='ltr'>magister</span> <span class='ocrx_word' id='word_1_390' title='bbox 1453 891 1638 925; x_wconf 52' lang='lat' dir='ltr'>Naxum—us,</span> <span class='ocrx_word' id='word_1_391' title='bbox 1656 891 1852 929; x_wconf 75' lang='lat' dir='ltr'>capellanus</span> <span class='ocrx_word' id='word_1_392' title='bbox 1878 894 2003 923; x_wconf 76' lang='lat' dir='ltr'>noster,</span> <span class='ocrx_word' id='word_1_393' title='bbox 2026 893 2141 931; x_wconf 81' lang='lat' dir='ltr'>palatii</span> <span class='ocrx_word' id='word_1_394' title='bbox 2168 896 2274 924; x_wconf 74' lang='lat' dir='ltr'>nostri</span> 
     </span>
     <span class='ocr_line' id='line_1_61' title="bbox 1262 943 2274 983; baseline 0.005 -11"><span class='ocrx_word' id='word_1_395' title='bbox 1262 943 1431 981; x_wconf 85' lang='lat' dir='ltr'>generalis</span> <span class='ocrx_word' id='word_1_396' title='bbox 1460 944 1594 973; x_wconf 77' lang='lat' dir='ltr'>auditor</span> <span class='ocrx_word' id='word_1_397' title='bbox 1621 953 1812 979; x_wconf 75' lang='lat' dir='ltr'>causarum,</span> <span class='ocrx_word' id='word_1_398' title='bbox 1834 947 1900 974; x_wconf 86' lang='lat' dir='ltr'>tam</span> <span class='ocrx_word' id='word_1_399' title='bbox 1920 945 1952 974; x_wconf 90' lang='lat' dir='ltr'>in</span> <span class='ocrx_word' id='word_1_400' title='bbox 1973 946 2199 983; x_wconf 79' lang='lat' dir='ltr'>appellatione</span> <span class='ocrx_word' id='word_1_401' title='bbox 2217 948 2274 978; x_wconf 84' lang='lat' dir='ltr'>liu-</span> 
     </span>
     <span class='ocr_line' id='line_1_62' title="bbox 1259 995 2272 1037; baseline 0.005 -12"><span class='ocrx_word' id='word_1_402' title='bbox 1259 995 1420 1033; x_wconf 80' lang='lat' dir='ltr'>jusmodi‚</span> <span class='ocrx_word' id='word_1_403' title='bbox 1451 1005 1552 1034; x_wconf 79' lang='lat' dir='ltr'>quam</span> <span class='ocrx_word' id='word_1_404' title='bbox 1573 997 1607 1026; x_wconf 89' lang='lat' dir='ltr'>in</span> <span class='ocrx_word' id='word_1_405' title='bbox 1635 1005 1736 1026; x_wconf 84' lang='lat' dir='ltr'>causa</span> <span class='ocrx_word' id='word_1_406' title='bbox 1754 998 1855 1026; x_wconf 85' lang='lat' dir='ltr'>etiam</span> <span class='ocrx_word' id='word_1_407' title='bbox 1881 998 2061 1036; x_wconf 79' lang='lat' dir='ltr'>principali</span> <span class='ocrx_word' id='word_1_408' title='bbox 2077 1001 2272 1037; x_wconf 72' lang='lat' dir='ltr'>procedens,</span> 
     </span>
     <span class='ocr_line' id='line_1_63' title="bbox 1262 1049 2273 1089; baseline 0.005 -11"><span class='ocrx_word' id='word_1_409' title='bbox 1262 1049 1406 1087; x_wconf 86' lang='lat' dir='ltr'>cognitis</span> <span class='ocrx_word' id='word_1_410' title='bbox 1423 1049 1534 1087; x_wconf 85' lang='lat' dir='ltr'>ipsius</span> <span class='ocrx_word' id='word_1_411' title='bbox 1552 1058 1650 1079; x_wconf 80' lang='lat' dir='ltr'>cause</span> <span class='ocrx_word' id='word_1_412' title='bbox 1664 1050 1797 1079; x_wconf 86' lang='lat' dir='ltr'>meritis</span> <span class='ocrx_word' id='word_1_413' title='bbox 1811 1053 1840 1080; x_wconf 89' lang='lat' dir='ltr'>et</span> <span class='ocrx_word' id='word_1_414' title='bbox 1852 1050 1939 1088; x_wconf 88' lang='lat' dir='ltr'>juris</span> <span class='ocrx_word' id='word_1_415' title='bbox 1952 1051 2069 1081; x_wconf 86' lang='lat' dir='ltr'>ordine</span> <span class='ocrx_word' id='word_1_416' title='bbox 2085 1052 2273 1089; x_wconf 45' lang='lat' dir='ltr'>adservato,</span> 
     </span>
     <span class='ocr_line' id='line_1_64' title="bbox 1262 1102 2275 1145; baseline 0.006 -14"><span class='ocrx_word' id='word_1_417' title='bbox 1262 1102 1355 1132; x_wconf 91' lang='lat' dir='ltr'>nullo</span> <span class='ocrx_word' id='word_1_418' title='bbox 1376 1111 1436 1141; x_wconf 87' lang='lat' dir='ltr'>pro</span> <span class='ocrx_word' id='word_1_419' title='bbox 1462 1105 1556 1141; x_wconf 86' lang='lat' dir='ltr'>parte</span> <span class='ocrx_word' id='word_1_420' title='bbox 1586 1103 1691 1133; x_wconf 84' lang='lat' dir='ltr'>altera</span> <span class='ocrx_word' id='word_1_421' title='bbox 1715 1106 1940 1142; x_wconf 81' lang='lat' dir='ltr'>comparente,</span> <span class='ocrx_word' id='word_1_422' title='bbox 1964 1104 2040 1134; x_wconf 77' lang='lat' dir='ltr'>licet</span> <span class='ocrx_word' id='word_1_423' title='bbox 2062 1106 2177 1135; x_wconf 62' lang='lat' dir='ltr'>eadem</span> <span class='ocrx_word' id='word_1_424' title='bbox 2197 1116 2275 1145; x_wconf 78' lang='lat' dir='ltr'>pars</span> 
     </span>
     <span class='ocr_line' id='line_1_65' title="bbox 1262 1154 2275 1194; baseline 0.006 -10"><span class='ocrx_word' id='word_1_425' title='bbox 1262 1154 1295 1184; x_wconf 91' lang='lat' dir='ltr'>in</span> <span class='ocrx_word' id='word_1_426' title='bbox 1314 1155 1484 1186; x_wconf 86' lang='lat' dir='ltr'>audientia</span> <span class='ocrx_word' id='word_1_427' title='bbox 1499 1155 1634 1194; x_wconf 86' lang='lat' dir='ltr'>publica</span> <span class='ocrx_word' id='word_1_428' title='bbox 1652 1156 1793 1194; x_wconf 72' lang='lat' dir='ltr'>pluries,</span> <span class='ocrx_word' id='word_1_429' title='bbox 1807 1159 1842 1186; x_wconf 87' lang='lat' dir='ltr'>ut</span> <span class='ocrx_word' id='word_1_430' title='bbox 1857 1159 1906 1186; x_wconf 83' lang='lat' dir='ltr'>est</span> <span class='ocrx_word' id='word_1_431' title='bbox 1923 1157 2039 1191; x_wconf 82' lang='lat' dir='ltr'>moris,</span> <span class='ocrx_word' id='word_1_432' title='bbox 2054 1158 2153 1189; x_wconf 85' lang='lat' dir='ltr'>citata</span> <span class='ocrx_word' id='word_1_433' title='bbox 2174 1160 2275 1190; x_wconf 58' lang='lat' dir='ltr'>smerit</span> 
     </span>
     <span class='ocr_line' id='line_1_66' title="bbox 1262 1208 2275 1251; baseline 0.006 -14"><span class='ocrx_word' id='word_1_434' title='bbox 1262 1210 1293 1237; x_wconf 92' lang='lat' dir='ltr'>et</span> <span class='ocrx_word' id='word_1_435' title='bbox 1312 1208 1401 1238; x_wconf 86' lang='lat' dir='ltr'>ultra</span> <span class='ocrx_word' id='word_1_436' title='bbox 1414 1209 1667 1239; x_wconf 84' lang='lat' dir='ltr'>constitutionis</span> <span class='ocrx_word' id='word_1_437' title='bbox 1684 1211 1835 1247; x_wconf 87' lang='lat' dir='ltr'>tempora</span> <span class='ocrx_word' id='word_1_438' title='bbox 1853 1209 1982 1239; x_wconf 87' lang='lat' dir='ltr'>diutius</span> <span class='ocrx_word' id='word_1_439' title='bbox 2001 1214 2186 1249; x_wconf 60' lang='lat' dir='ltr'>exljiectata,</span> <span class='ocrx_word' id='word_1_440' title='bbox 2202 1222 2275 1251; x_wconf 85' lang='lat' dir='ltr'>pro-</span> 
     </span>
     <span class='ocr_line' id='line_1_67' title="bbox 1261 1261 2275 1304; baseline 0.007 -14"><span class='ocrx_word' id='word_1_441' title='bbox 1261 1261 1429 1291; x_wconf 87' lang='lat' dir='ltr'>nuntiavit</span> <span class='ocrx_word' id='word_1_442' title='bbox 1457 1270 1594 1292; x_wconf 88' lang='lat' dir='ltr'>causam</span> <span class='ocrx_word' id='word_1_443' title='bbox 1614 1262 1723 1300; x_wconf 84' lang='lat' dir='ltr'>ipsam</span> <span class='ocrx_word' id='word_1_444' title='bbox 1749 1271 1824 1292; x_wconf 82' lang='lat' dir='ltr'>esse</span> <span class='ocrx_word' id='word_1_445' title='bbox 1852 1263 1886 1292; x_wconf 91' lang='lat' dir='ltr'>in</span> <span class='ocrx_word' id='word_1_446' title='bbox 1902 1264 1995 1293; x_wconf 83' lang='lat' dir='ltr'>curia</span> <span class='ocrx_word' id='word_1_447' title='bbox 2014 1266 2043 1293; x_wconf 87' lang='lat' dir='ltr'>et</span> <span class='ocrx_word' id='word_1_448' title='bbox 2065 1265 2097 1294; x_wconf 91' lang='lat' dir='ltr'>in</span> <span class='ocrx_word' id='word_1_449' title='bbox 2117 1274 2154 1295; x_wconf 84' lang='lat' dir='ltr'>ea</span> <span class='ocrx_word' id='word_1_450' title='bbox 2173 1275 2275 1304; x_wconf 77' lang='lat' dir='ltr'>super</span> 
     </span>
     <span class='ocr_line' id='line_1_68' title="bbox 1260 1313 2274 1355; baseline 0.007 -12"><span class='ocrx_word' id='word_1_451' title='bbox 1260 1313 1322 1344; x_wconf 84' lang='lat' dir='ltr'>hoc</span> <span class='ocrx_word' id='word_1_452' title='bbox 1335 1314 1455 1345; x_wconf 87' lang='lat' dir='ltr'>debere</span> <span class='ocrx_word' id='word_1_453' title='bbox 1472 1315 1620 1353; x_wconf 81' lang='lat' dir='ltr'>procedi,</span> <span class='ocrx_word' id='word_1_454' title='bbox 1633 1324 1670 1345; x_wconf 86' lang='lat' dir='ltr'>ac</span> <span class='ocrx_word' id='word_1_455' title='bbox 1687 1315 1835 1350; x_wconf 80' lang='lat' dir='ltr'>demum,</span> <span class='ocrx_word' id='word_1_456' title='bbox 1848 1316 1961 1346; x_wconf 87' lang='lat' dir='ltr'>habito</span> <span class='ocrx_word' id='word_1_457' title='bbox 1976 1317 2180 1355; x_wconf 82' lang='lat' dir='ltr'>prudentum</span> <span class='ocrx_word' id='word_1_458' title='bbox 2199 1329 2274 1350; x_wconf 75' lang='lat' dir='ltr'>con-</span> 
     </span>
     <span class='ocr_line' id='line_1_69' title="bbox 1262 1367 2275 1407; baseline 0.007 -10"><span class='ocrx_word' id='word_1_459' title='bbox 1262 1367 1352 1404; x_wconf 84' lang='lat' dir='ltr'>silio,</span> <span class='ocrx_word' id='word_1_460' title='bbox 1373 1368 1540 1398; x_wconf 87' lang='lat' dir='ltr'>dictorum</span> <span class='ocrx_word' id='word_1_461' title='bbox 1559 1369 1679 1398; x_wconf 78' lang='lat' dir='ltr'>decani</span> <span class='ocrx_word' id='word_1_462' title='bbox 1700 1370 1731 1398; x_wconf 86' lang='lat' dir='ltr'>et</span> <span class='ocrx_word' id='word_1_463' title='bbox 1756 1369 1895 1407; x_wconf 84' lang='lat' dir='ltr'>capituli</span> <span class='ocrx_word' id='word_1_464' title='bbox 1920 1369 2108 1400; x_wconf 80' lang='lat' dir='ltr'>absentiam</span> <span class='ocrx_word' id='word_1_465' title='bbox 2139 1373 2200 1402; x_wconf 77' lang='lat' dir='ltr'>Dei</span> <span class='ocrx_word' id='word_1_466' title='bbox 2226 1382 2275 1404; x_wconf 89' lang='lat' dir='ltr'>re-</span> 
     </span>
     <span class='ocr_line' id='line_1_70' title="bbox 1260 1421 2274 1460; baseline 0.006 -10"><span class='ocrx_word' id='word_1_467' title='bbox 1260 1421 1374 1459; x_wconf 88' lang='lat' dir='ltr'>plente</span> <span class='ocrx_word' id='word_1_468' title='bbox 1387 1422 1569 1459; x_wconf 85' lang='lat' dir='ltr'>presentia,</span> <span class='ocrx_word' id='word_1_469' title='bbox 1582 1421 1675 1460; x_wconf 87' lang='lat' dir='ltr'>ipsos</span> <span class='ocrx_word' id='word_1_470' title='bbox 1690 1422 1730 1451; x_wconf 86' lang='lat' dir='ltr'>ad</span> <span class='ocrx_word' id='word_1_471' title='bbox 1741 1422 1970 1460; x_wconf 77' lang='lat' dir='ltr'>recipiendum</span> <span class='ocrx_word' id='word_1_472' title='bbox 1983 1425 2014 1453; x_wconf 89' lang='lat' dir='ltr'>te</span> <span class='ocrx_word' id='word_1_473' title='bbox 2027 1424 2061 1453; x_wconf 91' lang='lat' dir='ltr'>in</span> <span class='ocrx_word' id='word_1_474' title='bbox 2077 1426 2274 1456; x_wconf 81' lang='lat' dir='ltr'>canonicum</span> 
     </span>
     <span class='ocr_line' id='line_1_71' title="bbox 1262 1474 2273 1514; baseline 0.005 -10"><span class='ocrx_word' id='word_1_475' title='bbox 1262 1476 1293 1504; x_wconf 83' lang='lat' dir='ltr'>et</span> <span class='ocrx_word' id='word_1_476' title='bbox 1310 1474 1344 1504; x_wconf 91' lang='lat' dir='ltr'>in</span> <span class='ocrx_word' id='word_1_477' title='bbox 1361 1474 1501 1504; x_wconf 82' lang='lat' dir='ltr'>fratrem</span> <span class='ocrx_word' id='word_1_478' title='bbox 1515 1475 1667 1513; x_wconf 81' lang='lat' dir='ltr'>ejusdem</span> <span class='ocrx_word' id='word_1_479' title='bbox 1682 1475 1822 1505; x_wconf 86' lang='lat' dir='ltr'>ecclesie</span> <span class='ocrx_word' id='word_1_480' title='bbox 1840 1484 1876 1504; x_wconf 85' lang='lat' dir='ltr'>ac</span> <span class='ocrx_word' id='word_1_481' title='bbox 1893 1475 1934 1505; x_wconf 84' lang='lat' dir='ltr'>ad</span> <span class='ocrx_word' id='word_1_482' title='bbox 1948 1477 2194 1514; x_wconf 84' lang='lat' dir='ltr'>providemlnm</span> <span class='ocrx_word' id='word_1_483' title='bbox 2213 1480 2273 1509; x_wconf 84' lang='lat' dir='ltr'>tibi</span> 
     </span>
     <span class='ocr_line' id='line_1_72' title="bbox 1261 1527 2275 1571; baseline 0.005 -14"><span class='ocrx_word' id='word_1_484' title='bbox 1261 1528 1300 1557; x_wconf 90' lang='lat' dir='ltr'>de</span> <span class='ocrx_word' id='word_1_485' title='bbox 1313 1527 1494 1566; x_wconf 50' lang='lat' dir='ltr'>prelenda,</span> <span class='ocrx_word' id='word_1_486' title='bbox 1510 1528 1607 1566; x_wconf 83' lang='lat' dir='ltr'>siqua</span> <span class='ocrx_word' id='word_1_487' title='bbox 1626 1528 1673 1557; x_wconf 90' lang='lat' dir='ltr'>ibi</span> <span class='ocrx_word' id='word_1_488' title='bbox 1693 1529 1787 1558; x_wconf 83' lang='lat' dir='ltr'>vacat</span> <span class='ocrx_word' id='word_1_489' title='bbox 1804 1528 1844 1558; x_wconf 86' lang='lat' dir='ltr'>ad</span> <span class='ocrx_word' id='word_1_490' title='bbox 1862 1537 2004 1567; x_wconf 82' lang='lat' dir='ltr'>presens</span> <span class='ocrx_word' id='word_1_491' title='bbox 2018 1531 2069 1560; x_wconf 80' lang='lat' dir='ltr'>vel</span> <span class='ocrx_word' id='word_1_492' title='bbox 2091 1540 2190 1569; x_wconf 75' lang='lat' dir='ltr'>quam</span> <span class='ocrx_word' id='word_1_493' title='bbox 2208 1534 2275 1571; x_wconf 91' lang='lat' dir='ltr'>pri—</span> 
     </span>
     <span class='ocr_line' id='line_1_73' title="bbox 1261 1580 2274 1621; baseline 0.007 -12"><span class='ocrx_word' id='word_1_494' title='bbox 1261 1589 1353 1610; x_wconf 87' lang='lat' dir='ltr'>mum</span> <span class='ocrx_word' id='word_1_495' title='bbox 1375 1581 1415 1610; x_wconf 86' lang='lat' dir='ltr'>ad</span> <span class='ocrx_word' id='word_1_496' title='bbox 1443 1581 1476 1610; x_wconf 89' lang='lat' dir='ltr'>id</span> <span class='ocrx_word' id='word_1_497' title='bbox 1501 1580 1662 1611; x_wconf 87' lang='lat' dir='ltr'>obtulerit</span> <span class='ocrx_word' id='word_1_498' title='bbox 1687 1590 1721 1610; x_wconf 86' lang='lat' dir='ltr'>se</span> <span class='ocrx_word' id='word_1_499' title='bbox 1748 1581 1901 1618; x_wconf 76' lang='lat' dir='ltr'>facultas,</span> <span class='ocrx_word' id='word_1_500' title='bbox 1922 1583 2173 1621; x_wconf 85' lang='lat' dir='ltr'>compellendos</span> <span class='ocrx_word' id='word_1_501' title='bbox 2199 1594 2274 1616; x_wconf 81' lang='lat' dir='ltr'>esse</span> 
     </span>
     <span class='ocr_line' id='line_1_74' title="bbox 1261 1633 2274 1673; baseline 0.007 -11"><span class='ocrx_word' id='word_1_502' title='bbox 1261 1633 1421 1669; x_wconf 81' lang='lat' dir='ltr'>decrevit,</span> <span class='ocrx_word' id='word_1_503' title='bbox 1441 1633 1614 1672; x_wconf 73' lang='lat' dir='ltr'>dictosque</span> <span class='ocrx_word' id='word_1_504' title='bbox 1641 1634 1803 1663; x_wconf 83' lang='lat' dir='ltr'>decanum</span> <span class='ocrx_word' id='word_1_505' title='bbox 1827 1636 1857 1664; x_wconf 89' lang='lat' dir='ltr'>et</span> <span class='ocrx_word' id='word_1_506' title='bbox 1886 1635 2072 1673; x_wconf 84' lang='lat' dir='ltr'>capitulum</span> <span class='ocrx_word' id='word_1_507' title='bbox 2091 1639 2159 1666; x_wconf 89' lang='lat' dir='ltr'>tam</span> <span class='ocrx_word' id='word_1_508' title='bbox 2181 1639 2220 1668; x_wconf 82' lang='lat' dir='ltr'>ad</span> <span class='ocrx_word' id='word_1_509' title='bbox 2240 1639 2274 1669; x_wconf 87' lang='lat' dir='ltr'>id</span> 
     </span>
     <span class='ocr_line' id='line_1_75' title="bbox 1261 1686 2268 1728; baseline 0.006 -13"><span class='ocrx_word' id='word_1_510' title='bbox 1261 1695 1363 1724; x_wconf 78' lang='lat' dir='ltr'>quam</span> <span class='ocrx_word' id='word_1_511' title='bbox 1379 1687 1413 1715; x_wconf 91' lang='lat' dir='ltr'>in</span> <span class='ocrx_word' id='word_1_512' title='bbox 1438 1686 1549 1716; x_wconf 79' lang='lat' dir='ltr'>tribus</span> <span class='ocrx_word' id='word_1_513' title='bbox 1572 1687 1696 1716; x_wconf 85' lang='lat' dir='ltr'>marcis</span> <span class='ocrx_word' id='word_1_514' title='bbox 1710 1687 1851 1725; x_wconf 85' lang='lat' dir='ltr'>argenti,</span> <span class='ocrx_word' id='word_1_515' title='bbox 1872 1696 2098 1726; x_wconf 78' lang='lat' dir='ltr'>expensarum</span> <span class='ocrx_word' id='word_1_516' title='bbox 2120 1692 2268 1728; x_wconf 88' lang='lat' dir='ltr'>nomine,</span> 
     </span>
     <span class='ocr_line' id='line_1_76' title="bbox 1261 1740 2271 1781; baseline 0.006 -12"><span class='ocrx_word' id='word_1_517' title='bbox 1261 1740 1432 1769; x_wconf 74' lang='lat' dir='ltr'>taxatione</span> <span class='ocrx_word' id='word_1_518' title='bbox 1442 1740 1619 1778; x_wconf 80' lang='lat' dir='ltr'>prehabita</span> <span class='ocrx_word' id='word_1_519' title='bbox 1629 1742 1660 1770; x_wconf 85' lang='lat' dir='ltr'>et</span> <span class='ocrx_word' id='word_1_520' title='bbox 1671 1743 1802 1778; x_wconf 86' lang='lat' dir='ltr'>recepto</span> <span class='ocrx_word' id='word_1_521' title='bbox 1817 1749 1918 1779; x_wconf 77' lang='lat' dir='ltr'>super</span> <span class='ocrx_word' id='word_1_522' title='bbox 1930 1741 1991 1771; x_wconf 88' lang='lat' dir='ltr'>hoc</span> <span class='ocrx_word' id='word_1_523' title='bbox 2002 1751 2019 1771; x_wconf 88' lang='lat' dir='ltr'>a</span> <span class='ocrx_word' id='word_1_524' title='bbox 2029 1742 2271 1781; x_wconf 85' lang='lat' dir='ltr'>tejuramento,</span> 
     </span>
     <span class='ocr_line' id='line_1_77' title="bbox 1262 1793 2273 1832; baseline 0.006 -10"><span class='ocrx_word' id='word_1_525' title='bbox 1262 1793 1510 1822; x_wconf 79' lang='lat' dir='ltr'>sententialiter</span> <span class='ocrx_word' id='word_1_526' title='bbox 1541 1793 1813 1831; x_wconf 74' lang='lat' dir='ltr'>condempnavit,</span> <span class='ocrx_word' id='word_1_527' title='bbox 1845 1796 1944 1832; x_wconf 87' lang='lat' dir='ltr'>prout</span> <span class='ocrx_word' id='word_1_528' title='bbox 1977 1795 2011 1824; x_wconf 93' lang='lat' dir='ltr'>in</span> <span class='ocrx_word' id='word_1_529' title='bbox 2048 1797 2273 1829; x_wconf 83' lang='lat' dir='ltr'>instrumento</span> 
     </span>
     <span class='ocr_line' id='line_1_78' title="bbox 1261 1846 2272 1890; baseline 0.008 -16"><span class='ocrx_word' id='word_1_530' title='bbox 1261 1846 1338 1876; x_wconf 86' lang='lat' dir='ltr'>inde</span> <span class='ocrx_word' id='word_1_531' title='bbox 1362 1846 1513 1876; x_wconf 80' lang='lat' dir='ltr'>confecto</span> <span class='ocrx_word' id='word_1_532' title='bbox 1536 1847 1566 1876; x_wconf 86' lang='lat' dir='ltr'>et</span> <span class='ocrx_word' id='word_1_533' title='bbox 1591 1846 1702 1884; x_wconf 86' lang='lat' dir='ltr'>ipsius</span> <span class='ocrx_word' id='word_1_534' title='bbox 1716 1846 1883 1876; x_wconf 82' lang='lat' dir='ltr'>auditoris</span> <span class='ocrx_word' id='word_1_535' title='bbox 1910 1847 2023 1886; x_wconf 85' lang='lat' dir='ltr'>sigillo</span> <span class='ocrx_word' id='word_1_536' title='bbox 2043 1851 2184 1881; x_wconf 88' lang='lat' dir='ltr'>munito.</span> <span class='ocrx_word' id='word_1_537' title='bbox 2204 1851 2272 1890; x_wconf 88' lang='lat' dir='ltr'>ple-</span> 
     </span>
     <span class='ocr_line' id='line_1_79' title="bbox 1261 1899 2274 1939; baseline 0.006 -11"><span class='ocrx_word' id='word_1_538' title='bbox 1261 1899 1338 1929; x_wconf 89' lang='lat' dir='ltr'>nius</span> <span class='ocrx_word' id='word_1_539' title='bbox 1355 1899 1556 1929; x_wconf 86' lang='lat' dir='ltr'>continetur.</span> <span class='ocrx_word' id='word_1_540' title='bbox 1574 1899 1646 1929; x_wconf 90' lang='lat' dir='ltr'>Nos</span> <span class='ocrx_word' id='word_1_541' title='bbox 1664 1899 1790 1938; x_wconf 82' lang='lat' dir='ltr'>itaque,</span> <span class='ocrx_word' id='word_1_542' title='bbox 1810 1900 1879 1929; x_wconf 88' lang='lat' dir='ltr'>tuis</span> <span class='ocrx_word' id='word_1_543' title='bbox 1898 1901 2205 1939; x_wconf 84' lang='lat' dir='ltr'>supplicationibus</span> <span class='ocrx_word' id='word_1_544' title='bbox 2226 1905 2274 1934; x_wconf 92' lang='lat' dir='ltr'>in-</span> 
     </span>
     <span class='ocr_line' id='line_1_80' title="bbox 1262 1952 2273 1994; baseline 0.007 -13"><span class='ocrx_word' id='word_1_545' title='bbox 1262 1952 1389 1987; x_wconf 87' lang='lat' dir='ltr'>clinati,</span> <span class='ocrx_word' id='word_1_546' title='bbox 1419 1952 1508 1990; x_wconf 76' lang='lat' dir='ltr'>quod</span> <span class='ocrx_word' id='word_1_547' title='bbox 1535 1952 1575 1982; x_wconf 88' lang='lat' dir='ltr'>ab</span> <span class='ocrx_word' id='word_1_548' title='bbox 1605 1952 1722 1982; x_wconf 88' lang='lat' dir='ltr'>eodem</span> <span class='ocrx_word' id='word_1_549' title='bbox 1755 1952 1908 1983; x_wconf 85' lang='lat' dir='ltr'>auditore</span> <span class='ocrx_word' id='word_1_550' title='bbox 1933 1962 2034 1992; x_wconf 86' lang='lat' dir='ltr'>super</span> <span class='ocrx_word' id='word_1_551' title='bbox 2054 1955 2114 1986; x_wconf 85' lang='lat' dir='ltr'>hoc</span> <span class='ocrx_word' id='word_1_552' title='bbox 2132 1958 2273 1994; x_wconf 84' lang='lat' dir='ltr'>provide</span> 
     </span>
     <span class='ocr_line' id='line_1_81' title="bbox 1262 2005 2272 2044; baseline 0.007 -9"><span class='ocrx_word' id='word_1_553' title='bbox 1262 2006 1387 2036; x_wconf 83' lang='lat' dir='ltr'>factum</span> <span class='ocrx_word' id='word_1_554' title='bbox 1400 2007 1463 2040; x_wconf 81' lang='lat' dir='ltr'>est,</span> <span class='ocrx_word' id='word_1_555' title='bbox 1474 2007 1585 2035; x_wconf 89' lang='lat' dir='ltr'>ratum</span> <span class='ocrx_word' id='word_1_556' title='bbox 1597 2005 1760 2035; x_wconf 84' lang='lat' dir='ltr'>habentes</span> <span class='ocrx_word' id='word_1_557' title='bbox 1773 2007 1805 2036; x_wconf 87' lang='lat' dir='ltr'>et</span> <span class='ocrx_word' id='word_1_558' title='bbox 1818 2008 1963 2044; x_wconf 82' lang='lat' dir='ltr'>gratum,</span> <span class='ocrx_word' id='word_1_559' title='bbox 1976 2007 2060 2038; x_wconf 82' lang='lat' dir='ltr'>illud</span> <span class='ocrx_word' id='word_1_560' title='bbox 2075 2011 2272 2042; x_wconf 81' lang='lat' dir='ltr'>auctoritate</span> 
     </span>
     <span class='ocr_line' id='line_1_82' title="bbox 1262 2059 2273 2100; baseline 0.005 -11"><span class='ocrx_word' id='word_1_561' title='bbox 1262 2059 1447 2098; x_wconf 76' lang='lat' dir='ltr'>apostolica</span> <span class='ocrx_word' id='word_1_562' title='bbox 1463 2059 1704 2089; x_wconf 86' lang='lat' dir='ltr'>confirmamus</span> <span class='ocrx_word' id='word_1_563' title='bbox 1722 2062 1752 2088; x_wconf 83' lang='lat' dir='ltr'>et</span> <span class='ocrx_word' id='word_1_564' title='bbox 1769 2060 1938 2098; x_wconf 85' lang='lat' dir='ltr'>presentis</span> <span class='ocrx_word' id='word_1_565' title='bbox 1954 2061 2071 2099; x_wconf 88' lang='lat' dir='ltr'>scripti</span> <span class='ocrx_word' id='word_1_566' title='bbox 2086 2064 2273 2100; x_wconf 84' lang='lat' dir='ltr'>patrocinio</span> 
     </span>
     <span class='ocr_line' id='line_1_83' title="bbox 1261 2112 2273 2150; baseline 0.007 -9"><span class='ocrx_word' id='word_1_567' title='bbox 1261 2112 1524 2148; x_wconf 88' lang='lat' dir='ltr'>communimus,</span> <span class='ocrx_word' id='word_1_568' title='bbox 1542 2114 1693 2142; x_wconf 85' lang='lat' dir='ltr'>tenorem</span> <span class='ocrx_word' id='word_1_569' title='bbox 1721 2112 1831 2150; x_wconf 85' lang='lat' dir='ltr'>ipsius</span> <span class='ocrx_word' id='word_1_570' title='bbox 1858 2113 2077 2144; x_wconf 83' lang='lat' dir='ltr'>instrumenti</span> <span class='ocrx_word' id='word_1_571' title='bbox 2101 2116 2140 2146; x_wconf 90' lang='lat' dir='ltr'>de</span> <span class='ocrx_word' id='word_1_572' title='bbox 2172 2118 2273 2148; x_wconf 83' lang='lat' dir='ltr'>verbo</span> 
     </span>
     <span class='ocr_line' id='line_1_84' title="bbox 1262 2164 2271 2206; baseline 0.004 -11"><span class='ocrx_word' id='word_1_573' title='bbox 1262 2166 1301 2195; x_wconf 89' lang='lat' dir='ltr'>ad</span> <span class='ocrx_word' id='word_1_574' title='bbox 1320 2165 1461 2195; x_wconf 75' lang='lat' dir='ltr'>verbum</span> <span class='ocrx_word' id='word_1_575' title='bbox 1475 2164 1692 2203; x_wconf 82' lang='lat' dir='ltr'>presentibus</span> <span class='ocrx_word' id='word_1_576' title='bbox 1707 2165 1811 2195; x_wconf 78' lang='lat' dir='ltr'>inseri</span> <span class='ocrx_word' id='word_1_577' title='bbox 1830 2166 2002 2202; x_wconf 76' lang='lat' dir='ltr'>facientes,</span> <span class='ocrx_word' id='word_1_578' title='bbox 2022 2169 2078 2206; x_wconf 79' lang='lat' dir='ltr'>qui</span> <span class='ocrx_word' id='word_1_579' title='bbox 2098 2169 2176 2199; x_wconf 86' lang='lat' dir='ltr'>talis</span> <span class='ocrx_word' id='word_1_580' title='bbox 2198 2174 2247 2201; x_wconf 86' lang='lat' dir='ltr'>est</span> <span class='ocrx_word' id='word_1_581' title='bbox 2266 2180 2271 2199; x_wconf 81' lang='lat' dir='ltr'><em>z</em></span> 
     </span>
    </p>

    <p class='ocr_par' dir='ltr' id='par_1_13' title="bbox 1260 2218 2276 3002">
     <span class='ocr_line' id='line_1_85' title="bbox 1302 2218 2274 2261; baseline 0.009 -16"><span class='ocrx_word' id='word_1_582' title='bbox 1302 2232 1315 2245; x_wconf 55' lang='lat' dir='ltr'>a&lt;</span> <span class='ocrx_word' id='word_1_583' title='bbox 1335 2219 1371 2248; x_wconf 92' lang='lat' dir='ltr'>In</span> <span class='ocrx_word' id='word_1_584' title='bbox 1392 2219 1527 2248; x_wconf 89' lang='lat' dir='ltr'>nomine</span> <span class='ocrx_word' id='word_1_585' title='bbox 1543 2219 1681 2249; x_wconf 89' lang='lat' dir='ltr'>Domini</span> <span class='ocrx_word' id='word_1_586' title='bbox 1700 2227 1808 2249; x_wconf 77' lang='lat' dir='ltr'>amen.</span> <span class='ocrx_word' id='word_1_587' title='bbox 1827 2218 1911 2249; x_wconf 87' lang='lat' dir='ltr'>Cum</span> <span class='ocrx_word' id='word_1_588' title='bbox 1929 2221 2166 2251; x_wconf 78' lang='lat' dir='ltr'>sanctissimus</span> <span class='ocrx_word' id='word_1_589' title='bbox 2179 2226 2274 2261; x_wconf 87' lang='lat' dir='ltr'>pater</span> 
     </span>
     <span class='ocr_line' id='line_1_86' title="bbox 1261 2271 2274 2312; baseline 0.005 -11"><span class='ocrx_word' id='word_1_590' title='bbox 1261 2271 1418 2302; x_wconf 90' lang='lat' dir='ltr'>dominus</span> <span class='ocrx_word' id='word_1_591' title='bbox 1438 2271 1596 2302; x_wconf 88' lang='lat' dir='ltr'>Urbanus</span> <span class='ocrx_word' id='word_1_592' title='bbox 1612 2280 1698 2310; x_wconf 84' lang='lat' dir='ltr'>papa</span> <span class='ocrx_word' id='word_1_593' title='bbox 1715 2272 1791 2307; x_wconf 89' lang='lat' dir='ltr'>IIII,</span> <span class='ocrx_word' id='word_1_594' title='bbox 1810 2272 1995 2302; x_wconf 82' lang='lat' dir='ltr'>venerabili</span> <span class='ocrx_word' id='word_1_595' title='bbox 2019 2275 2131 2312; x_wconf 90' lang='lat' dir='ltr'>patri..</span> <span class='ocrx_word' id='word_1_596' title='bbox 2149 2276 2274 2307; x_wconf 86' lang='lat' dir='ltr'>archie-</span> 
     </span>
     <span class='ocr_line' id='line_1_87' title="bbox 1260 2325 2274 2364; baseline 0.006 -10"><span class='ocrx_word' id='word_1_597' title='bbox 1260 2326 1398 2364; x_wconf 83' lang='lat' dir='ltr'>piscopo</span> <span class='ocrx_word' id='word_1_598' title='bbox 1429 2325 1636 2361; x_wconf 84' lang='lat' dir='ltr'>Coloniensi,</span> <span class='ocrx_word' id='word_1_599' title='bbox 1654 2325 1878 2355; x_wconf 88' lang='lat' dir='ltr'>concessisset</span> <span class='ocrx_word' id='word_1_600' title='bbox 1897 2334 1957 2364; x_wconf 89' lang='lat' dir='ltr'>per</span> <span class='ocrx_word' id='word_1_601' title='bbox 1980 2335 2059 2357; x_wconf 87' lang='lat' dir='ltr'>suas</span> <span class='ocrx_word' id='word_1_602' title='bbox 2078 2328 2210 2359; x_wconf 86' lang='lat' dir='ltr'>litteras</span> <span class='ocrx_word' id='word_1_603' title='bbox 2231 2331 2274 2360; x_wconf 80' lang='lat' dir='ltr'>fa-</span> 
     </span>
     <span class='ocr_line' id='line_1_88' title="bbox 1261 2379 2274 2417; baseline 0.005 -8"><span class='ocrx_word' id='word_1_604' title='bbox 1261 2379 1419 2409; x_wconf 86' lang='lat' dir='ltr'>cultatem</span> <span class='ocrx_word' id='word_1_605' title='bbox 1443 2379 1643 2417; x_wconf 88' lang='lat' dir='ltr'>providendi</span> <span class='ocrx_word' id='word_1_606' title='bbox 1667 2387 1726 2416; x_wconf 92' lang='lat' dir='ltr'>per</span> <span class='ocrx_word' id='word_1_607' title='bbox 1752 2387 1787 2408; x_wconf 91' lang='lat' dir='ltr'>se</span> <span class='ocrx_word' id='word_1_608' title='bbox 1815 2379 1868 2408; x_wconf 88' lang='lat' dir='ltr'>vel</span> <span class='ocrx_word' id='word_1_609' title='bbox 1899 2388 1958 2417; x_wconf 88' lang='lat' dir='ltr'>per</span> <span class='ocrx_word' id='word_1_610' title='bbox 1978 2380 2083 2410; x_wconf 87' lang='lat' dir='ltr'>alium</span> <span class='ocrx_word' id='word_1_611' title='bbox 2105 2390 2165 2412; x_wconf 87' lang='lat' dir='ltr'>seu</span> <span class='ocrx_word' id='word_1_612' title='bbox 2188 2383 2274 2414; x_wconf 84' lang='lat' dir='ltr'>alios</span> 
     </span>
     <span class='ocr_line' id='line_1_89' title="bbox 1260 2432 2273 2471; baseline 0.004 -9"><span class='ocrx_word' id='word_1_613' title='bbox 1260 2432 1369 2462; x_wconf 84' lang='lat' dir='ltr'>tribus</span> <span class='ocrx_word' id='word_1_614' title='bbox 1388 2432 1521 2462; x_wconf 88' lang='lat' dir='ltr'>clericis</span> <span class='ocrx_word' id='word_1_615' title='bbox 1537 2432 1679 2471; x_wconf 69' lang='lat' dir='ltr'>ydoneis</span> <span class='ocrx_word' id='word_1_616' title='bbox 1696 2432 1736 2462; x_wconf 84' lang='lat' dir='ltr'>de</span> <span class='ocrx_word' id='word_1_617' title='bbox 1750 2432 1890 2462; x_wconf 87' lang='lat' dir='ltr'>totidem</span> <span class='ocrx_word' id='word_1_618' title='bbox 1907 2432 2081 2464; x_wconf 84' lang='lat' dir='ltr'>beneficiis</span> <span class='ocrx_word' id='word_1_619' title='bbox 2096 2435 2273 2466; x_wconf 86' lang='lat' dir='ltr'>ecclesias-</span> 
     </span>
     <span class='ocr_line' id='line_1_90' title="bbox 1260 2484 2275 2520; baseline 0.004 -4"><span class='ocrx_word' id='word_1_620' title='bbox 1260 2486 1349 2519; x_wconf 86' lang='lat' dir='ltr'>ticis,</span> <span class='ocrx_word' id='word_1_621' title='bbox 1370 2486 1498 2515; x_wconf 88' lang='lat' dir='ltr'>scilicet</span> <span class='ocrx_word' id='word_1_622' title='bbox 1529 2484 1668 2515; x_wconf 87' lang='lat' dir='ltr'>cuilibet</span> <span class='ocrx_word' id='word_1_623' title='bbox 1701 2494 1817 2515; x_wconf 87' lang='lat' dir='ltr'>eorum</span> <span class='ocrx_word' id='word_1_624' title='bbox 1848 2485 1888 2515; x_wconf 86' lang='lat' dir='ltr'>de</span> <span class='ocrx_word' id='word_1_625' title='bbox 1917 2486 2015 2516; x_wconf 91' lang='lat' dir='ltr'>unico</span> <span class='ocrx_word' id='word_1_626' title='bbox 2044 2486 2206 2519; x_wconf 87' lang='lat' dir='ltr'>beneficio</span> <span class='ocrx_word' id='word_1_627' title='bbox 2234 2490 2275 2520; x_wconf 87' lang='lat' dir='ltr'>ad</span> 
     </span>
     <span class='ocr_line' id='line_1_91' title="bbox 1261 2538 2275 2578; baseline 0.004 -9"><span class='ocrx_word' id='word_1_628' title='bbox 1261 2539 1502 2578; x_wconf 83' lang='lat' dir='ltr'>cujuscumque</span> <span class='ocrx_word' id='word_1_629' title='bbox 1511 2538 1725 2568; x_wconf 86' lang='lat' dir='ltr'>collationem</span> <span class='ocrx_word' id='word_1_630' title='bbox 1736 2547 1795 2568; x_wconf 80' lang='lat' dir='ltr'>seu</span> <span class='ocrx_word' id='word_1_631' title='bbox 1806 2540 2092 2576; x_wconf 82' lang='lat' dir='ltr'>presentationem</span> <span class='ocrx_word' id='word_1_632' title='bbox 2101 2542 2275 2573; x_wconf 86' lang='lat' dir='ltr'>ecclesias-</span> 
     </span>
     <span class='ocr_line' id='line_1_92' title="bbox 1260 2592 2276 2632; baseline 0.003 -9"><span class='ocrx_word' id='word_1_633' title='bbox 1260 2593 1325 2623; x_wconf 90' lang='lat' dir='ltr'>tice</span> <span class='ocrx_word' id='word_1_634' title='bbox 1349 2601 1492 2632; x_wconf 90' lang='lat' dir='ltr'>persone</span> <span class='ocrx_word' id='word_1_635' title='bbox 1520 2593 1703 2630; x_wconf 84' lang='lat' dir='ltr'>spectante,</span> <span class='ocrx_word' id='word_1_636' title='bbox 1723 2592 1827 2621; x_wconf 79' lang='lat' dir='ltr'>etiam</span> <span class='ocrx_word' id='word_1_637' title='bbox 1848 2592 1876 2621; x_wconf 91' lang='lat' dir='ltr'>si</span> <span class='ocrx_word' id='word_1_638' title='bbox 1896 2601 2010 2623; x_wconf 87' lang='lat' dir='ltr'>curam</span> <span class='ocrx_word' id='word_1_639' title='bbox 2026 2593 2188 2626; x_wconf 84' lang='lat' dir='ltr'>haberent</span> <span class='ocrx_word' id='word_1_640' title='bbox 2206 2597 2276 2626; x_wconf 85' lang='lat' dir='ltr'>ani-</span> 
     </span>
     <span class='ocr_line' id='line_1_93' title="bbox 1260 2645 2276 2680; baseline 0.002 -3"><span class='ocrx_word' id='word_1_641' title='bbox 1260 2655 1404 2680; x_wconf 88' lang='lat' dir='ltr'>marum,</span> <span class='ocrx_word' id='word_1_642' title='bbox 1423 2647 1455 2677; x_wconf 88' lang='lat' dir='ltr'>et</span> <span class='ocrx_word' id='word_1_643' title='bbox 1472 2647 1629 2676; x_wconf 83' lang='lat' dir='ltr'>vacarent</span> <span class='ocrx_word' id='word_1_644' title='bbox 1646 2647 1725 2675; x_wconf 85' lang='lat' dir='ltr'>tunc</span> <span class='ocrx_word' id='word_1_645' title='bbox 1742 2646 1775 2675; x_wconf 93' lang='lat' dir='ltr'>in</span> <span class='ocrx_word' id='word_1_646' title='bbox 1799 2645 1935 2676; x_wconf 86' lang='lat' dir='ltr'>civitate</span> <span class='ocrx_word' id='word_1_647' title='bbox 1957 2655 1993 2676; x_wconf 85' lang='lat' dir='ltr'>ac</span> <span class='ocrx_word' id='word_1_648' title='bbox 2010 2647 2136 2678; x_wconf 84' lang='lat' dir='ltr'>diocesi</span> <span class='ocrx_word' id='word_1_649' title='bbox 2153 2649 2276 2680; x_wconf 83' lang='lat' dir='ltr'>Treve-</span> 
     </span>
     <span class='ocr_line' id='line_1_94' title="bbox 1260 2698 2276 2738; baseline 0.002 -7"><span class='ocrx_word' id='word_1_650' title='bbox 1260 2700 1419 2731; x_wconf 85' lang='lat' dir='ltr'>rensihus</span> <span class='ocrx_word' id='word_1_651' title='bbox 1441 2699 1495 2730; x_wconf 88' lang='lat' dir='ltr'>vel</span> <span class='ocrx_word' id='word_1_652' title='bbox 1511 2707 1614 2738; x_wconf 78' lang='lat' dir='ltr'>quani</span> <span class='ocrx_word' id='word_1_653' title='bbox 1631 2699 1781 2737; x_wconf 83' lang='lat' dir='ltr'>primum</span> <span class='ocrx_word' id='word_1_654' title='bbox 1798 2698 1839 2728; x_wconf 89' lang='lat' dir='ltr'>ad</span> <span class='ocrx_word' id='word_1_655' title='bbox 1858 2698 1892 2729; x_wconf 91' lang='lat' dir='ltr'>id</span> <span class='ocrx_word' id='word_1_656' title='bbox 1910 2700 2043 2731; x_wconf 86' lang='lat' dir='ltr'>offerret</span> <span class='ocrx_word' id='word_1_657' title='bbox 2065 2710 2100 2732; x_wconf 88' lang='lat' dir='ltr'>se</span> <span class='ocrx_word' id='word_1_658' title='bbox 2119 2702 2276 2738; x_wconf 83' lang='lat' dir='ltr'>facultas,</span> 
     </span>
     <span class='ocr_line' id='line_1_95' title="bbox 1261 2752 2275 2790; baseline 0.002 -6"><span class='ocrx_word' id='word_1_659' title='bbox 1261 2755 1293 2784; x_wconf 87' lang='lat' dir='ltr'>et</span> <span class='ocrx_word' id='word_1_660' title='bbox 1312 2753 1494 2783; x_wconf 85' lang='lat' dir='ltr'>inducendi</span> <span class='ocrx_word' id='word_1_661' title='bbox 1512 2761 1570 2783; x_wconf 85' lang='lat' dir='ltr'>eos</span> <span class='ocrx_word' id='word_1_662' title='bbox 1583 2752 1636 2782; x_wconf 84' lang='lat' dir='ltr'>vel</span> <span class='ocrx_word' id='word_1_663' title='bbox 1655 2752 1891 2790; x_wconf 87' lang='lat' dir='ltr'>procuratores</span> <span class='ocrx_word' id='word_1_664' title='bbox 1909 2761 1989 2783; x_wconf 85' lang='lat' dir='ltr'>suos</span> <span class='ocrx_word' id='word_1_665' title='bbox 2006 2762 2122 2784; x_wconf 87' lang='lat' dir='ltr'>eorum</span> <span class='ocrx_word' id='word_1_666' title='bbox 2139 2757 2275 2786; x_wconf 91' lang='lat' dir='ltr'>nomine</span> 
     </span>
     <span class='ocr_line' id='line_1_96' title="bbox 1261 2804 2274 2845; baseline 0.001 -8"><span class='ocrx_word' id='word_1_667' title='bbox 1261 2808 1296 2837; x_wconf 91' lang='lat' dir='ltr'>in</span> <span class='ocrx_word' id='word_1_668' title='bbox 1309 2807 1447 2837; x_wconf 87' lang='lat' dir='ltr'>illorum</span> <span class='ocrx_word' id='word_1_669' title='bbox 1461 2805 1726 2845; x_wconf 88' lang='lat' dir='ltr'>possessionem,</span> <span class='ocrx_word' id='word_1_670' title='bbox 1739 2813 1776 2834; x_wconf 85' lang='lat' dir='ltr'>ac</span> <span class='ocrx_word' id='word_1_671' title='bbox 1790 2804 1991 2835; x_wconf 87' lang='lat' dir='ltr'>defendendi</span> <span class='ocrx_word' id='word_1_672' title='bbox 2008 2806 2162 2838; x_wconf 86' lang='lat' dir='ltr'>inductos</span> <span class='ocrx_word' id='word_1_673' title='bbox 2179 2810 2210 2838; x_wconf 87' lang='lat' dir='ltr'>et</span> <span class='ocrx_word' id='word_1_674' title='bbox 2228 2808 2274 2838; x_wconf 85' lang='lat' dir='ltr'>fa-</span> 
     </span>
     <span class='ocr_line' id='line_1_97' title="bbox 1262 2857 2275 2898; baseline 0 -7"><span class='ocrx_word' id='word_1_675' title='bbox 1262 2860 1373 2891; x_wconf 88' lang='lat' dir='ltr'>ciendi</span> <span class='ocrx_word' id='word_1_676' title='bbox 1403 2868 1461 2889; x_wconf 90' lang='lat' dir='ltr'>eos</span> <span class='ocrx_word' id='word_1_677' title='bbox 1489 2859 1523 2888; x_wconf 91' lang='lat' dir='ltr'>in</span> <span class='ocrx_word' id='word_1_678' title='bbox 1547 2858 1701 2888; x_wconf 88' lang='lat' dir='ltr'>ecclesiis</span> <span class='ocrx_word' id='word_1_679' title='bbox 1730 2857 1763 2887; x_wconf 90' lang='lat' dir='ltr'>in</span> <span class='ocrx_word' id='word_1_680' title='bbox 1781 2857 1906 2896; x_wconf 86' lang='lat' dir='ltr'>quibus</span> <span class='ocrx_word' id='word_1_681' title='bbox 1929 2858 2015 2897; x_wconf 88' lang='lat' dir='ltr'>ipsis</span> <span class='ocrx_word' id='word_1_682' title='bbox 2030 2861 2275 2898; x_wconf 88' lang='lat' dir='ltr'>providendum</span> 
     </span>
     <span class='ocr_line' id='line_1_98' title="bbox 1263 2910 2276 2953; baseline 0.001 -10"><span class='ocrx_word' id='word_1_683' title='bbox 1263 2914 1411 2947; x_wconf 80' lang='lat' dir='ltr'>duceret,</span> <span class='ocrx_word' id='word_1_684' title='bbox 1423 2912 1453 2942; x_wconf 88' lang='lat' dir='ltr'>si</span> <span class='ocrx_word' id='word_1_685' title='bbox 1463 2911 1638 2950; x_wconf 85' lang='lat' dir='ltr'>collegiate</span> <span class='ocrx_word' id='word_1_686' title='bbox 1650 2911 1774 2945; x_wconf 86' lang='lat' dir='ltr'>essent,</span> <span class='ocrx_word' id='word_1_687' title='bbox 1786 2910 1939 2949; x_wconf 85' lang='lat' dir='ltr'>singulos</span> <span class='ocrx_word' id='word_1_688' title='bbox 1950 2912 2106 2943; x_wconf 83' lang='lat' dir='ltr'>videlicet</span> <span class='ocrx_word' id='word_1_689' title='bbox 2117 2913 2150 2943; x_wconf 88' lang='lat' dir='ltr'>in</span> <span class='ocrx_word' id='word_1_690' title='bbox 2162 2913 2276 2953; x_wconf 84' lang='lat' dir='ltr'>singu-</span> 
     </span>
     <span class='ocr_line' id='line_1_99' title="bbox 1263 2964 2276 3002; baseline -0.001 -5"><span class='ocrx_word' id='word_1_691' title='bbox 1263 2967 1308 2997; x_wconf 90' lang='lat' dir='ltr'>lis</span> <span class='ocrx_word' id='word_1_692' title='bbox 1328 2967 1518 3001; x_wconf 82' lang='lat' dir='ltr'>dumtaxat,</span> <span class='ocrx_word' id='word_1_693' title='bbox 1531 2965 1565 2994; x_wconf 89' lang='lat' dir='ltr'>in</span> <span class='ocrx_word' id='word_1_694' title='bbox 1583 2964 1762 2994; x_wconf 87' lang='lat' dir='ltr'>canonicos</span> <span class='ocrx_word' id='word_1_695' title='bbox 1780 2964 1886 3002; x_wconf 89' lang='lat' dir='ltr'>recipi</span> <span class='ocrx_word' id='word_1_696' title='bbox 1903 2966 1933 2994; x_wconf 91' lang='lat' dir='ltr'>et</span> <span class='ocrx_word' id='word_1_697' title='bbox 1951 2965 1985 2994; x_wconf 90' lang='lat' dir='ltr'>in</span> <span class='ocrx_word' id='word_1_698' title='bbox 2004 2965 2184 3000; x_wconf 81' lang='lat' dir='ltr'>fratres,ac</span> <span class='ocrx_word' id='word_1_699' title='bbox 2200 2975 2276 2997; x_wconf 86' lang='lat' dir='ltr'>con-</span> 
     </span>
    </p>
   </div>
  </div>
 </body>
</html>
