2519 3262
1028 193 1267 232 TROISIEME
1294 194 1458 231 ANNEE.

203 287 331 314 Parisius
347 287 514 314 cathedram
534 287 561 314 in
584 287 695 314 artibus
714 287 818 313 meruit
838 287 992 313 ascendere
1015 285 1215 319 magistralem

202 339 231 363 et
255 337 303 363 diu
320 337 429 363 studuit
455 336 484 363 in
504 338 624 371 utroque
642 336 718 371 jure,
744 336 772 362 in
794 336 913 362 ecclesia
937 344 960 362 s.
982 334 1138 361 Salvatoris
1155 333 1216 359 Ble-

202 385 305 417 sensis,
322 386 508 412 Carnotensis
530 385 665 417 diocesis,
682 385 711 412 in
730 385 912 415 canonicum,
930 384 981 409 sub
1001 382 1215 417 exspectatione

202 435 391 469 praebendae,
409 434 497 468 recipi
514 434 612 461 faciat.
630 434 710 468 (Rea.
728 434 772 465 29,
789 433 837 460 sol.
858 433 911 460 210
926 438 965 462 v0,
981 436 1012 458 ιιο
1032 431 1123 465 1072.)

242 550 259 569 «
281 539 387 569 Priori
405 551 428 570 s.
448 539 572 569 Νίσοῐαί
588 539 624 569 de
644 540 742 570 Carro
761 548 853 578 super
870 538 989 573 Lidwm,
1011 538 1215 568 Cenomanen-

202 594 242 623 sis
264 593 401 623 diocesis.
428 594 611 633 Cupientes
631 595 638 613 ¹
657 592 885 623 benemeritos
913 591 1063 621 invenire
1084 609 1131 621 —.
1151 591 1215 621 Da—

201 647 275 677 tum
292 647 381 685 apud
398 646 688 682 Urbemveterem,
708 655 743 675 111
768 645 931 675 kalendas
956 645 1102 684 augusti,
1129 653 1215 674 anno

201 701 315 731 tertio.
334 710 348 729 ))

294 857 390 888 2023
779 853 904 885 Orvicto,
921 853 936 879 4
948 852 1044 888 juillet
1062 853 1140 880 1264.

237 940 397 967 Raimundo
408 939 557 971 Ademari,
574 939 715 966 canonico
727 938 908 971 Caturcensi,
929 939 1047 965 mandat
1064 940 1095 964 ut
1108 937 1213 964 Arnal-

201 990 269 1015 dum
295 988 439 1016 Guillelmi
463 988 602 1015 clericum
623 988 652 1015 in
679 987 802 1014 ecclesia
828 996 852 1014 s.
881 987 1035 1014 Frontonis
1052 986 1216 1021 Petragori-

200 1037 294 1065 censis
327 1038 356 1064 in
384 1038 555 1065 canonicum
590 1037 679 1071 recipi
713 1036 810 1064 faciat.
845 1037 923 1069 (Bm.
948 1037 994 1070 29,
1021 1036 1070 1063 fol.
1099 1036 1151 1064 210
1175 1041 1213 1068 ν’,

202 1092 233 1113 n⁰
249 1087 339 1121 1073.)

240 1204 255 1223 «
276 1193 450 1224 Baimzmdo
468 1193 626 1230 Ademari,
655 1193 800 1223 canonico
826 1193 1018 1223 Calurcensi.
1046 1192 1215 1232 Exposuit

200 1247 298 1278 nobis
323 1247 468 1277 dilectus
490 1265 539 1277 —.
568 1247 694 1278 Datum
719 1247 808 1285 apud
839 1246 1130 1281 Urbemveterem,
1162 1255 1213 1275 1111

199 1309 306 1331 nonas
321 1301 411 1340 julii,
432 1309 519 1331 anno
536 1301 648 1331 tertio.
668 1310 682 1329 »

290 1455 387 1486 2024

783 1454 908 1487 Orvieto,
932 1454 963 1480 10
980 1456 1047 1480 nont
1066 1454 1141 1481 1204.

234 1539 356 1566 Osficiali
375 1539 531 1566 Parisiensi
546 1540 663 1566 mandat
679 1541 709 1566 ut
723 1539 848 1565 (luerino
863 1539 978 1567 clerico.
1001 1542 1068 1566 nato
1087 1539 1214 1566 Thomae

198 1589 266 1615 dicti
285 1588 407 1620 Comitis,
428 1589 499 1616 civis
516 1588 678 1618 Remensis,
703 1588 904 1615 canonicatum
928 1592 956 1615 et
972 1589 1167 1623 praehendam
1185 1589 1213 1616 in

198 1637 319 1664 ecclesia
350 1647 372 1664 s.
390 1637 533 1665 Timothei
561 1638 725 1671 Remensis,
746 1640 881 1664 vacantes
910 1646 959 1671 per
986 1638 1213 1672 resignationem

197 1686 336 1714 Johannis
354 1686 423 1713 dicti
442 1687 568 1719 Gemens,
583 1686 715 1713 canonici
736 1687 898 1717 Remensis,
914 1686 1053 1721 assignet.
1072 1687 1149 1719 (Rea.
1168 1688 1211 1718 29,

199 1735 248 1762 fol.
267 1736 319 1763 210
337 1740 376 1767 v0,
395 1741 426 1762 n0
443 1735 535 1770 1074.)

239 1851 255 1870 «
276 1839 412 1880 Officiali
422 1840 602 1869 parisiensi.
614 1840 710 1876 Cum,
724 1840 809 1870 sicut
821 1840 1014 1878 accepimus
1027 1857 1074 1869 —.
1087 1840 1214 1870 Datum

198 1894 288 1933 apud
304 1893 595 1930 Urbemveterem,
614 1902 685 1923 xvu
708 1893 872 1923 kalendas
889 1893 1106 1932 septembris,
1126 1902 1213 1924 anno

197 1947 310 1977 tertio.
334 1957 348 1976 ι)

287 2105 384 2136 2025
796 2103 920 2134 Orvieto,
939 2104 955 2129 5
975 2104 1039 2130 aout
1061 2103 1138 2129 1264.

233 2189 442 2216 Archidiacono
468 2189 502 2216 de
531 2189 676 2219 Saladina,
704 2188 814 2215 cantori
842 2188 1025 2223 Legionensi‚
1044 2189 1163 2215 mandat
1182 2191 1213 2216 ut

196 2238 313 2265 Petrum
342 2237 430 2270 Petri,
462 2237 599 2264 clericum
623 2237 702 2265 chori
731 2237 870 2264 ecclesiae
901 2237 1162 2271 Compostellanae,
1184 2237 1213 2264 in

196 2287 296 2313 eadem
315 2286 437 2313 ecclesia
459 2287 486 2313 in
501 2286 673 2314 canonicum
690 2286 777 2320 recipi
801 2285 889 2313 faciat
900 2285 982 2320 eique
1000 2286 1033 2313 de
1049 2286 1212 2320 praebenda

196 2336 355 2370 provideat.
375 2336 455 2367 (Rae.
470 2336 515 2369 29,
532 2335 579 2362 fol.
597 2336 649 2363 210
662 2341 700 2368 v0,
720 2341 749 2361 n⁰
766 2335 857 2367 1075.)

238 2453 255 2473 «
272 2442 497 2472 Archidiaeono
514 2442 550 2472 de
564 2442 729 2479 Saladimi,
744 2443 863 2472 cantori
876 2443 1064 2482 Leyioriensi.
1079 2443 1211 2473 Inducl-

199 2504 275 2526 mur
298 2495 530 2526 laudabilibus
553 2496 686 2526 meritis
704 2515 754 2525 —.
773 2497 899 2526 Datum
921 2496 1008 2534 apud
1028 2495 1212 2526 Urbemve—

198 2549 318 2585 terem,
334 2549 432 2579 nonis
449 2549 596 2588 augusti,
622 2558 709 2580 anno
726 2549 840 2580 tertio.
859 2559 873 2578 ))

292 2706 390 2737 2026
755 2705 879 2735 Orvielo,
897 2706 937 2732 1²²
948 2705 1044 2740 juillet
1061 2706 1137 2732 1204.

233 2790 362 2823 Girardo,
385 2790 493 2816 decano
509 2788 647 2815 ecclesiae
665 2798 687 2815 s.
705 2789 810 2816 Mariae
829 2790 856 2816 iu
878 2789 955 2817 Valle
977 2790 1104 2821 l'ruvini,
1129 2791 1212 2817 Seno-

232 2900 252 2923 1.
268 2899 305 2923 Le
324 2898 484 2922 manuscrit
501 2899 580 2928 porte
597 2904 649 2928 par
668 2904 768 2922 erreur
789 2898 934 2929 Sapientes.

2225 206 2283 234 325

1274 285 1371 311 nensis
1388 285 1521 313 diocesisv
1545 286 1663 313 obtentu
1679 294 1796 320 precum
1819 286 1935 320 reginae
1958 288 2113 314 Navali-rue.
2136 290 2282 315 eanonica-

1273 335 1334 359 tum
1353 342 1385 360 ac
1407 334 1600 367 praehendam
1620 335 1647 360 in
1663 334 1783 361 ecclesia
1804 335 1987 362 Noviomeusi
2002 336 2124 362 coul'vrt.
2143 337 2222 364 (nac.
2238 340 2281 363 20ί

1275 382 1401 412 101211,
1419 388 1448 408 n0
1466 383 1555 413 1070.)

1313 503 1327 521 (ι
1347 492 1492 529 Girardo,
1524 493 1636 523 decano
1664 493 1784 523 ecclesie
1799 505 1821 524 s.
1852 495 1950 524 Mario
1973 496 2005 524 in
2040 495 2283 531 Valle-Priami,

1274 545 1456 575 Senonensis
1478 546 1616 576 diocesis.
1635 548 1685 577 Ex
1701 549 1816 578 tenore
1838 550 1892 579 tue
1908 566 1957 579 -.
1976 550 2099 579 Datum
2121 551 2208 589 apud
2227 551 2286 581 Ur-

1274 599 1513 635 bemveterem,
1532 600 1687 630 kalendis
1705 601 1795 639 julii,
1815 610 1902 631 anno
1918 602 2029 632 tertio.
2050 613 2064 631 »

1362 767 1459 798 2027
1874 767 1998 797 Orvieto‚
2019 768 2034 795 8
2049 769 2116 794 aout
2134 767 2211 793 1201.

1308 850 1447 884 Episcopo
1473 850 1643 877 Nivernensi
1670 850 1801 885 indulget
1821 853 1851 877 ut
1880 851 2071 885 Reginaldum
2097 852 2131 877 de
2162 851 2285 883 Mareiis,

1272 899 1409 926 clericum
1426 899 1515 934 ipsius
1536 899 1794 934 consanguineum,
1815 900 1843 926 in
1868 900 2037 927 Nivernensi
2056 901 2177 927 ecclesia
2194 901 2222 927 in
2241 909 2285 927 ca-

1272 948 1408 975 nonicum
1425 948 1512 983 recipi
1536 948 1622 975 faciat
1637 948 1719 983 eique
1735 950 1768 975 de
1785 949 1949 983 praebenda
1963 949 2122 984 provideat.
2146 950 2223 980 (lma.
2239 950 2285 983 29,

1272 997 1321 1024 fol.
1338 997 1399 1028 211,
1418 1002 1447 1023 no
1462 997 1554 1032 1077.)

1313 1116 1327 1135 «
1346 1106 1504 1146 Episcopo
1525 1106 1720 1136 svium-nemsi.
1746 1107 1946 1138 Devotionis
1968 1109 2024 1138 tue
2049 1107 2206 1146 precibus
2234 1125 2283 1136 —.

1272 1160 1397 1190 Datum
1431 1160 1520 1199 apud
1552 1160 1842 1196 Urbemveterem,
1866 1170 1898 1190 vi
1923 1160 1999 1190 idus
2021 1161 2168 1200 augusti,
2200 1168 2286 1190 anno

1272 1213 1384 1244 tertio.
1401 1224 1415 1243 ›)

1860 1382 1986 1412 Orvieto,
2007 1383 2040 1408 27
2052 1381 2115 1416 juin
2137 1381 2212 1408 1201.

1362 1384 1459 1415 2028

1308 1467 1409 1494 Abbati
1426 1468 1460 1494 de
1471 1468 1570 1501 Bema,
1581 1467 1789 1493 Xanctonensis
1804 1466 2066 1498 diocesis,mandat
2081 1469 2109 1492 ut
2127 1466 2284 1492 Gerardum

1272 1518 1306 1544 de
1334 1525 1358 1543 s.
1380 1516 1523 1550 Martiale,
1550 1524 1705 1550 pauperem
1729 1515 1865 1542 clericum
1885 1515 2129 1550 Petragoricensis
2151 1514 2284 1544 diocesis,

1273 1567 1300 1593 in
1325 1566 1447 1593 ecclesia
1468 1565 1663 1592 Albaterrensi
1687 1565 1714 1591 in
1736 1564 1907 1591 canonicum
1930 1564 2018 1598 recipi
2044 1564 2130 1590 saciat
2151 1564 2230 1597 eique
2251 1564 2285 1589 de

1272 1615 1435 1650 praebenda
1456 1614 1615 1649 provideat.
1635 1615 1715 1648 (Rau.
1739 1613 1848 1645 29,s01.
1867 1613 1918 1640 211
1939 1617 1972 1639 ικ>
1988 1613 2080 1643 1078.)

1312 1736 1328 1755 ((
1352 1725 1374 1754 Α
1384 1724 1465 1753 bbatz'
1489 1723 1525 1753 de
1550 1725 1654 1759 Bema,
1673 1723 1896 1762 ,sYanctuonensz's
1915 1723 2052 1753 diocesis.
2071 1722 2285 1753 Constitutus

1272 1778 1306 1808 in
1324 1778 1495 1817 presentia
1512 1796 1562 1807 —.
1581 1778 1705 1807 Datum
1720 1777 1808 1816 apud
1825 1776 2115 1812 Urbemveterem,
2134 1785 2153 1805 v
2170 1775 2285 1805 kalen-

1272 1832 1332 1862 das
1344 1831 1434 1871 julii,
1452 1839 1539 1861 anno
1550 1831 1662 1862 tertio.
1684 1840 1701 1859 »

1362 1999 1459 2030 2029
1860 1997 1984 2028 Orvieto,
2004 1998 2038 2025 28
2052 1997 2114 2032 juin
2135 1997 2212 2024 1261.

1307 2082 1396 2110 Priori
1417 2084 1452 2109 de
1471 2083 1605 2114 Wavera,
1624 2082 1733 2109 ordinis
1752 2091 1773 2109 s.
1795 2083 1954 2114 Benedicti,
1969 2082 2135 2108 Leodiensis
2149 2082 2283 2114 diocesis,

1270 2133 1390 2159 mandat
1419 2135 1461 2162 ut,
1492 2140 1509 2158 a
1539 2131 1668 2158 Waltero
1688 2132 1721 2157 de
1750 2131 1935 2166 Winegheui,
1973 2132 2113 2157 canonico
2147 2131 2285 2158 ecclesiae

1270 2181 1510 2215 Antwerpiensis,
1526 2181 1745 2207 Cameracensis
1760 2181 1896 2214 diocesis,
1914 2183 2019 2214 nepote
2038 2180 2172 2214 magistri
2193 2180 2284 2215 Egidii

1270 2231 1304 2257 de
1323 2230 1507 2265 Wineghem,
1531 2229 1676 2264 capellani
1700 2229 1862 2264 apostolici,
1891 2229 2022 2256 canonici
2048 2229 2224 2262 Leodieusis,
2242 2238 2285 2256 sa-

1271 2279 1425 2306 cerdotalis·
1446 2279 1636 2313 praebendae,
1659 2280 1776 2312 propter
1791 2277 1894 2304 aetatis
1912 2277 2070 2309 defectum,
2089 2277 2285 2311 resignatione

1271 2330 1398 2362 recepta,
1424 2328 1557 2354 eamdem
1580 2327 1775 2361 praebendam
1800 2327 1909 2353 Renero
1933 2327 1968 2352 de
1993 2326 2080 2352 Malre
2106 2326 2284 2360 presbytero,

1271 2377 1486 2412 consanguineo
1515 2379 1543 2404 et
1560 2376 1636 2403 socio
1657 2375 1797 2410 capellani
1821 2375 1971 2409 praedicti,
1989 2375 2130 2409 assignet,
2146 2377 2172 2401 et
2187 2374 2282 2401 eidem

1271 2427 1400 2453 Waltero
1419 2427 1452 2453 de
1477 2425 1534 2452 alia
1552 2425 1715 2460 praebenda
1738 2433 1794 2451 non
1816 2424 1988 2450 sacerdotali
2010 2431 2120 2450 necnon
2139 2426 2165 2449 et
2184 2424 2216 2449 dc
2236 2432 2286 2449 an-

1271 2484 1326 2503 nua
1355 2476 1490 2511 pensione
1516 2475 1675 2510 provideat,
1690 2475 1781 2501 donec
1806 2474 1985 2508 praebendae
2015 2482 2071 2499 non
2096 2473 2285 2499 sacerdotalis

1271 2526 1380 2553 fructus
1397 2524 1566 2560 perceperit.
1584 2525 1664 2558 (Rae.
1685 2524 1729 2554 20,
1747 2523 1794 2550 l'ol.
1814 2523 1864 2550 211
1883 2527 1923 2551 v0.
1945 2528 1975 2549 n⁰
1996 2522 2087 2556 1079.)

1310 2635 1453 2666 «Priori
1477 2633 1513 2664 de
1542 2633 1681 2666 Wavera,
1714 2631 1831 2661 ordinis
1860 2642 1883 2661 s.
1910 2630 2082 2666 Benedicti,
2112 2630 2286 2660 Leodiensis

1270 2688 1407 2719 diocesis.
1434 2687 1587 2718 Dilectus
1611 2686 1702 2716 tilius
1724 2685 1901 2715 XValterus
1917 2703 1954 2707 —
1970 2685 2095 2715 Datum
2117 2684 2205 2723 apud
2224 2684 2285 2714 Ur-

1270 2742 1510 2777 bemveterem,
1528 2750 1576 2770 1111
1590 2740 1754 2770 kalendas
1768 2739 1857 2779 julii,
1873 2746 1959 2769 anno
1974 2738 2086 2769 tertio.
2110 2748 2123 2766 n
