<?xml version="1.0" encoding="UTF-8"?>
<!DOCTYPE html PUBLIC "-//W3C//DTD XHTML 1.0 Transitional//EN"
    "http://www.w3.org/TR/xhtml1/DTD/xhtml1-transitional.dtd">
<html xmlns="http://www.w3.org/1999/xhtml" xml:lang="en" lang="en">
 <head>
  <title>
</title>
<meta http-equiv="Content-Type" content="text/html;charset=utf-8" />
  <meta name='ocr-system' content='tesseract 3.04.00' />
  <meta name='ocr-capabilities' content='ocr_page ocr_carea ocr_par ocr_line ocrx_word'/>
</head>
<body>
  <div class='ocr_page' id='page_1' title='image "./lesregistresdurb34cath/lesregistresdurb34cath_0370.png"; bbox 0 0 2519 3262; ppageno 0'>
   <div class='ocr_carea' id='block_1_1' title="bbox 233 195 1171 309">
    <p class='ocr_par' dir='ltr' id='par_1_1' title="bbox 233 195 1171 309">
     <span class='ocr_line' id='line_1_1' title="bbox 233 195 292 224; baseline 0 0"><span class='ocrx_word' id='word_1_1' title='bbox 233 195 292 224; x_wconf 76' lang='lat'><strong>328</strong></span> 
     </span>
     <span class='ocr_line' id='line_1_2' title="bbox 323 274 1171 309; baseline -0.012 1"><span class='ocrx_word' id='word_1_2' title='bbox 323 278 419 309; x_wconf 79' lang='lat'>2038</span> <span class='ocrx_word' id='word_1_3' title='bbox 811 274 937 307; x_wconf 74' lang='lat' dir='ltr'><strong>orvieto,</strong></span> <span class='ocrx_word' id='word_1_4' title='bbox 957 274 990 301; x_wconf 80' lang='lat'><strong>12</strong></span> <span class='ocrx_word' id='word_1_5' title='bbox 1009 276 1076 301; x_wconf 73' lang='lat' dir='ltr'><strong>aont</strong></span> <span class='ocrx_word' id='word_1_6' title='bbox 1093 274 1171 301; x_wconf 71' lang='lat'>1264.</span> 
     </span>
    </p>
   </div>
   <div class='ocr_carea' id='block_1_2' title="bbox 232 358 1244 443">
    <p class='ocr_par' dir='ltr' id='par_1_2' title="bbox 232 358 1244 443">
     <span class='ocr_line' id='line_1_3' title="bbox 268 358 1244 390; baseline -0.002 -3"><span class='ocrx_word' id='word_1_7' title='bbox 268 361 371 388; x_wconf 82' lang='lat' dir='ltr'><strong>Abbati</strong></span> <span class='ocrx_word' id='word_1_8' title='bbox 396 361 428 387; x_wconf 87' lang='lat' dir='ltr'><strong>de</strong></span> <span class='ocrx_word' id='word_1_9' title='bbox 459 360 567 390; x_wconf 50' lang='lat' dir='ltr'><strong>liiskes,</strong></span> <span class='ocrx_word' id='word_1_10' title='bbox 595 358 891 386; x_wconf 73' lang='lat' dir='ltr'><strong>l‘raemonstratensis</strong></span> <span class='ocrx_word' id='word_1_11' title='bbox 921 358 1041 390; x_wconf 83' lang='lat' dir='ltr'><strong>ordinis,</strong></span> <span class='ocrx_word' id='word_1_12' title='bbox 1074 358 1244 385; x_wconf 77' lang='lat' dir='ltr'><strong>Morinensis</strong></span> 
     </span>
     <span class='ocr_line' id='line_1_4' title="bbox 232 407 1244 443; baseline -0.002 -6"><span class='ocrx_word' id='word_1_13' title='bbox 232 411 366 443; x_wconf 87' lang='lat' dir='ltr'><strong>diocesis,</strong></span> <span class='ocrx_word' id='word_1_14' title='bbox 383 410 502 436; x_wconf 81' lang='lat' dir='ltr'><strong>mandat</strong></span> <span class='ocrx_word' id='word_1_15' title='bbox 521 408 669 443; x_wconf 77' lang='lat' dir='ltr'><strong>provideat</strong></span> <span class='ocrx_word' id='word_1_16' title='bbox 686 407 816 435; x_wconf 79' lang='lat' dir='ltr'><strong>ecclesiis</strong></span> <span class='ocrx_word' id='word_1_17' title='bbox 834 407 1001 434; x_wconf 81' lang='lat' dir='ltr'><strong>vacantibus</strong></span> <span class='ocrx_word' id='word_1_18' title='bbox 1021 408 1143 434; x_wconf 85' lang='lat' dir='ltr'><strong>diocesis</strong></span> <span class='ocrx_word' id='word_1_19' title='bbox 1162 408 1244 435; x_wconf 80' lang='lat' dir='ltr'><strong>Mori-</strong></span> 
     </span>
    </p>
   </div>
   <div class='ocr_carea' id='block_1_3' title="bbox 1274 293 1276 331">
    <p class='ocr_par' dir='ltr' id='par_1_3' title="bbox 1274 293 1276 331">
     <span class='ocr_line' id='line_1_5' title="bbox 1274 293 1276 331; baseline 0 0"><span class='ocrx_word' id='word_1_20' title='bbox 1274 293 1276 331; x_wconf 74' lang='lat'>1</span> 
     </span>
    </p>
   </div>
   <div class='ocr_carea' id='block_1_4' title="bbox 982 189 1557 221">
    <p class='ocr_par' dir='ltr' id='par_1_4' title="bbox 982 189 1557 221">
     <span class='ocr_line' id='line_1_6' title="bbox 982 189 1557 221; baseline -0.003 -1"><span class='ocrx_word' id='word_1_21' title='bbox 982 189 1228 221; x_wconf 80' lang='lat' dir='ltr'>REGISTRES</span> <span class='ocrx_word' id='word_1_22' title='bbox 1255 189 1470 220; x_wconf 83' lang='lat' dir='ltr'>D&#39;URBAIN</span> <span class='ocrx_word' id='word_1_23' title='bbox 1497 189 1557 219; x_wconf 85' lang='lat' dir='ltr'><strong>IV.</strong></span> 
     </span>
    </p>
   </div>
   <div class='ocr_carea' id='block_1_5' title="bbox 1274 272 2314 309">
    <p class='ocr_par' dir='ltr' id='par_1_5' title="bbox 1274 272 2314 309">
     <span class='ocr_line' id='line_1_7' title="bbox 1274 272 2314 309; baseline 0.004 -10"><span class='ocrx_word' id='word_1_24' title='bbox 1274 280 1277 285; x_wconf 78' lang='grc'>’</span> <span class='ocrx_word' id='word_1_25' title='bbox 1302 273 1440 300; x_wconf 79' lang='lat' dir='ltr'><strong>eeclesiae</strong></span> <span class='ocrx_word' id='word_1_26' title='bbox 1465 272 1640 301; x_wconf 83' lang='lat' dir='ltr'><strong>Tholctanae</strong></span> <span class='ocrx_word' id='word_1_27' title='bbox 1656 273 1785 308; x_wconf 85' lang='lat' dir='ltr'><strong>capituli,</strong></span> <span class='ocrx_word' id='word_1_28' title='bbox 1801 275 1920 301; x_wconf 82' lang='lat' dir='ltr'><strong>mandat</strong></span> <span class='ocrx_word' id='word_1_29' title='bbox 1938 278 1968 301; x_wconf 86' lang='lat' dir='ltr'><strong>ut</strong></span> <span class='ocrx_word' id='word_1_30' title='bbox 1983 275 2124 309; x_wconf 81' lang='lat' dir='ltr'><strong>magistro</strong></span> <span class='ocrx_word' id='word_1_31' title='bbox 2139 276 2314 308; x_wconf 82' lang='lat' dir='ltr'><strong>Hermando,</strong></span> 
     </span>
    </p>
   </div>
   <div class='ocr_carea' id='block_1_6' title="bbox 1274 322 2313 358">
    <p class='ocr_par' dir='ltr' id='par_1_6' title="bbox 1274 322 2313 358">
     <span class='ocr_line' id='line_1_8' title="bbox 1274 322 2313 358; baseline 0.004 -10"><span class='ocrx_word' id='word_1_32' title='bbox 1274 334 1275 338; x_wconf 65' lang='lat'><em>=</em></span> <span class='ocrx_word' id='word_1_33' title='bbox 1302 322 1460 349; x_wconf 88' lang='lat' dir='ltr'><strong>Tholetano</strong></span> <span class='ocrx_word' id='word_1_34' title='bbox 1477 322 1625 353; x_wconf 80' lang='lat' dir='ltr'><strong>canonico,</strong></span> <span class='ocrx_word' id='word_1_35' title='bbox 1645 323 1678 349; x_wconf 92' lang='lat' dir='ltr'><strong>de</strong></span> <span class='ocrx_word' id='word_1_36' title='bbox 1697 322 1914 357; x_wconf 79' lang='lat' dir='ltr'><strong>praestimoniis</strong></span> <span class='ocrx_word' id='word_1_37' title='bbox 1930 323 2090 358; x_wconf 74' lang='lat' dir='ltr'><strong>provideat.</strong></span> <span class='ocrx_word' id='word_1_38' title='bbox 2103 324 2180 357; x_wconf 68' lang='lat' dir='ltr'><strong>(Bac.</strong></span> <span class='ocrx_word' id='word_1_39' title='bbox 2199 325 2244 358; x_wconf 77' lang='lat'><strong>29,</strong></span> <span class='ocrx_word' id='word_1_40' title='bbox 2263 324 2313 352; x_wconf 78' lang='lat' dir='ltr'><strong>fol.</strong></span> 
     </span>
    </p>
   </div>
   <div class='ocr_carea' id='block_1_7' title="bbox 232 456 1276 491">
    <p class='ocr_par' dir='ltr' id='par_1_7' title="bbox 232 456 1276 491">
     <span class='ocr_line' id='line_1_9' title="bbox 232 456 1276 491; baseline -0.003 -5"><span class='ocrx_word' id='word_1_41' title='bbox 232 459 340 491; x_wconf 80' lang='lat' dir='ltr'><strong>nensis,</strong></span> <span class='ocrx_word' id='word_1_42' title='bbox 357 460 392 485; x_wconf 80' lang='lat' dir='ltr'><strong>ad</strong></span> <span class='ocrx_word' id='word_1_43' title='bbox 409 458 594 486; x_wconf 80' lang='lat' dir='ltr'><strong>collationem</strong></span> <span class='ocrx_word' id='word_1_44' title='bbox 611 456 738 491; x_wconf 77' lang='lat' dir='ltr'><strong>episcopi</strong></span> <span class='ocrx_word' id='word_1_45' title='bbox 753 456 962 491; x_wconf 73' lang='lat' dir='ltr'><strong>spectantibus,</strong></span> <span class='ocrx_word' id='word_1_46' title='bbox 983 457 1049 483; x_wconf 86' lang='lat' dir='ltr'><strong>sede</strong></span> <span class='ocrx_word' id='word_1_47' title='bbox 1066 460 1196 489; x_wconf 79' lang='lat' dir='ltr'><strong>vacante,</strong></span> <span class='ocrx_word' id='word_1_48' title='bbox 1210 458 1243 484; x_wconf 87' lang='grc'><strong>110</strong></span> <span class='ocrx_word' id='word_1_49' title='bbox 1275 474 1276 489; x_wconf 62' lang='grc'>;</span> 
     </span>
    </p>
   </div>
   <div class='ocr_carea' id='block_1_8' title="bbox 233 505 1007 542">
    <p class='ocr_par' dir='ltr' id='par_1_8' title="bbox 233 505 1007 542">
     <span class='ocr_line' id='line_1_10' title="bbox 233 505 1007 542; baseline -0.003 -8"><span class='ocrx_word' id='word_1_50' title='bbox 233 507 362 542; x_wconf 84' lang='lat' dir='ltr'><strong>personis</strong></span> <span class='ocrx_word' id='word_1_51' title='bbox 381 507 501 534; x_wconf 77' lang='lat' dir='ltr'><strong>idoneis.</strong></span> <span class='ocrx_word' id='word_1_52' title='bbox 520 507 598 537; x_wconf 65' lang='grc'><strong>111130.</strong></span> <span class='ocrx_word' id='word_1_53' title='bbox 618 507 662 537; x_wconf 72' lang='grc'><strong>29,</strong></span> <span class='ocrx_word' id='word_1_54' title='bbox 681 505 729 533; x_wconf 75' lang='lat' dir='ltr'><strong>sol.</strong></span> <span class='ocrx_word' id='word_1_55' title='bbox 747 506 799 533; x_wconf 78' lang='lat'><strong>212</strong></span> <span class='ocrx_word' id='word_1_56' title='bbox 818 511 854 536; x_wconf 54' lang='grc' dir='ltr'><strong>νο,</strong></span> <span class='ocrx_word' id='word_1_57' title='bbox 872 511 901 532; x_wconf 84' lang='lat' dir='ltr'><strong>n⁰</strong></span> <span class='ocrx_word' id='word_1_58' title='bbox 917 506 1007 540; x_wconf 83' lang='lat'>1088.)</span> 
     </span>
    </p>
   </div>
   <div class='ocr_carea' id='block_1_9' title="bbox 273 610 1246 647">
    <p class='ocr_par' dir='ltr' id='par_1_9' title="bbox 273 610 1246 647">
     <span class='ocr_line' id='line_1_11' title="bbox 273 610 1246 647; baseline -0.002 -6"><span class='ocrx_word' id='word_1_59' title='bbox 273 624 287 641; x_wconf 88' lang='grc'><strong>11</strong></span> <span class='ocrx_word' id='word_1_60' title='bbox 306 612 421 642; x_wconf 70' lang='lat' dir='ltr'><strong>Abbati</strong></span> <span class='ocrx_word' id='word_1_61' title='bbox 431 612 466 642; x_wconf 83' lang='lat' dir='ltr'><strong>de</strong></span> <span class='ocrx_word' id='word_1_62' title='bbox 483 612 595 647; x_wconf 73' lang='lat' dir='ltr'><strong>Liskes,</strong></span> <span class='ocrx_word' id='word_1_63' title='bbox 612 611 906 640; x_wconf 70' lang='lat' dir='ltr'><strong>premonstratensis</strong></span> <span class='ocrx_word' id='word_1_64' title='bbox 923 610 1051 645; x_wconf 78' lang='lat' dir='ltr'><strong>ordinis,</strong></span> <span class='ocrx_word' id='word_1_65' title='bbox 1065 610 1246 640; x_wconf 71' lang='lat' dir='ltr'><strong>Mm’incnsis</strong></span> 
     </span>
    </p>
   </div>
   <div class='ocr_carea' id='block_1_10' title="bbox 233 664 1276 704">
    <p class='ocr_par' dir='ltr' id='par_1_10' title="bbox 233 664 1276 704">
     <span class='ocr_line' id='line_1_12' title="bbox 233 664 1276 704; baseline -0.002 -8"><span class='ocrx_word' id='word_1_66' title='bbox 233 665 370 696; x_wconf 76' lang='lat' dir='ltr'><strong>diocesis.</strong></span> <span class='ocrx_word' id='word_1_67' title='bbox 397 666 448 696; x_wconf 84' lang='lat' dir='ltr'><strong>Ad</strong></span> <span class='ocrx_word' id='word_1_68' title='bbox 475 665 680 695; x_wconf 86' lang='lat' dir='ltr'><strong>audientiam</strong></span> <span class='ocrx_word' id='word_1_69' title='bbox 699 666 851 695; x_wconf 84' lang='lat' dir='ltr'><strong>nostram</strong></span> <span class='ocrx_word' id='word_1_70' title='bbox 869 682 918 694; x_wconf 89' lang='lat'><strong>—.</strong></span> <span class='ocrx_word' id='word_1_71' title='bbox 935 665 1060 695; x_wconf 87' lang='lat' dir='ltr'><strong>Datum</strong></span> <span class='ocrx_word' id='word_1_72' title='bbox 1079 665 1167 704; x_wconf 88' lang='lat' dir='ltr'><strong>apud</strong></span> <span class='ocrx_word' id='word_1_73' title='bbox 1183 665 1246 695; x_wconf 89' lang='lat' dir='ltr'><strong>Ur·</strong></span> <span class='ocrx_word' id='word_1_74' title='bbox 1275 664 1276 667; x_wconf 77' lang='grc'>’</span> 
     </span>
    </p>
   </div>
   <div class='ocr_carea' id='block_1_11' title="bbox 234 718 1045 757">
    <p class='ocr_par' dir='ltr' id='par_1_11' title="bbox 234 718 1045 757">
     <span class='ocr_line' id='line_1_13' title="bbox 234 718 1045 757; baseline -0.002 -8"><span class='ocrx_word' id='word_1_75' title='bbox 234 719 471 755; x_wconf 86' lang='lat' dir='ltr'><strong>hemveterem,</strong></span> <span class='ocrx_word' id='word_1_76' title='bbox 490 729 511 747; x_wconf 92' lang='lat'><strong>11</strong></span> <span class='ocrx_word' id='word_1_77' title='bbox 531 718 607 748; x_wconf 91' lang='lat' dir='ltr'><strong>idus</strong></span> <span class='ocrx_word' id='word_1_78' title='bbox 625 718 772 757; x_wconf 83' lang='lat' dir='ltr'><strong>augusti,</strong></span> <span class='ocrx_word' id='word_1_79' title='bbox 794 727 882 748; x_wconf 90' lang='lat' dir='ltr'><strong>anno</strong></span> <span class='ocrx_word' id='word_1_80' title='bbox 901 718 1012 749; x_wconf 88' lang='lat' dir='ltr'><strong>tertio.</strong></span> <span class='ocrx_word' id='word_1_81' title='bbox 1031 728 1045 747; x_wconf 85' lang='lat'>»</span> 
     </span>
    </p>
   </div>
   <div class='ocr_carea' id='block_1_12' title="bbox 323 869 1172 903">
    <p class='ocr_par' dir='ltr' id='par_1_12' title="bbox 323 869 1172 903">
     <span class='ocr_line' id='line_1_14' title="bbox 323 869 1172 903; baseline -0.009 0"><span class='ocrx_word' id='word_1_82' title='bbox 323 872 421 903; x_wconf 79' lang='grc'><strong>2039</strong></span> <span class='ocrx_word' id='word_1_83' title='bbox 810 870 935 903; x_wconf 76' lang='lat' dir='ltr'><strong>Orvieto,</strong></span> <span class='ocrx_word' id='word_1_84' title='bbox 956 869 987 896; x_wconf 89' lang='lat'><strong>13</strong></span> <span class='ocrx_word' id='word_1_85' title='bbox 1004 871 1069 896; x_wconf 81' lang='lat' dir='ltr'><strong>aout</strong></span> <span class='ocrx_word' id='word_1_86' title='bbox 1095 870 1172 896; x_wconf 73' lang='lat'>1264.</span> 
     </span>
    </p>
   </div>
   <div class='ocr_carea' id='block_1_13' title="bbox 234 953 1246 1133">
    <p class='ocr_par' dir='ltr' id='par_1_13' title="bbox 234 953 1246 1133">
     <span class='ocr_line' id='line_1_15' title="bbox 270 953 1246 982; baseline -0.001 -2"><span class='ocrx_word' id='word_1_87' title='bbox 270 955 476 981; x_wconf 76' lang='lat' dir='ltr'><strong>Archidiacono</strong></span> <span class='ocrx_word' id='word_1_88' title='bbox 493 955 527 981; x_wconf 85' lang='grc'><strong>110</strong></span> <span class='ocrx_word' id='word_1_89' title='bbox 551 954 761 982; x_wconf 81' lang='lat' dir='ltr'><strong>Guadalsarana</strong></span> <span class='ocrx_word' id='word_1_90' title='bbox 780 954 809 980; x_wconf 92' lang='lat' dir='ltr'><strong>in</strong></span> <span class='ocrx_word' id='word_1_91' title='bbox 829 953 950 980; x_wconf 81' lang='lat' dir='ltr'><strong>ecclesia</strong></span> <span class='ocrx_word' id='word_1_92' title='bbox 966 954 1104 981; x_wconf 82' lang='lat' dir='ltr'><strong>&#39;l&#39;oletana</strong></span> <span class='ocrx_word' id='word_1_93' title='bbox 1128 954 1246 980; x_wconf 79' lang='lat' dir='ltr'><strong>mandat</strong></span> 
     </span>
     <span class='ocr_line' id='line_1_16' title="bbox 234 1001 1246 1038; baseline -0.002 -8"><span class='ocrx_word' id='word_1_94' title='bbox 234 1006 263 1030; x_wconf 90' lang='grc'><strong>111</strong></span> <span class='ocrx_word' id='word_1_95' title='bbox 287 1004 360 1030; x_wconf 84' lang='lat' dir='ltr'><strong>hona</strong></span> <span class='ocrx_word' id='word_1_96' title='bbox 375 1004 505 1038; x_wconf 86' lang='lat' dir='ltr'><strong>ejusdem</strong></span> <span class='ocrx_word' id='word_1_97' title='bbox 525 1003 674 1035; x_wconf 79' lang='lat' dir='ltr'><strong>ecelesiae,</strong></span> <span class='ocrx_word' id='word_1_98' title='bbox 695 1005 762 1030; x_wconf 89' lang='lat' dir='ltr'><strong>tune</strong></span> <span class='ocrx_word' id='word_1_99' title='bbox 783 1005 898 1038; x_wconf 82' lang='lat' dir='ltr'><strong>pastore</strong></span> <span class='ocrx_word' id='word_1_100' title='bbox 921 1003 1058 1034; x_wconf 76' lang='grc'><strong>03100115,</strong></span> <span class='ocrx_word' id='word_1_101' title='bbox 1076 1002 1111 1028; x_wconf 75' lang='lat' dir='ltr'><strong>ab</strong></span> <span class='ocrx_word' id='word_1_102' title='bbox 1134 1001 1246 1029; x_wconf 78' lang='lat' dir='ltr'><strong>illicitis</strong></span> 
     </span>
     <span class='ocr_line' id='line_1_17' title="bbox 234 1051 1246 1087; baseline -0.001 -8"><span class='ocrx_word' id='word_1_103' title='bbox 234 1053 429 1080; x_wconf 78' lang='lat' dir='ltr'><strong>detentoribus</strong></span> <span class='ocrx_word' id='word_1_104' title='bbox 450 1054 486 1079; x_wconf 86' lang='lat' dir='ltr'><strong>ad</strong></span> <span class='ocrx_word' id='word_1_105' title='bbox 511 1052 599 1087; x_wconf 84' lang='lat' dir='ltr'><strong>ipsius</strong></span> <span class='ocrx_word' id='word_1_106' title='bbox 617 1060 750 1080; x_wconf 86' lang='lat' dir='ltr'><strong>mensam</strong></span> <span class='ocrx_word' id='word_1_107' title='bbox 769 1054 893 1079; x_wconf 87' lang='lat' dir='ltr'><strong>revocet.</strong></span> <span class='ocrx_word' id='word_1_108' title='bbox 911 1052 987 1085; x_wconf 66' lang='grc'><strong>(11130.</strong></span> <span class='ocrx_word' id='word_1_109' title='bbox 1004 1053 1048 1082; x_wconf 73' lang='lat'><strong>129,</strong></span> <span class='ocrx_word' id='word_1_110' title='bbox 1065 1051 1114 1078; x_wconf 85' lang='lat' dir='ltr'><strong>sol.</strong></span> <span class='ocrx_word' id='word_1_111' title='bbox 1138 1052 1190 1078; x_wconf 73' lang='lat'><strong>212</strong></span> <span class='ocrx_word' id='word_1_112' title='bbox 1209 1057 1246 1083; x_wconf 54' lang='grc' dir='ltr'><strong>νο,</strong></span> 
     </span>
     <span class='ocr_line' id='line_1_18' title="bbox 234 1102 375 1133; baseline 0 -5"><span class='ocrx_word' id='word_1_113' title='bbox 234 1108 265 1128; x_wconf 90' lang='lat' dir='ltr'><strong>n⁰</strong></span> <span class='ocrx_word' id='word_1_114' title='bbox 285 1102 375 1133; x_wconf 77' lang='lat'>1089.)</span> 
     </span>
    </p>
   </div>
   <div class='ocr_carea' id='block_1_14' title="bbox 235 1204 1254 2568">
    <p class='ocr_par' dir='ltr' id='par_1_14' title="bbox 235 1204 1254 2568">
     <span class='ocr_line' id='line_1_19' title="bbox 276 1204 1246 1244; baseline -0.001 -10"><span class='ocrx_word' id='word_1_115' title='bbox 276 1216 289 1234; x_wconf 87' lang='grc'><strong>11</strong></span> <span class='ocrx_word' id='word_1_116' title='bbox 310 1231 315 1236; x_wconf 96' lang='grc'><strong>.</strong></span> <span class='ocrx_word' id='word_1_117' title='bbox 333 1229 339 1235; x_wconf 97' lang='grc'><strong>.</strong></span> <span class='ocrx_word' id='word_1_118' title='bbox 353 1205 573 1235; x_wconf 75' lang='lat' dir='ltr'><strong>archidiacono</strong></span> <span class='ocrx_word' id='word_1_119' title='bbox 588 1205 624 1235; x_wconf 79' lang='lat' dir='ltr'><strong>de</strong></span> <span class='ocrx_word' id='word_1_120' title='bbox 639 1205 873 1244; x_wconf 76' lang='lat' dir='ltr'><strong>Guadalsw·una</strong></span> <span class='ocrx_word' id='word_1_121' title='bbox 891 1205 920 1233; x_wconf 80' lang='lat' dir='ltr'><strong>in</strong></span> <span class='ocrx_word' id='word_1_122' title='bbox 932 1205 1055 1235; x_wconf 66' lang='lat' dir='ltr'><strong>ecclesia</strong></span> <span class='ocrx_word' id='word_1_123' title='bbox 1067 1204 1246 1234; x_wconf 68' lang='lat' dir='ltr'><strong>leoletcma.</strong></span> 
     </span>
     <span class='ocr_line' id='line_1_20' title="bbox 235 1258 1247 1298; baseline -0.001 -9"><span class='ocrx_word' id='word_1_124' title='bbox 235 1259 476 1298; x_wconf 82' lang='lat' dir='ltr'><strong>Signiticarunt</strong></span> <span class='ocrx_word' id='word_1_125' title='bbox 509 1259 606 1289; x_wconf 88' lang='lat' dir='ltr'><strong>nobis</strong></span> <span class='ocrx_word' id='word_1_126' title='bbox 640 1259 755 1289; x_wconf 86' lang='lat' dir='ltr'><strong>dilecti</strong></span> <span class='ocrx_word' id='word_1_127' title='bbox 789 1259 852 1288; x_wconf 83' lang='grc'><strong>11111</strong></span> <span class='ocrx_word' id='word_1_128' title='bbox 887 1258 1073 1297; x_wconf 78' lang='lat' dir='ltr'><strong>capitulum</strong></span> <span class='ocrx_word' id='word_1_129' title='bbox 1106 1258 1247 1288; x_wconf 80' lang='lat' dir='ltr'><strong>ecclesie</strong></span> 
     </span>
     <span class='ocr_line' id='line_1_21' title="bbox 236 1312 1247 1351; baseline -0.001 -9"><span class='ocrx_word' id='word_1_130' title='bbox 236 1313 419 1343; x_wconf 88' lang='lat' dir='ltr'><strong>Tholetane</strong></span> <span class='ocrx_word' id='word_1_131' title='bbox 438 1312 528 1351; x_wconf 87' lang='lat' dir='ltr'><strong>quod</strong></span> <span class='ocrx_word' id='word_1_132' title='bbox 544 1312 694 1351; x_wconf 86' lang='lat' dir='ltr'><strong>quidam,</strong></span> <span class='ocrx_word' id='word_1_133' title='bbox 716 1312 750 1342; x_wconf 94' lang='lat' dir='ltr'><strong>in</strong></span> <span class='ocrx_word' id='word_1_134' title='bbox 771 1312 915 1342; x_wconf 84' lang='lat' dir='ltr'><strong>ecclesia</strong></span> <span class='ocrx_word' id='word_1_135' title='bbox 931 1313 1005 1350; x_wconf 87' lang='lat' dir='ltr'><strong>ipsa</strong></span> <span class='ocrx_word' id='word_1_136' title='bbox 1024 1312 1059 1341; x_wconf 89' lang='lat' dir='ltr'><strong>in</strong></span> <span class='ocrx_word' id='word_1_137' title='bbox 1078 1312 1201 1342; x_wconf 76' lang='lat' dir='ltr'><strong>fratres</strong></span> <span class='ocrx_word' id='word_1_138' title='bbox 1216 1313 1247 1341; x_wconf 90' lang='lat' dir='ltr'><strong>et</strong></span> 
     </span>
     <span class='ocr_line' id='line_1_22' title="bbox 235 1365 1248 1404; baseline -0.001 -8"><span class='ocrx_word' id='word_1_139' title='bbox 235 1366 414 1396; x_wconf 85' lang='lat' dir='ltr'><strong>canonicos</strong></span> <span class='ocrx_word' id='word_1_140' title='bbox 439 1366 564 1404; x_wconf 85' lang='lat' dir='ltr'><strong>recepti</strong></span> <span class='ocrx_word' id='word_1_141' title='bbox 591 1374 651 1404; x_wconf 88' lang='lat' dir='ltr'><strong>per</strong></span> <span class='ocrx_word' id='word_1_142' title='bbox 678 1367 813 1395; x_wconf 86' lang='lat' dir='ltr'><strong>nostras</strong></span> <span class='ocrx_word' id='word_1_143' title='bbox 838 1365 981 1401; x_wconf 77' lang='lat' dir='ltr'><strong>litteras,</strong></span> <span class='ocrx_word' id='word_1_144' title='bbox 1001 1374 1060 1403; x_wconf 90' lang='lat' dir='ltr'><strong>per</strong></span> <span class='ocrx_word' id='word_1_145' title='bbox 1086 1374 1171 1403; x_wconf 82' lang='lat' dir='ltr'><strong>quas</strong></span> <span class='ocrx_word' id='word_1_146' title='bbox 1190 1373 1248 1395; x_wconf 85' lang='lat' dir='ltr'><strong>eos</strong></span> 
     </span>
     <span class='ocr_line' id='line_1_23' title="bbox 236 1418 1248 1457; baseline -0.001 -8"><span class='ocrx_word' id='word_1_147' title='bbox 236 1419 363 1449; x_wconf 83' lang='lat' dir='ltr'><strong>ibidem</strong></span> <span class='ocrx_word' id='word_1_148' title='bbox 392 1419 496 1457; x_wconf 88' lang='lat' dir='ltr'><strong>recipi</strong></span> <span class='ocrx_word' id='word_1_149' title='bbox 515 1420 546 1449; x_wconf 91' lang='lat' dir='ltr'><strong>et</strong></span> <span class='ocrx_word' id='word_1_150' title='bbox 564 1418 737 1457; x_wconf 89' lang='lat' dir='ltr'><strong>provideri</strong></span> <span class='ocrx_word' id='word_1_151' title='bbox 757 1418 823 1448; x_wconf 88' lang='lat' dir='ltr'><strong>sibi</strong></span> <span class='ocrx_word' id='word_1_152' title='bbox 839 1418 878 1448; x_wconf 86' lang='lat' dir='ltr'><strong>de</strong></span> <span class='ocrx_word' id='word_1_153' title='bbox 895 1418 1077 1457; x_wconf 82' lang='lat' dir='ltr'><strong>prebendis</strong></span> <span class='ocrx_word' id='word_1_154' title='bbox 1104 1420 1136 1448; x_wconf 86' lang='lat' dir='ltr'><strong>et</strong></span> <span class='ocrx_word' id='word_1_155' title='bbox 1153 1427 1248 1456; x_wconf 88' lang='lat' dir='ltr'><strong>pres-</strong></span> 
     </span>
     <span class='ocr_line' id='line_1_24' title="bbox 235 1472 1248 1510; baseline -0.001 -8"><span class='ocrx_word' id='word_1_156' title='bbox 235 1472 389 1502; x_wconf 87' lang='lat' dir='ltr'><strong>timoniis</strong></span> <span class='ocrx_word' id='word_1_157' title='bbox 419 1472 666 1505; x_wconf 80' lang='lat' dir='ltr'><strong>mandavimus,</strong></span> <span class='ocrx_word' id='word_1_158' title='bbox 696 1472 847 1502; x_wconf 83' lang='lat' dir='ltr'><strong>fecerunt</strong></span> <span class='ocrx_word' id='word_1_159' title='bbox 874 1472 940 1501; x_wconf 88' lang='lat' dir='ltr'><strong>sibi</strong></span> <span class='ocrx_word' id='word_1_160' title='bbox 964 1481 1023 1510; x_wconf 89' lang='lat' dir='ltr'><strong>per</strong></span> <span class='ocrx_word' id='word_1_161' title='bbox 1051 1473 1248 1502; x_wconf 77' lang='lat' dir='ltr'><strong>executores</strong></span> 
     </span>
     <span class='ocr_line' id='line_1_25' title="bbox 236 1525 1249 1563; baseline -0.001 -8"><span class='ocrx_word' id='word_1_162' title='bbox 236 1526 286 1556; x_wconf 87' lang='lat' dir='ltr'><strong>eis</strong></span> <span class='ocrx_word' id='word_1_163' title='bbox 319 1534 420 1563; x_wconf 89' lang='lat' dir='ltr'><strong>super</strong></span> <span class='ocrx_word' id='word_1_164' title='bbox 442 1525 503 1555; x_wconf 84' lang='lat' dir='ltr'><strong>hoc</strong></span> <span class='ocrx_word' id='word_1_165' title='bbox 533 1525 712 1563; x_wconf 78' lang='lat' dir='ltr'><strong>deputatos</strong></span> <span class='ocrx_word' id='word_1_166' title='bbox 741 1525 887 1555; x_wconf 87' lang='lat' dir='ltr'><strong>conferri</strong></span> <span class='ocrx_word' id='word_1_167' title='bbox 920 1534 979 1563; x_wconf 88' lang='lat' dir='ltr'><strong>pro</strong></span> <span class='ocrx_word' id='word_1_168' title='bbox 1008 1525 1190 1563; x_wconf 87' lang='lat' dir='ltr'><strong>prebendis</strong></span> <span class='ocrx_word' id='word_1_169' title='bbox 1218 1527 1249 1555; x_wconf 88' lang='lat' dir='ltr'><strong>et</strong></span> 
     </span>
     <span class='ocr_line' id='line_1_26' title="bbox 237 1578 1250 1617; baseline 0 -9"><span class='ocrx_word' id='word_1_170' title='bbox 237 1578 471 1617; x_wconf 88' lang='lat' dir='ltr'><strong>prestimoniis</strong></span> <span class='ocrx_word' id='word_1_171' title='bbox 486 1578 681 1616; x_wconf 89' lang='lat' dir='ltr'><strong>hujusmodi</strong></span> <span class='ocrx_word' id='word_1_172' title='bbox 701 1578 845 1617; x_wconf 83' lang='lat' dir='ltr'><strong>quedam</strong></span> <span class='ocrx_word' id='word_1_173' title='bbox 871 1582 994 1613; x_wconf 82' lang='lat' dir='ltr'><strong>castra,</strong></span> <span class='ocrx_word' id='word_1_174' title='bbox 1013 1578 1114 1608; x_wconf 87' lang='lat' dir='ltr'><strong>villas</strong></span> <span class='ocrx_word' id='word_1_175' title='bbox 1135 1580 1167 1609; x_wconf 87' lang='lat' dir='ltr'><strong>et</strong></span> <span class='ocrx_word' id='word_1_176' title='bbox 1183 1578 1250 1608; x_wconf 85' lang='lat' dir='ltr'><strong>alia</strong></span> 
     </span>
     <span class='ocr_line' id='line_1_27' title="bbox 237 1631 1248 1670; baseline 0 -9"><span class='ocrx_word' id='word_1_177' title='bbox 237 1632 324 1662; x_wconf 85' lang='lat' dir='ltr'><strong>bona</strong></span> <span class='ocrx_word' id='word_1_178' title='bbox 347 1631 388 1661; x_wconf 83' lang='lat' dir='ltr'><strong>ad</strong></span> <span class='ocrx_word' id='word_1_179' title='bbox 412 1640 565 1661; x_wconf 82' lang='lat' dir='ltr'><strong>mensam</strong></span> <span class='ocrx_word' id='word_1_180' title='bbox 579 1631 825 1670; x_wconf 84' lang='lat' dir='ltr'><strong>archiepiscopi</strong></span> <span class='ocrx_word' id='word_1_181' title='bbox 845 1632 1023 1662; x_wconf 86' lang='lat' dir='ltr'><strong>Tholetani</strong></span> <span class='ocrx_word' id='word_1_182' title='bbox 1048 1632 1248 1670; x_wconf 79' lang='lat' dir='ltr'><strong>spectantia,</strong></span> 
     </span>
     <span class='ocr_line' id='line_1_28' title="bbox 238 1685 1250 1724; baseline 0.001 -10"><span class='ocrx_word' id='word_1_183' title='bbox 238 1694 301 1723; x_wconf 80' lang='lat' dir='ltr'><strong>que</strong></span> <span class='ocrx_word' id='word_1_184' title='bbox 331 1694 396 1715; x_wconf 89' lang='lat' dir='ltr'><strong>non</strong></span> <span class='ocrx_word' id='word_1_185' title='bbox 416 1686 493 1715; x_wconf 91' lang='lat' dir='ltr'><strong>sunt</strong></span> <span class='ocrx_word' id='word_1_186' title='bbox 510 1685 679 1724; x_wconf 87' lang='lat' dir='ltr'><strong>prebende</strong></span> <span class='ocrx_word' id='word_1_187' title='bbox 696 1694 756 1715; x_wconf 88' lang='lat' dir='ltr'><strong>nec</strong></span> <span class='ocrx_word' id='word_1_188' title='bbox 779 1685 1014 1724; x_wconf 62' lang='grc'><strong>111-0511010013,</strong></span> <span class='ocrx_word' id='word_1_189' title='bbox 1036 1685 1117 1724; x_wconf 89' lang='lat' dir='ltr'><strong>quin</strong></span> <span class='ocrx_word' id='word_1_190' title='bbox 1135 1685 1250 1724; x_wconf 88' lang='lat' dir='ltr'><strong>potius</strong></span> 
     </span>
     <span class='ocr_line' id='line_1_29' title="bbox 238 1738 1250 1777; baseline 0.001 -9"><span class='ocrx_word' id='word_1_191' title='bbox 238 1738 278 1768; x_wconf 83' lang='lat' dir='ltr'><strong>ab</strong></span> <span class='ocrx_word' id='word_1_192' title='bbox 294 1738 489 1777; x_wconf 75' lang='lat' dir='ltr'><strong>huJusmodi</strong></span> <span class='ocrx_word' id='word_1_193' title='bbox 506 1738 605 1768; x_wconf 88' lang='lat' dir='ltr'><strong>bonis</strong></span> <span class='ocrx_word' id='word_1_194' title='bbox 623 1738 759 1777; x_wconf 89' lang='lat' dir='ltr'><strong>penitus</strong></span> <span class='ocrx_word' id='word_1_195' title='bbox 785 1740 864 1769; x_wconf 89' lang='lat' dir='ltr'><strong>sunt</strong></span> <span class='ocrx_word' id='word_1_196' title='bbox 889 1739 1046 1775; x_wconf 80' lang='lat' dir='ltr'><strong>discreta,</strong></span> <span class='ocrx_word' id='word_1_197' title='bbox 1069 1738 1164 1777; x_wconf 83' lang='lat' dir='ltr'><strong>cujus</strong></span> <span class='ocrx_word' id='word_1_198' title='bbox 1184 1739 1250 1769; x_wconf 92' lang='lat' dir='ltr'><strong>col-</strong></span> 
     </span>
     <span class='ocr_line' id='line_1_30' title="bbox 239 1792 1249 1830; baseline 0.001 -9"><span class='ocrx_word' id='word_1_199' title='bbox 239 1792 376 1822; x_wconf 72' lang='lat' dir='ltr'><strong>lationis</strong></span> <span class='ocrx_word' id='word_1_200' title='bbox 398 1794 555 1830; x_wconf 86' lang='lat' dir='ltr'><strong>pretextu</strong></span> <span class='ocrx_word' id='word_1_201' title='bbox 578 1792 682 1822; x_wconf 87' lang='lat' dir='ltr'><strong>iidem</strong></span> <span class='ocrx_word' id='word_1_202' title='bbox 699 1793 820 1826; x_wconf 79' lang='lat' dir='ltr'><strong>castra.</strong></span> <span class='ocrx_word' id='word_1_203' title='bbox 839 1792 940 1822; x_wconf 85' lang='lat' dir='ltr'><strong>villas</strong></span> <span class='ocrx_word' id='word_1_204' title='bbox 962 1794 994 1822; x_wconf 88' lang='lat' dir='ltr'><strong>et</strong></span> <span class='ocrx_word' id='word_1_205' title='bbox 1012 1792 1099 1822; x_wconf 86' lang='lat' dir='ltr'><strong>bona</strong></span> <span class='ocrx_word' id='word_1_206' title='bbox 1119 1792 1249 1828; x_wconf 82' lang='lat' dir='ltr'><strong>eadem,</strong></span> 
     </span>
     <span class='ocr_line' id='line_1_31' title="bbox 239 1845 1249 1884; baseline 0.002 -10"><span class='ocrx_word' id='word_1_207' title='bbox 239 1845 272 1875; x_wconf 88' lang='lat' dir='ltr'><strong>in</strong></span> <span class='ocrx_word' id='word_1_208' title='bbox 292 1845 401 1883; x_wconf 89' lang='lat' dir='ltr'><strong>ipsius</strong></span> <span class='ocrx_word' id='word_1_209' title='bbox 420 1853 534 1875; x_wconf 89' lang='lat' dir='ltr'><strong>mense</strong></span> <span class='ocrx_word' id='word_1_210' title='bbox 552 1845 790 1884; x_wconf 83' lang='lat' dir='ltr'><strong>prejudicium,</strong></span> <span class='ocrx_word' id='word_1_211' title='bbox 808 1845 960 1876; x_wconf 88' lang='lat' dir='ltr'><strong>detinent</strong></span> <span class='ocrx_word' id='word_1_212' title='bbox 976 1848 1144 1884; x_wconf 82' lang='lat' dir='ltr'><strong>occupata.</strong></span> <span class='ocrx_word' id='word_1_213' title='bbox 1166 1846 1249 1876; x_wconf 89' lang='lat' dir='ltr'><strong>Cum</strong></span> 
     </span>
     <span class='ocr_line' id='line_1_32' title="bbox 240 1898 1249 1938; baseline 0.001 -10"><span class='ocrx_word' id='word_1_214' title='bbox 240 1898 342 1936; x_wconf 84' lang='lat' dir='ltr'><strong>igitur</strong></span> <span class='ocrx_word' id='word_1_215' title='bbox 356 1898 542 1928; x_wconf 79' lang='lat' dir='ltr'><strong>Tholetana</strong></span> <span class='ocrx_word' id='word_1_216' title='bbox 558 1899 656 1928; x_wconf 87' lang='lat' dir='ltr'><strong>sedes</strong></span> <span class='ocrx_word' id='word_1_217' title='bbox 677 1898 718 1928; x_wconf 86' lang='lat' dir='ltr'><strong>ad</strong></span> <span class='ocrx_word' id='word_1_218' title='bbox 734 1907 875 1937; x_wconf 82' lang='lat' dir='ltr'><strong>presens</strong></span> <span class='ocrx_word' id='word_1_219' title='bbox 893 1901 1005 1929; x_wconf 81' lang='lat' dir='ltr'><strong>careat</strong></span> <span class='ocrx_word' id='word_1_220' title='bbox 1027 1899 1178 1938; x_wconf 87' lang='lat' dir='ltr'><strong>legitimo</strong></span> <span class='ocrx_word' id='word_1_221' title='bbox 1197 1900 1249 1929; x_wconf 89' lang='lat' dir='ltr'><strong>de-</strong></span> 
     </span>
     <span class='ocr_line' id='line_1_33' title="bbox 241 1951 1251 1990; baseline 0.002 -10"><span class='ocrx_word' id='word_1_222' title='bbox 241 1952 385 1987; x_wconf 82' lang='lat' dir='ltr'><strong>t&#39;ensore,</strong></span> <span class='ocrx_word' id='word_1_223' title='bbox 409 1960 481 1987; x_wconf 88' lang='lat' dir='ltr'><strong>nos,</strong></span> <span class='ocrx_word' id='word_1_224' title='bbox 509 1951 661 1981; x_wconf 87' lang='lat' dir='ltr'><strong>volentes</strong></span> <span class='ocrx_word' id='word_1_225' title='bbox 678 1952 788 1990; x_wconf 91' lang='lat' dir='ltr'><strong>ipsius</strong></span> <span class='ocrx_word' id='word_1_226' title='bbox 805 1960 920 1982; x_wconf 90' lang='lat' dir='ltr'><strong>mense</strong></span> <span class='ocrx_word' id='word_1_227' title='bbox 948 1952 1251 1990; x_wconf 83' lang='lat' dir='ltr'><strong>indempnitatibus</strong></span> 
     </span>
     <span class='ocr_line' id='line_1_34' title="bbox 240 2004 1249 2043; baseline 0.002 -10"><span class='ocrx_word' id='word_1_228' title='bbox 240 2004 385 2034; x_wconf 84' lang='lat' dir='ltr'><strong>sollicite</strong></span> <span class='ocrx_word' id='word_1_229' title='bbox 396 2013 585 2043; x_wconf 83' lang='lat' dir='ltr'><strong>precavere,</strong></span> <span class='ocrx_word' id='word_1_230' title='bbox 604 2005 694 2034; x_wconf 89' lang='lat' dir='ltr'><strong>veris</strong></span> <span class='ocrx_word' id='word_1_231' title='bbox 708 2004 935 2034; x_wconf 82' lang='lat' dir='ltr'><strong>existentibus</strong></span> <span class='ocrx_word' id='word_1_232' title='bbox 955 2005 1170 2043; x_wconf 79' lang='lat' dir='ltr'><strong>supradictis,</strong></span> <span class='ocrx_word' id='word_1_233' title='bbox 1187 2006 1249 2035; x_wconf 87' lang='lat' dir='ltr'><strong>col-</strong></span> 
     </span>
     <span class='ocr_line' id='line_1_35' title="bbox 240 2057 1251 2097; baseline 0.002 -11"><span class='ocrx_word' id='word_1_234' title='bbox 240 2057 400 2087; x_wconf 73' lang='lat' dir='ltr'><strong>lationem</strong></span> <span class='ocrx_word' id='word_1_235' title='bbox 411 2058 450 2087; x_wconf 87' lang='lat' dir='ltr'><strong>de</strong></span> <span class='ocrx_word' id='word_1_236' title='bbox 464 2057 562 2087; x_wconf 87' lang='lat' dir='ltr'><strong>bonis</strong></span> <span class='ocrx_word' id='word_1_237' title='bbox 575 2057 781 2096; x_wconf 77' lang='lat' dir='ltr'><strong>hujusmodi,</strong></span> <span class='ocrx_word' id='word_1_238' title='bbox 796 2058 836 2087; x_wconf 88' lang='lat' dir='ltr'><strong>ad</strong></span> <span class='ocrx_word' id='word_1_239' title='bbox 851 2058 976 2088; x_wconf 82' lang='lat' dir='ltr'><strong>dictam</strong></span> <span class='ocrx_word' id='word_1_240' title='bbox 989 2067 1141 2088; x_wconf 84' lang='lat' dir='ltr'><strong>mensam</strong></span> <span class='ocrx_word' id='word_1_241' title='bbox 1159 2067 1251 2097; x_wconf 80' lang='lat' dir='ltr'><strong>spec-</strong></span> 
     </span>
     <span class='ocr_line' id='line_1_36' title="bbox 240 2110 1252 2149; baseline 0.001 -9"><span class='ocrx_word' id='word_1_242' title='bbox 240 2110 402 2144; x_wconf 85' lang='lat' dir='ltr'><strong>tantibus,</strong></span> <span class='ocrx_word' id='word_1_243' title='bbox 417 2111 530 2141; x_wconf 85' lang='lat' dir='ltr'><strong>taliter</strong></span> <span class='ocrx_word' id='word_1_244' title='bbox 543 2110 664 2141; x_wconf 81' lang='lat' dir='ltr'><strong>factam</strong></span> <span class='ocrx_word' id='word_1_245' title='bbox 676 2111 890 2141; x_wconf 87' lang='lat' dir='ltr'><strong>decernimus</strong></span> <span class='ocrx_word' id='word_1_246' title='bbox 906 2120 966 2149; x_wconf 89' lang='lat' dir='ltr'><strong>per</strong></span> <span class='ocrx_word' id='word_1_247' title='bbox 979 2113 1111 2141; x_wconf 81' lang='lat' dir='ltr'><strong>nostras</strong></span> <span class='ocrx_word' id='word_1_248' title='bbox 1122 2111 1252 2142; x_wconf 78' lang='lat' dir='ltr'><strong>litteras</strong></span> 
     </span>
     <span class='ocr_line' id='line_1_37' title="bbox 242 2164 1253 2200; baseline 0.001 -7"><span class='ocrx_word' id='word_1_249' title='bbox 242 2164 370 2194; x_wconf 87' lang='lat' dir='ltr'><strong>nullius</strong></span> <span class='ocrx_word' id='word_1_250' title='bbox 396 2164 543 2194; x_wconf 84' lang='lat' dir='ltr'><strong>existere</strong></span> <span class='ocrx_word' id='word_1_251' title='bbox 569 2164 753 2200; x_wconf 79' lang='lat' dir='ltr'><strong>firmitatis,</strong></span> <span class='ocrx_word' id='word_1_252' title='bbox 781 2173 817 2194; x_wconf 89' lang='lat' dir='ltr'><strong>ac</strong></span> <span class='ocrx_word' id='word_1_253' title='bbox 845 2164 919 2194; x_wconf 86' lang='lat' dir='ltr'><strong>fieri</strong></span> <span class='ocrx_word' id='word_1_254' title='bbox 936 2164 976 2194; x_wconf 92' lang='lat' dir='ltr'><strong>de</strong></span> <span class='ocrx_word' id='word_1_255' title='bbox 994 2168 1103 2194; x_wconf 86' lang='lat' dir='ltr'><strong>cetero</strong></span> <span class='ocrx_word' id='word_1_256' title='bbox 1125 2165 1253 2194; x_wconf 79' lang='lat' dir='ltr'><strong>similia</strong></span> 
     </span>
     <span class='ocr_line' id='line_1_38' title="bbox 241 2217 1252 2252; baseline 0 -5"><span class='ocrx_word' id='word_1_257' title='bbox 241 2217 402 2247; x_wconf 87' lang='lat' dir='ltr'><strong>duximus</strong></span> <span class='ocrx_word' id='word_1_258' title='bbox 418 2217 607 2247; x_wconf 85' lang='lat' dir='ltr'><strong>districtius</strong></span> <span class='ocrx_word' id='word_1_259' title='bbox 622 2217 854 2247; x_wconf 88' lang='lat' dir='ltr'><strong>inhibendum.</strong></span> <span class='ocrx_word' id='word_1_260' title='bbox 872 2217 1036 2252; x_wconf 81' lang='lat' dir='ltr'><strong>Quocirca</strong></span> <span class='ocrx_word' id='word_1_261' title='bbox 1052 2218 1252 2248; x_wconf 82' lang='lat' dir='ltr'><strong>mandamus</strong></span> 
     </span>
     <span class='ocr_line' id='line_1_39' title="bbox 241 2270 1252 2309; baseline 0 -9"><span class='ocrx_word' id='word_1_262' title='bbox 241 2271 402 2309; x_wconf 78' lang='lat' dir='ltr'><strong>quatinus</strong></span> <span class='ocrx_word' id='word_1_263' title='bbox 431 2272 551 2306; x_wconf 83' lang='lat' dir='ltr'><strong>castra,</strong></span> <span class='ocrx_word' id='word_1_264' title='bbox 571 2270 672 2300; x_wconf 84' lang='lat' dir='ltr'><strong>villas</strong></span> <span class='ocrx_word' id='word_1_265' title='bbox 698 2272 729 2301; x_wconf 88' lang='lat' dir='ltr'><strong>et</strong></span> <span class='ocrx_word' id='word_1_266' title='bbox 750 2270 837 2300; x_wconf 82' lang='lat' dir='ltr'><strong>bona</strong></span> <span class='ocrx_word' id='word_1_267' title='bbox 854 2270 984 2307; x_wconf 86' lang='lat' dir='ltr'><strong>eadem,</strong></span> <span class='ocrx_word' id='word_1_268' title='bbox 1004 2272 1127 2300; x_wconf 86' lang='lat' dir='ltr'><strong>amotis</strong></span> <span class='ocrx_word' id='word_1_269' title='bbox 1146 2270 1186 2301; x_wconf 86' lang='lat' dir='ltr'><strong>ab</strong></span> <span class='ocrx_word' id='word_1_270' title='bbox 1203 2271 1252 2301; x_wconf 85' lang='grc'><strong>015</strong></span> 
     </span>
     <span class='ocr_line' id='line_1_40' title="bbox 242 2323 1253 2369; baseline 0.001 -16"><span class='ocrx_word' id='word_1_271' title='bbox 242 2323 451 2362; x_wconf 84' lang='lat' dir='ltr'><strong>quibuslibet</strong></span> <span class='ocrx_word' id='word_1_272' title='bbox 480 2324 612 2354; x_wconf 86' lang='lat' dir='ltr'><strong>illicitis</strong></span> <span class='ocrx_word' id='word_1_273' title='bbox 639 2324 884 2360; x_wconf 87' lang='lat' dir='ltr'><strong>detentoribus,</strong></span> <span class='ocrx_word' id='word_1_274' title='bbox 903 2324 944 2354; x_wconf 87' lang='lat' dir='ltr'><strong>ad</strong></span> <span class='ocrx_word' id='word_1_275' title='bbox 961 2333 1112 2369; x_wconf 79' lang='lat' dir='ltr'><strong>mensam</strong></span> <span class='ocrx_word' id='word_1_276' title='bbox 1143 2325 1253 2362; x_wconf 88' lang='lat' dir='ltr'><strong>ipsam</strong></span> 
     </span>
     <span class='ocr_line' id='line_1_41' title="bbox 242 2377 1254 2416; baseline 0 -9"><span class='ocrx_word' id='word_1_277' title='bbox 242 2385 301 2415; x_wconf 87' lang='lat' dir='ltr'><strong>per</strong></span> <span class='ocrx_word' id='word_1_278' title='bbox 320 2379 351 2407; x_wconf 88' lang='lat' dir='ltr'><strong>te</strong></span> <span class='ocrx_word' id='word_1_279' title='bbox 369 2377 422 2407; x_wconf 83' lang='lat' dir='ltr'><strong>vel</strong></span> <span class='ocrx_word' id='word_1_280' title='bbox 449 2386 508 2416; x_wconf 90' lang='lat' dir='ltr'><strong>per</strong></span> <span class='ocrx_word' id='word_1_281' title='bbox 531 2377 636 2407; x_wconf 85' lang='lat' dir='ltr'><strong>alium</strong></span> <span class='ocrx_word' id='word_1_282' title='bbox 663 2377 813 2416; x_wconf 84' lang='lat' dir='ltr'><strong>legitime</strong></span> <span class='ocrx_word' id='word_1_283' title='bbox 841 2386 998 2408; x_wconf 82' lang='lat' dir='ltr'><strong>revocare</strong></span> <span class='ocrx_word' id='word_1_284' title='bbox 1016 2385 1188 2416; x_wconf 81' lang='lat' dir='ltr'><strong>procures,</strong></span> <span class='ocrx_word' id='word_1_285' title='bbox 1208 2377 1254 2407; x_wconf 81' lang='lat' dir='ltr'><strong>fa-</strong></span> 
     </span>
     <span class='ocr_line' id='line_1_42' title="bbox 243 2430 1254 2470; baseline 0.002 -11"><span class='ocrx_word' id='word_1_286' title='bbox 243 2430 335 2460; x_wconf 84' lang='lat' dir='ltr'><strong>ciens</strong></span> <span class='ocrx_word' id='word_1_287' title='bbox 362 2439 400 2461; x_wconf 86' lang='lat' dir='ltr'><strong>ea</strong></span> <span class='ocrx_word' id='word_1_288' title='bbox 417 2439 476 2469; x_wconf 89' lang='lat' dir='ltr'><strong>per</strong></span> <span class='ocrx_word' id='word_1_289' title='bbox 501 2430 599 2461; x_wconf 89' lang='lat' dir='ltr'><strong>illum</strong></span> <span class='ocrx_word' id='word_1_290' title='bbox 622 2431 663 2460; x_wconf 83' lang='lat' dir='ltr'><strong>ad</strong></span> <span class='ocrx_word' id='word_1_291' title='bbox 689 2439 789 2470; x_wconf 89' lang='lat' dir='ltr'><strong>quem</strong></span> <span class='ocrx_word' id='word_1_292' title='bbox 813 2432 942 2470; x_wconf 82' lang='lat' dir='ltr'><strong>spectat</strong></span> <span class='ocrx_word' id='word_1_293' title='bbox 962 2431 1174 2461; x_wconf 85' lang='lat' dir='ltr'><strong>conservatio</strong></span> <span class='ocrx_word' id='word_1_294' title='bbox 1199 2430 1254 2461; x_wconf 88' lang='lat' dir='ltr'><strong>bo-</strong></span> 
     </span>
     <span class='ocr_line' id='line_1_43' title="bbox 244 2483 1254 2523; baseline 0.002 -11"><span class='ocrx_word' id='word_1_295' title='bbox 244 2491 363 2513; x_wconf 88' lang='lat' dir='ltr'><strong>norum</strong></span> <span class='ocrx_word' id='word_1_296' title='bbox 390 2492 505 2513; x_wconf 87' lang='lat' dir='ltr'><strong>mense</strong></span> <span class='ocrx_word' id='word_1_297' title='bbox 534 2483 603 2521; x_wconf 85' lang='lat' dir='ltr'><strong>jam</strong></span> <span class='ocrx_word' id='word_1_298' title='bbox 636 2483 734 2518; x_wconf 79' lang='lat' dir='ltr'><strong>dicte,</strong></span> <span class='ocrx_word' id='word_1_299' title='bbox 767 2484 809 2514; x_wconf 87' lang='lat' dir='ltr'><strong>ad</strong></span> <span class='ocrx_word' id='word_1_300' title='bbox 842 2492 926 2522; x_wconf 85' lang='lat' dir='ltr'><strong>opus</strong></span> <span class='ocrx_word' id='word_1_301' title='bbox 958 2483 1063 2514; x_wconf 86' lang='lat' dir='ltr'><strong>futuri</strong></span> <span class='ocrx_word' id='word_1_302' title='bbox 1084 2484 1254 2523; x_wconf 83' lang='lat' dir='ltr'><strong>pontificis</strong></span> 
     </span>
     <span class='ocr_line' id='line_1_44' title="bbox 245 2536 1253 2568; baseline 0.003 -3"><span class='ocrx_word' id='word_1_303' title='bbox 245 2536 389 2566; x_wconf 82' lang='lat' dir='ltr'><strong>fideliter</strong></span> <span class='ocrx_word' id='word_1_304' title='bbox 404 2537 609 2567; x_wconf 84' lang='lat' dir='ltr'><strong>conservari.</strong></span> <span class='ocrx_word' id='word_1_305' title='bbox 636 2537 908 2568; x_wconf 87' lang='lat' dir='ltr'><strong>Contradictores</strong></span> <span class='ocrx_word' id='word_1_306' title='bbox 927 2539 990 2568; x_wconf 88' lang='lat' dir='ltr'><strong>etc.</strong></span> <span class='ocrx_word' id='word_1_307' title='bbox 1009 2537 1083 2567; x_wconf 90' lang='lat' dir='ltr'><strong>Non</strong></span> <span class='ocrx_word' id='word_1_308' title='bbox 1099 2537 1253 2568; x_wconf 85' lang='lat' dir='ltr'><strong>obstante</strong></span> 
     </span>
    </p>
   </div>
   <div class='ocr_carea' id='block_1_15' title="bbox 244 2590 1253 2673">
    <p class='ocr_par' dir='ltr' id='par_1_15' title="bbox 244 2590 1253 2673">
     <span class='ocr_line' id='line_1_45' title="bbox 244 2590 1253 2630; baseline 0.001 -11"><span class='ocrx_word' id='word_1_309' title='bbox 244 2607 292 2619; x_wconf 73' lang='lat'><strong>-.</strong></span> <span class='ocrx_word' id='word_1_310' title='bbox 310 2590 434 2620; x_wconf 86' lang='lat' dir='ltr'><strong>Datum</strong></span> <span class='ocrx_word' id='word_1_311' title='bbox 457 2590 545 2629; x_wconf 84' lang='lat' dir='ltr'><strong>apud</strong></span> <span class='ocrx_word' id='word_1_312' title='bbox 574 2590 862 2625; x_wconf 83' lang='lat' dir='ltr'><strong>Urbemveterem,</strong></span> <span class='ocrx_word' id='word_1_313' title='bbox 892 2590 970 2621; x_wconf 83' lang='lat' dir='ltr'><strong>idus</strong></span> <span class='ocrx_word' id='word_1_314' title='bbox 998 2591 1143 2630; x_wconf 86' lang='lat' dir='ltr'><strong>augusti,</strong></span> <span class='ocrx_word' id='word_1_315' title='bbox 1167 2599 1253 2621; x_wconf 86' lang='lat' dir='ltr'><strong>anno</strong></span> 
     </span>
     <span class='ocr_line' id='line_1_46' title="bbox 244 2643 354 2673; baseline 0 -1"><span class='ocrx_word' id='word_1_316' title='bbox 244 2643 354 2673; x_wconf 86' lang='lat' dir='ltr'><strong>tertio.</strong></span> 
     </span>
    </p>
   </div>
   <div class='ocr_carea' id='block_1_16' title="bbox 333 2797 1179 2830">
    <p class='ocr_par' dir='ltr' id='par_1_16' title="bbox 333 2797 1179 2830">
     <span class='ocr_line' id='line_1_47' title="bbox 333 2797 1179 2830; baseline -0.004 -2"><span class='ocrx_word' id='word_1_317' title='bbox 333 2797 432 2828; x_wconf 73' lang='lat'>2040</span> <span class='ocrx_word' id='word_1_318' title='bbox 841 2797 966 2830; x_wconf 80' lang='lat' dir='ltr'><strong>Orvieto,</strong></span> <span class='ocrx_word' id='word_1_319' title='bbox 986 2798 1080 2825; x_wconf 80' lang='grc'><strong>93001</strong></span> <span class='ocrx_word' id='word_1_320' title='bbox 1100 2797 1179 2825; x_wconf 76' lang='lat'>1264.</span> 
     </span>
    </p>
   </div>
   <div class='ocr_carea' id='block_1_17' title="bbox 281 2878 1284 2917">
    <p class='ocr_par' dir='ltr' id='par_1_17' title="bbox 281 2878 1284 2917">
     <span class='ocr_line' id='line_1_48' title="bbox 281 2878 1284 2917; baseline 0.004 -12"><span class='ocrx_word' id='word_1_321' title='bbox 281 2878 487 2906; x_wconf 64' lang='lat' dir='ltr'><strong>Archidiacono</strong></span> <span class='ocrx_word' id='word_1_322' title='bbox 512 2881 546 2907; x_wconf 77' lang='lat' dir='ltr'><strong>de</strong></span> <span class='ocrx_word' id='word_1_323' title='bbox 566 2880 702 2907; x_wconf 76' lang='lat' dir='ltr'><strong>Almazan</strong></span> <span class='ocrx_word' id='word_1_324' title='bbox 722 2881 749 2907; x_wconf 93' lang='lat' dir='ltr'><strong>in</strong></span> <span class='ocrx_word' id='word_1_325' title='bbox 769 2881 891 2909; x_wconf 77' lang='grc'><strong>00010513</strong></span> <span class='ocrx_word' id='word_1_326' title='bbox 915 2881 1082 2917; x_wconf 82' lang='lat' dir='ltr'><strong>Seguntina.</strong></span> <span class='ocrx_word' id='word_1_327' title='bbox 1101 2883 1135 2909; x_wconf 87' lang='lat' dir='ltr'><strong>ad</strong></span> <span class='ocrx_word' id='word_1_328' title='bbox 1154 2890 1253 2917; x_wconf 74' lang='lat' dir='ltr'><strong>preces</strong></span> <span class='ocrx_word' id='word_1_329' title='bbox 1282 2890 1284 2893; x_wconf 94' lang='lat'>·</span> 
     </span>
    </p>
   </div>
   <div class='ocr_carea' id='block_1_18' title="bbox 1301 370 1559 404">
    <p class='ocr_par' dir='ltr' id='par_1_18' title="bbox 1301 370 1559 404">
     <span class='ocr_line' id='line_1_49' title="bbox 1301 370 1559 404; baseline -0.004 -6"><span class='ocrx_word' id='word_1_330' title='bbox 1301 371 1354 398; x_wconf 75' lang='lat'><strong>212</strong></span> <span class='ocrx_word' id='word_1_331' title='bbox 1370 376 1408 404; x_wconf 51' lang='lat' dir='ltr'><strong>vv,</strong></span> <span class='ocrx_word' id='word_1_332' title='bbox 1424 376 1453 397; x_wconf 79' lang='lat' dir='ltr'><strong>n⁰</strong></span> <span class='ocrx_word' id='word_1_333' title='bbox 1471 370 1559 403; x_wconf 85' lang='lat'>1090.)</span> 
     </span>
    </p>
   </div>
   <div class='ocr_carea' id='block_1_19' title="bbox 1343 473 2318 514">
    <p class='ocr_par' dir='ltr' id='par_1_19' title="bbox 1343 473 2318 514">
     <span class='ocr_line' id='line_1_50' title="bbox 1343 473 2318 514; baseline 0.004 -12"><span class='ocrx_word' id='word_1_334' title='bbox 1343 483 1358 502; x_wconf 90' lang='grc'><strong>11</strong></span> <span class='ocrx_word' id='word_1_335' title='bbox 1377 473 1606 503; x_wconf 70' lang='lat' dir='ltr'><strong>Arclzz&#39;diacono</strong></span> <span class='ocrx_word' id='word_1_336' title='bbox 1623 474 1659 504; x_wconf 84' lang='lat' dir='ltr'><strong>de</strong></span> <span class='ocrx_word' id='word_1_337' title='bbox 1675 473 1824 503; x_wconf 70' lang='lat' dir='ltr'><strong>Almaum</strong></span> <span class='ocrx_word' id='word_1_338' title='bbox 1840 474 1871 503; x_wconf 84' lang='lat' dir='ltr'><strong>in</strong></span> <span class='ocrx_word' id='word_1_339' title='bbox 1892 473 2017 504; x_wconf 80' lang='lat' dir='ltr'><strong>ecclesia</strong></span> <span class='ocrx_word' id='word_1_340' title='bbox 2034 476 2217 514; x_wconf 69' lang='lat' dir='ltr'><strong>Sequnlina.</strong></span> <span class='ocrx_word' id='word_1_341' title='bbox 2238 476 2318 506; x_wconf 87' lang='lat' dir='ltr'><strong>Por-</strong></span> 
     </span>
    </p>
   </div>
   <div class='ocr_carea' id='block_1_20' title="bbox 1303 527 2317 620">
    <p class='ocr_par' dir='ltr' id='par_1_20' title="bbox 1303 527 2317 620">
     <span class='ocr_line' id='line_1_51' title="bbox 1304 527 2317 566; baseline 0.003 -10"><span class='ocrx_word' id='word_1_342' title='bbox 1304 528 1394 557; x_wconf 86' lang='lat' dir='ltr'><strong>recta</strong></span> <span class='ocrx_word' id='word_1_343' title='bbox 1406 527 1504 557; x_wconf 88' lang='lat' dir='ltr'><strong>nobis</strong></span> <span class='ocrx_word' id='word_1_344' title='bbox 1521 536 1562 557; x_wconf 85' lang='lat' dir='ltr'><strong>ex</strong></span> <span class='ocrx_word' id='word_1_345' title='bbox 1579 545 1630 556; x_wconf 88' lang='lat'><strong>—.</strong></span> <span class='ocrx_word' id='word_1_346' title='bbox 1648 528 1774 558; x_wconf 86' lang='lat' dir='ltr'><strong>Datum</strong></span> <span class='ocrx_word' id='word_1_347' title='bbox 1791 527 1880 566; x_wconf 89' lang='lat' dir='ltr'><strong>apud</strong></span> <span class='ocrx_word' id='word_1_348' title='bbox 1901 528 2190 565; x_wconf 80' lang='lat' dir='ltr'><strong>Urbemveterem,</strong></span> <span class='ocrx_word' id='word_1_349' title='bbox 2208 528 2317 559; x_wconf 81' lang='lat' dir='ltr'><strong>vidus</strong></span> 
     </span>
     <span class='ocr_line' id='line_1_52' title="bbox 1303 580 1728 620; baseline -0.007 -10"><span class='ocrx_word' id='word_1_350' title='bbox 1303 580 1451 620; x_wconf 81' lang='lat' dir='ltr'><strong>augusti,</strong></span> <span class='ocrx_word' id='word_1_351' title='bbox 1473 589 1560 611; x_wconf 92' lang='lat' dir='ltr'><strong>anno</strong></span> <span class='ocrx_word' id='word_1_352' title='bbox 1576 581 1688 612; x_wconf 88' lang='lat' dir='ltr'><strong>tertio.</strong></span> <span class='ocrx_word' id='word_1_353' title='bbox 1714 593 1728 608; x_wconf 63' lang='grc' dir='ltr'><strong>ι)</strong></span> 
     </span>
    </p>
   </div>
   <div class='ocr_carea' id='block_1_21' title="bbox 1394 755 2244 791">
    <p class='ocr_par' dir='ltr' id='par_1_21' title="bbox 1394 755 2244 791">
     <span class='ocr_line' id='line_1_53' title="bbox 1394 755 2244 791; baseline 0.001 -9"><span class='ocrx_word' id='word_1_354' title='bbox 1394 758 1489 789; x_wconf 76' lang='grc'><strong>2041</strong></span> <span class='ocrx_word' id='word_1_355' title='bbox 1867 756 1992 787; x_wconf 78' lang='lat' dir='ltr'><strong>Orvieto,</strong></span> <span class='ocrx_word' id='word_1_356' title='bbox 2011 756 2043 784; x_wconf 74' lang='lat'><strong>14</strong></span> <span class='ocrx_word' id='word_1_357' title='bbox 2055 755 2150 791; x_wconf 87' lang='lat' dir='ltr'><strong>juillet</strong></span> <span class='ocrx_word' id='word_1_358' title='bbox 2168 756 2244 783; x_wconf 72' lang='lat'>1204.</span> 
     </span>
    </p>
   </div>
   <div class='ocr_carea' id='block_1_22' title="bbox 1304 841 2320 1071">
    <p class='ocr_par' dir='ltr' id='par_1_22' title="bbox 1304 841 2320 1071">
     <span class='ocr_line' id='line_1_54' title="bbox 1339 841 2320 876; baseline 0.001 -9"><span class='ocrx_word' id='word_1_359' title='bbox 1339 843 1366 867; x_wconf 74' lang='lat' dir='ltr'><strong>S.</strong></span> <span class='ocrx_word' id='word_1_360' title='bbox 1382 841 1487 869; x_wconf 78' lang='lat' dir='ltr'><strong>Mariae</strong></span> <span class='ocrx_word' id='word_1_361' title='bbox 1507 842 1541 868; x_wconf 89' lang='lat' dir='ltr'><strong>de</strong></span> <span class='ocrx_word' id='word_1_362' title='bbox 1566 842 1676 868; x_wconf 77' lang='lat' dir='ltr'><strong>Oliveto</strong></span> <span class='ocrx_word' id='word_1_363' title='bbox 1698 844 1725 868; x_wconf 82' lang='lat' dir='ltr'><strong>et</strong></span> <span class='ocrx_word' id='word_1_364' title='bbox 1745 850 1769 868; x_wconf 79' lang='lat' dir='ltr'><strong>S.</strong></span> <span class='ocrx_word' id='word_1_365' title='bbox 1784 841 1889 868; x_wconf 82' lang='lat' dir='ltr'><strong>Mariae</strong></span> <span class='ocrx_word' id='word_1_366' title='bbox 1913 842 1947 868; x_wconf 84' lang='lat' dir='ltr'><strong>de</strong></span> <span class='ocrx_word' id='word_1_367' title='bbox 1972 841 2052 868; x_wconf 75' lang='lat' dir='ltr'><strong>Valle</strong></span> <span class='ocrx_word' id='word_1_368' title='bbox 2067 841 2210 876; x_wconf 88' lang='lat' dir='ltr'><strong>prioribus</strong></span> <span class='ocrx_word' id='word_1_369' title='bbox 2233 841 2320 868; x_wconf 87' lang='lat' dir='ltr'><strong>Peru-</strong></span> 
     </span>
     <span class='ocr_line' id='line_1_55' title="bbox 1305 890 2319 923; baseline 0.001 -7"><span class='ocrx_word' id='word_1_370' title='bbox 1305 891 1377 917; x_wconf 88' lang='lat' dir='ltr'><strong>sinis</strong></span> <span class='ocrx_word' id='word_1_371' title='bbox 1403 891 1523 917; x_wconf 83' lang='lat' dir='ltr'><strong>mandat</strong></span> <span class='ocrx_word' id='word_1_372' title='bbox 1550 894 1579 917; x_wconf 90' lang='lat' dir='ltr'><strong>ut</strong></span> <span class='ocrx_word' id='word_1_373' title='bbox 1609 891 1684 917; x_wconf 73' lang='lat' dir='ltr'><strong>inter</strong></span> <span class='ocrx_word' id='word_1_374' title='bbox 1713 898 1813 917; x_wconf 87' lang='lat' dir='ltr'><strong>omnes</strong></span> <span class='ocrx_word' id='word_1_375' title='bbox 1844 890 1982 917; x_wconf 81' lang='lat' dir='ltr'><strong>ecclesias</strong></span> <span class='ocrx_word' id='word_1_376' title='bbox 2002 893 2030 917; x_wconf 87' lang='lat' dir='ltr'><strong>et</strong></span> <span class='ocrx_word' id='word_1_377' title='bbox 2051 890 2240 923; x_wconf 82' lang='lat' dir='ltr'><strong>monasteria,</strong></span> <span class='ocrx_word' id='word_1_378' title='bbox 2257 893 2319 917; x_wconf 84' lang='lat' dir='ltr'><strong>tam</strong></span> 
     </span>
     <span class='ocr_line' id='line_1_56' title="bbox 1304 938 2318 973; baseline 0.002 -9"><span class='ocrx_word' id='word_1_379' title='bbox 1304 942 1436 973; x_wconf 67' lang='lat' dir='ltr'><strong>exempta</strong></span> <span class='ocrx_word' id='word_1_380' title='bbox 1456 947 1542 973; x_wconf 82' lang='lat' dir='ltr'><strong>quam</strong></span> <span class='ocrx_word' id='word_1_381' title='bbox 1559 948 1615 965; x_wconf 89' lang='lat' dir='ltr'><strong>non</strong></span> <span class='ocrx_word' id='word_1_382' title='bbox 1625 942 1770 973; x_wconf 70' lang='lat' dir='ltr'><strong>exempta,</strong></span> <span class='ocrx_word' id='word_1_383' title='bbox 1783 939 1907 966; x_wconf 83' lang='lat' dir='ltr'><strong>diocesis</strong></span> <span class='ocrx_word' id='word_1_384' title='bbox 1926 938 2191 971; x_wconf 83' lang='lat' dir='ltr'><strong>Pcrusinae,onera</strong></span> <span class='ocrx_word' id='word_1_385' title='bbox 2208 938 2318 966; x_wconf 78' lang='lat' dir='ltr'><strong>dividat</strong></span> 
     </span>
     <span class='ocr_line' id='line_1_57' title="bbox 1304 987 2319 1022; baseline 0.001 -8"><span class='ocrx_word' id='word_1_386' title='bbox 1304 988 1540 1022; x_wconf 84' lang='lat' dir='ltr'><strong>procurationum</strong></span> <span class='ocrx_word' id='word_1_387' title='bbox 1571 987 1674 1022; x_wconf 82' lang='lat' dir='ltr'><strong>legatis</strong></span> <span class='ocrx_word' id='word_1_388' title='bbox 1703 990 1729 1014; x_wconf 90' lang='lat' dir='ltr'><strong>et</strong></span> <span class='ocrx_word' id='word_1_389' title='bbox 1749 988 1858 1014; x_wconf 88' lang='lat' dir='ltr'><strong>nuntiis</strong></span> <span class='ocrx_word' id='word_1_390' title='bbox 1881 987 2048 1022; x_wconf 82' lang='lat' dir='ltr'><strong>apostolicis</strong></span> <span class='ocrx_word' id='word_1_391' title='bbox 2065 988 2136 1014; x_wconf 76' lang='lat' dir='ltr'><strong>solvi</strong></span> <span class='ocrx_word' id='word_1_392' title='bbox 2153 987 2319 1016; x_wconf 88' lang='lat' dir='ltr'><strong>solitarum.</strong></span> 
     </span>
     <span class='ocr_line' id='line_1_58' title="bbox 1306 1037 1804 1071; baseline 0.004 -9"><span class='ocrx_word' id='word_1_393' title='bbox 1306 1037 1383 1071; x_wconf 69' lang='lat' dir='ltr'><strong>(nm.</strong></span> <span class='ocrx_word' id='word_1_394' title='bbox 1404 1037 1448 1067; x_wconf 73' lang='lat'><strong>29,</strong></span> <span class='ocrx_word' id='word_1_395' title='bbox 1477 1037 1526 1063; x_wconf 83' lang='lat' dir='ltr'><strong>fol.</strong></span> <span class='ocrx_word' id='word_1_396' title='bbox 1543 1037 1594 1063; x_wconf 72' lang='lat'><strong>212</strong></span> <span class='ocrx_word' id='word_1_397' title='bbox 1610 1043 1647 1067; x_wconf 64' lang='lat' dir='ltr'><strong>vo,</strong></span> <span class='ocrx_word' id='word_1_398' title='bbox 1663 1042 1692 1062; x_wconf 67' lang='lat' dir='ltr'><strong>no</strong></span> <span class='ocrx_word' id='word_1_399' title='bbox 1710 1037 1804 1071; x_wconf 84' lang='grc'><strong>1091.)</strong></span> 
     </span>
    </p>
   </div>
   <div class='ocr_carea' id='block_1_23' title="bbox 1304 1140 2324 2141">
    <p class='ocr_par' dir='ltr' id='par_1_23' title="bbox 1304 1140 2324 2141">
     <span class='ocr_line' id='line_1_59' title="bbox 1346 1140 2320 1177; baseline -0.001 -6"><span class='ocrx_word' id='word_1_400' title='bbox 1346 1151 1361 1171; x_wconf 80' lang='grc'><strong>(1</strong></span> <span class='ocrx_word' id='word_1_401' title='bbox 1380 1164 1387 1170; x_wconf 96' lang='grc'>.</span> <span class='ocrx_word' id='word_1_402' title='bbox 1403 1166 1409 1172; x_wconf 90' lang='grc'><strong>.</strong></span> <span class='ocrx_word' id='word_1_403' title='bbox 1427 1146 1531 1171; x_wconf 82' lang='lat' dir='ltr'><strong>sancte</strong></span> <span class='ocrx_word' id='word_1_404' title='bbox 1547 1141 1645 1171; x_wconf 71' lang='lat' dir='ltr'><strong>[narie</strong></span> <span class='ocrx_word' id='word_1_405' title='bbox 1662 1141 1697 1171; x_wconf 74' lang='lat' dir='ltr'><strong>dc</strong></span> <span class='ocrx_word' id='word_1_406' title='bbox 1717 1141 1845 1177; x_wconf 65' lang='lat' dir='ltr'><strong>Olivam,</strong></span> <span class='ocrx_word' id='word_1_407' title='bbox 1858 1147 1885 1171; x_wconf 84' lang='lat' dir='ltr'><strong>et</strong></span> <span class='ocrx_word' id='word_1_408' title='bbox 1901 1163 1909 1170; x_wconf 88' lang='lat'><strong>.</strong></span> <span class='ocrx_word' id='word_1_409' title='bbox 1924 1166 1930 1172; x_wconf 93' lang='lat'><em>.</em></span> <span class='ocrx_word' id='word_1_410' title='bbox 1946 1146 2048 1171; x_wconf 74' lang='lat' dir='ltr'><strong>sancte</strong></span> <span class='ocrx_word' id='word_1_411' title='bbox 2063 1141 2161 1171; x_wconf 75' lang='lat' dir='ltr'><strong>Mar-ie</strong></span> <span class='ocrx_word' id='word_1_412' title='bbox 2177 1141 2213 1171; x_wconf 81' lang='lat' dir='ltr'><strong>de</strong></span> <span class='ocrx_word' id='word_1_413' title='bbox 2234 1140 2320 1171; x_wconf 85' lang='lat' dir='ltr'><strong>Valle</strong></span> 
     </span>
     <span class='ocr_line' id='line_1_60' title="bbox 1304 1194 2320 1234; baseline 0.002 -11"><span class='ocrx_word' id='word_1_414' title='bbox 1304 1194 1461 1234; x_wconf 74' lang='lat' dir='ltr'><strong>prioribus</strong></span> <span class='ocrx_word' id='word_1_415' title='bbox 1478 1194 1648 1224; x_wconf 79' lang='lat' dir='ltr'><strong>Perusinis.</strong></span> <span class='ocrx_word' id='word_1_416' title='bbox 1661 1194 1878 1225; x_wconf 68' lang='lat' dir='ltr'><strong>Venerabilis</strong></span> <span class='ocrx_word' id='word_1_417' title='bbox 1897 1195 2001 1225; x_wconf 83' lang='lat' dir='ltr'><strong>frater</strong></span> <span class='ocrx_word' id='word_1_418' title='bbox 2016 1197 2132 1225; x_wconf 87' lang='lat' dir='ltr'><strong>noster</strong></span> <span class='ocrx_word' id='word_1_419' title='bbox 2147 1220 2152 1224; x_wconf 95' lang='lat'>.</span> <span class='ocrx_word' id='word_1_420' title='bbox 2167 1219 2172 1224; x_wconf 93' lang='lat'>.</span> <span class='ocrx_word' id='word_1_421' title='bbox 2192 1195 2320 1234; x_wconf 86' lang='lat' dir='ltr'><strong>episco-</strong></span> 
     </span>
     <span class='ocr_line' id='line_1_61' title="bbox 1306 1248 2320 1287; baseline 0 -9"><span class='ocrx_word' id='word_1_422' title='bbox 1306 1257 1382 1287; x_wconf 88' lang='lat' dir='ltr'><strong>pus,</strong></span> <span class='ocrx_word' id='word_1_423' title='bbox 1402 1250 1434 1278; x_wconf 91' lang='lat' dir='ltr'><strong>et</strong></span> <span class='ocrx_word' id='word_1_424' title='bbox 1453 1248 1567 1278; x_wconf 90' lang='lat' dir='ltr'><strong>dilecti</strong></span> <span class='ocrx_word' id='word_1_425' title='bbox 1594 1248 1656 1278; x_wconf 90' lang='lat' dir='ltr'><strong>filii</strong></span> <span class='ocrx_word' id='word_1_426' title='bbox 1675 1271 1681 1276; x_wconf 94' lang='lat'>.</span> <span class='ocrx_word' id='word_1_427' title='bbox 1700 1274 1705 1279; x_wconf 83' lang='lat'>.</span> <span class='ocrx_word' id='word_1_428' title='bbox 1732 1248 1995 1287; x_wconf 84' lang='lat' dir='ltr'><strong>archipresbiter</strong></span> <span class='ocrx_word' id='word_1_429' title='bbox 2017 1250 2048 1278; x_wconf 92' lang='lat' dir='ltr'><strong>et</strong></span> <span class='ocrx_word' id='word_1_430' title='bbox 2073 1248 2261 1287; x_wconf 87' lang='lat' dir='ltr'><strong>capitutum</strong></span> <span class='ocrx_word' id='word_1_431' title='bbox 2282 1257 2320 1279; x_wconf 86' lang='lat' dir='ltr'><strong>ac</strong></span> 
     </span>
     <span class='ocr_line' id='line_1_62' title="bbox 1306 1301 2322 1332; baseline 0 -1"><span class='ocrx_word' id='word_1_432' title='bbox 1306 1301 1411 1332; x_wconf 86' lang='lat' dir='ltr'><strong>abbas</strong></span> <span class='ocrx_word' id='word_1_433' title='bbox 1438 1303 1470 1331; x_wconf 88' lang='grc'><strong>01</strong></span> <span class='ocrx_word' id='word_1_434' title='bbox 1495 1303 1682 1332; x_wconf 88' lang='lat' dir='ltr'><strong>conventus</strong></span> <span class='ocrx_word' id='word_1_435' title='bbox 1700 1302 1900 1332; x_wconf 87' lang='lat' dir='ltr'><strong>monasterii</strong></span> <span class='ocrx_word' id='word_1_436' title='bbox 1918 1302 2025 1331; x_wconf 76' lang='lat' dir='ltr'><strong>sancti</strong></span> <span class='ocrx_word' id='word_1_437' title='bbox 2044 1302 2135 1332; x_wconf 87' lang='lat' dir='ltr'><strong>Petri</strong></span> <span class='ocrx_word' id='word_1_438' title='bbox 2162 1301 2322 1332; x_wconf 83' lang='lat' dir='ltr'><strong>Perusini</strong></span> 
     </span>
     <span class='ocr_line' id='line_1_63' title="bbox 1307 1353 2322 1393; baseline 0 -9"><span class='ocrx_word' id='word_1_439' title='bbox 1307 1363 1368 1384; x_wconf 87' lang='lat' dir='ltr'><strong>sua</strong></span> <span class='ocrx_word' id='word_1_440' title='bbox 1400 1353 1499 1384; x_wconf 86' lang='lat' dir='ltr'><strong>nobis</strong></span> <span class='ocrx_word' id='word_1_441' title='bbox 1528 1355 1835 1385; x_wconf 75' lang='lat' dir='ltr'><strong>communicatione</strong></span> <span class='ocrx_word' id='word_1_442' title='bbox 1868 1356 2102 1385; x_wconf 84' lang='lat' dir='ltr'><strong>monstrarunt</strong></span> <span class='ocrx_word' id='word_1_443' title='bbox 2135 1355 2225 1393; x_wconf 87' lang='lat' dir='ltr'><strong>quod</strong></span> <span class='ocrx_word' id='word_1_444' title='bbox 2251 1357 2322 1384; x_wconf 87' lang='lat' dir='ltr'><strong>tam</strong></span> 
     </span>
     <span class='ocr_line' id='line_1_64' title="bbox 1307 1407 2322 1447; baseline 0.001 -10"><span class='ocrx_word' id='word_1_445' title='bbox 1307 1408 1374 1447; x_wconf 91' lang='lat' dir='ltr'><strong>ipsi</strong></span> <span class='ocrx_word' id='word_1_446' title='bbox 1392 1416 1494 1447; x_wconf 89' lang='lat' dir='ltr'><strong>quam</strong></span> <span class='ocrx_word' id='word_1_447' title='bbox 1519 1409 1611 1438; x_wconf 86' lang='lat' dir='ltr'><strong>totus</strong></span> <span class='ocrx_word' id='word_1_448' title='bbox 1630 1407 1742 1438; x_wconf 83' lang='lat' dir='ltr'><strong>clerus</strong></span> <span class='ocrx_word' id='word_1_449' title='bbox 1768 1408 1934 1438; x_wconf 88' lang='lat' dir='ltr'><strong>Perusine</strong></span> <span class='ocrx_word' id='word_1_450' title='bbox 1951 1408 2100 1438; x_wconf 79' lang='lat' dir='ltr'><strong>civitatis</strong></span> <span class='ocrx_word' id='word_1_451' title='bbox 2122 1410 2153 1438; x_wconf 88' lang='lat' dir='ltr'><strong>et</strong></span> <span class='ocrx_word' id='word_1_452' title='bbox 2174 1408 2322 1438; x_wconf 82' lang='lat' dir='ltr'><strong>diocesis</strong></span> 
     </span>
     <span class='ocr_line' id='line_1_65' title="bbox 1308 1460 2324 1500; baseline 0 -9"><span class='ocrx_word' id='word_1_453' title='bbox 1308 1462 1342 1491; x_wconf 92' lang='lat' dir='ltr'><strong>in</strong></span> <span class='ocrx_word' id='word_1_454' title='bbox 1363 1460 1564 1491; x_wconf 77' lang='lat' dir='ltr'><strong>exhibendis</strong></span> <span class='ocrx_word' id='word_1_455' title='bbox 1580 1460 1878 1499; x_wconf 86' lang='lat' dir='ltr'><strong>procurationibus</strong></span> <span class='ocrx_word' id='word_1_456' title='bbox 1894 1461 2015 1500; x_wconf 87' lang='lat' dir='ltr'><strong>legatis</strong></span> <span class='ocrx_word' id='word_1_457' title='bbox 2031 1463 2061 1491; x_wconf 87' lang='lat' dir='ltr'><strong>et</strong></span> <span class='ocrx_word' id='word_1_458' title='bbox 2078 1461 2208 1491; x_wconf 91' lang='lat' dir='ltr'><strong>nuntiis</strong></span> <span class='ocrx_word' id='word_1_459' title='bbox 2226 1469 2324 1500; x_wconf 85' lang='lat' dir='ltr'><strong>apos-</strong></span> 
     </span>
     <span class='ocr_line' id='line_1_66' title="bbox 1306 1514 2321 1553; baseline -0.001 -8"><span class='ocrx_word' id='word_1_460' title='bbox 1306 1514 1407 1545; x_wconf 88' lang='lat' dir='ltr'><strong>tolice</strong></span> <span class='ocrx_word' id='word_1_461' title='bbox 1428 1514 1532 1549; x_wconf 88' lang='lat' dir='ltr'><strong>sedis,</strong></span> <span class='ocrx_word' id='word_1_462' title='bbox 1563 1514 1620 1553; x_wconf 86' lang='lat' dir='ltr'><strong>qui</strong></span> <span class='ocrx_word' id='word_1_463' title='bbox 1638 1514 1832 1553; x_wconf 81' lang='lat' dir='ltr'><strong>frequenter</strong></span> <span class='ocrx_word' id='word_1_464' title='bbox 1853 1523 1912 1553; x_wconf 92' lang='lat' dir='ltr'><strong>per</strong></span> <span class='ocrx_word' id='word_1_465' title='bbox 1935 1515 2116 1545; x_wconf 88' lang='lat' dir='ltr'><strong>Perusium</strong></span> <span class='ocrx_word' id='word_1_466' title='bbox 2132 1515 2321 1550; x_wconf 81' lang='lat' dir='ltr'><strong>transeunt,</strong></span> 
     </span>
     <span class='ocr_line' id='line_1_67' title="bbox 1308 1567 2322 1607; baseline 0 -9"><span class='ocrx_word' id='word_1_467' title='bbox 1308 1568 1391 1598; x_wconf 89' lang='lat' dir='ltr'><strong>adeo</strong></span> <span class='ocrx_word' id='word_1_468' title='bbox 1412 1570 1667 1607; x_wconf 82' lang='lat' dir='ltr'><strong>pergravantur,</strong></span> <span class='ocrx_word' id='word_1_469' title='bbox 1693 1577 1712 1598; x_wconf 82' lang='lat' dir='ltr'><strong>a</strong></span> <span class='ocrx_word' id='word_1_470' title='bbox 1735 1568 1856 1598; x_wconf 90' lang='lat' dir='ltr'><strong>ceteris</strong></span> <span class='ocrx_word' id='word_1_471' title='bbox 1883 1568 2068 1598; x_wconf 86' lang='lat' dir='ltr'><strong>eorundem</strong></span> <span class='ocrx_word' id='word_1_472' title='bbox 2084 1567 2235 1598; x_wconf 89' lang='lat' dir='ltr'><strong>locorum</strong></span> <span class='ocrx_word' id='word_1_473' title='bbox 2255 1576 2322 1598; x_wconf 88' lang='lat' dir='ltr'><strong>mo-</strong></span> 
     </span>
     <span class='ocr_line' id='line_1_68' title="bbox 1308 1621 2324 1661; baseline 0 -10"><span class='ocrx_word' id='word_1_474' title='bbox 1308 1621 1468 1652; x_wconf 83' lang='lat' dir='ltr'><strong>nasteriis</strong></span> <span class='ocrx_word' id='word_1_475' title='bbox 1494 1622 1525 1651; x_wconf 88' lang='lat' dir='ltr'><strong>et</strong></span> <span class='ocrx_word' id='word_1_476' title='bbox 1550 1621 1706 1652; x_wconf 89' lang='lat' dir='ltr'><strong>ecclesiis</strong></span> <span class='ocrx_word' id='word_1_477' title='bbox 1732 1630 1796 1652; x_wconf 91' lang='lat' dir='ltr'><strong>non</strong></span> <span class='ocrx_word' id='word_1_478' title='bbox 1826 1621 1945 1661; x_wconf 79' lang='lat' dir='ltr'><strong>adjuti,</strong></span> <span class='ocrx_word' id='word_1_479' title='bbox 1973 1622 2061 1660; x_wconf 89' lang='lat' dir='ltr'><strong>quod</strong></span> <span class='ocrx_word' id='word_1_480' title='bbox 2090 1630 2157 1651; x_wconf 89' lang='lat' dir='ltr'><strong>non</strong></span> <span class='ocrx_word' id='word_1_481' title='bbox 2179 1622 2324 1660; x_wconf 85' lang='lat' dir='ltr'><strong>possunt</strong></span> 
     </span>
     <span class='ocr_line' id='line_1_69' title="bbox 1308 1675 2323 1714; baseline 0.001 -10"><span class='ocrx_word' id='word_1_482' title='bbox 1308 1675 1457 1714; x_wconf 91' lang='lat' dir='ltr'><strong>amplius</strong></span> <span class='ocrx_word' id='word_1_483' title='bbox 1485 1675 1557 1705; x_wconf 85' lang='lat' dir='ltr'><strong>sine</strong></span> <span class='ocrx_word' id='word_1_484' title='bbox 1581 1675 1675 1713; x_wconf 82' lang='lat' dir='ltr'><strong>gravi</strong></span> <span class='ocrx_word' id='word_1_485' title='bbox 1703 1675 1882 1714; x_wconf 87' lang='lat' dir='ltr'><strong>dispendio</strong></span> <span class='ocrx_word' id='word_1_486' title='bbox 1904 1675 2093 1710; x_wconf 67' lang='lat' dir='ltr'><strong>sustinereg</strong></span> <span class='ocrx_word' id='word_1_487' title='bbox 2125 1683 2228 1713; x_wconf 90' lang='lat' dir='ltr'><strong>super</strong></span> <span class='ocrx_word' id='word_1_488' title='bbox 2257 1682 2323 1713; x_wconf 87' lang='lat' dir='ltr'><strong>quo</strong></span> 
     </span>
     <span class='ocr_line' id='line_1_70' title="bbox 1308 1728 2324 1767; baseline 0 -9"><span class='ocrx_word' id='word_1_489' title='bbox 1308 1728 1411 1758; x_wconf 88' lang='lat' dir='ltr'><strong>iidem</strong></span> <span class='ocrx_word' id='word_1_490' title='bbox 1437 1728 1608 1767; x_wconf 87' lang='lat' dir='ltr'><strong>petierunt</strong></span> <span class='ocrx_word' id='word_1_491' title='bbox 1633 1728 1698 1758; x_wconf 87' lang='lat' dir='ltr'><strong>sibi</strong></span> <span class='ocrx_word' id='word_1_492' title='bbox 1718 1728 1757 1759; x_wconf 88' lang='lat' dir='ltr'><strong>de</strong></span> <span class='ocrx_word' id='word_1_493' title='bbox 1786 1730 1947 1759; x_wconf 84' lang='lat' dir='ltr'><strong>consueta</strong></span> <span class='ocrx_word' id='word_1_494' title='bbox 1967 1728 2078 1767; x_wconf 90' lang='lat' dir='ltr'><strong>ipsius</strong></span> <span class='ocrx_word' id='word_1_495' title='bbox 2101 1728 2192 1758; x_wconf 85' lang='lat' dir='ltr'><strong>sedis</strong></span> <span class='ocrx_word' id='word_1_496' title='bbox 2211 1728 2324 1767; x_wconf 87' lang='lat' dir='ltr'><strong>provi-</strong></span> 
     </span>
     <span class='ocr_line' id='line_1_71' title="bbox 1308 1782 2324 1821; baseline 0 -9"><span class='ocrx_word' id='word_1_497' title='bbox 1308 1782 1423 1812; x_wconf 88' lang='lat' dir='ltr'><strong>dentia</strong></span> <span class='ocrx_word' id='word_1_498' title='bbox 1442 1782 1710 1812; x_wconf 85' lang='lat' dir='ltr'><strong>misericorditer</strong></span> <span class='ocrx_word' id='word_1_499' title='bbox 1737 1782 1924 1812; x_wconf 89' lang='lat' dir='ltr'><strong>subveniri.</strong></span> <span class='ocrx_word' id='word_1_500' title='bbox 1945 1782 2032 1818; x_wconf 87' lang='lat' dir='ltr'><strong>Quia</strong></span> <span class='ocrx_word' id='word_1_501' title='bbox 2047 1791 2126 1812; x_wconf 75' lang='lat' dir='ltr'><strong>vero</strong></span> <span class='ocrx_word' id='word_1_502' title='bbox 2146 1790 2249 1812; x_wconf 85' lang='lat' dir='ltr'><strong>onera</strong></span> <span class='ocrx_word' id='word_1_503' title='bbox 2263 1790 2324 1821; x_wconf 89' lang='lat' dir='ltr'><strong>per</strong></span> 
     </span>
     <span class='ocr_line' id='line_1_72' title="bbox 1308 1835 2323 1875; baseline -0.001 -9"><span class='ocrx_word' id='word_1_504' title='bbox 1308 1839 1421 1875; x_wconf 87' lang='lat' dir='ltr'><strong>partes</strong></span> <span class='ocrx_word' id='word_1_505' title='bbox 1452 1836 1562 1865; x_wconf 80' lang='lat' dir='ltr'><strong>divisa</strong></span> <span class='ocrx_word' id='word_1_506' title='bbox 1585 1835 1696 1865; x_wconf 83' lang='lat' dir='ltr'><strong>levius</strong></span> <span class='ocrx_word' id='word_1_507' title='bbox 1722 1837 1977 1874; x_wconf 84' lang='lat' dir='ltr'><strong>supportantur,</strong></span> <span class='ocrx_word' id='word_1_508' title='bbox 1995 1836 2198 1866; x_wconf 86' lang='lat' dir='ltr'><strong>mandamus</strong></span> <span class='ocrx_word' id='word_1_509' title='bbox 2215 1835 2323 1874; x_wconf 85' lang='lat' dir='ltr'><strong>quati-</strong></span> 
     </span>
     <span class='ocr_line' id='line_1_73' title="bbox 1309 1888 2324 1928; baseline -0.002 -8"><span class='ocrx_word' id='word_1_510' title='bbox 1309 1898 1384 1923; x_wconf 83' lang='lat' dir='ltr'><strong>nus,</strong></span> <span class='ocrx_word' id='word_1_511' title='bbox 1416 1889 1568 1928; x_wconf 85' lang='lat' dir='ltr'><strong>pensatis</strong></span> <span class='ocrx_word' id='word_1_512' title='bbox 1599 1889 1900 1928; x_wconf 86' lang='lat' dir='ltr'><strong>circumspectione</strong></span> <span class='ocrx_word' id='word_1_513' title='bbox 1929 1889 2070 1927; x_wconf 74' lang='lat' dir='ltr'><strong>provida</strong></span> <span class='ocrx_word' id='word_1_514' title='bbox 2105 1888 2324 1919; x_wconf 78' lang='lat' dir='ltr'><strong>facultatibus</strong></span> 
     </span>
     <span class='ocr_line' id='line_1_74' title="bbox 1310 1942 2322 1973; baseline -0.001 0"><span class='ocrx_word' id='word_1_515' title='bbox 1310 1943 1462 1973; x_wconf 88' lang='lat' dir='ltr'><strong>omnium</strong></span> <span class='ocrx_word' id='word_1_516' title='bbox 1480 1942 1766 1972; x_wconf 85' lang='lat' dir='ltr'><strong>monasteriorum</strong></span> <span class='ocrx_word' id='word_1_517' title='bbox 1791 1944 1823 1972; x_wconf 92' lang='lat' dir='ltr'><strong>et</strong></span> <span class='ocrx_word' id='word_1_518' title='bbox 1841 1942 2061 1972; x_wconf 83' lang='lat' dir='ltr'><strong>ecclesiarum</strong></span> <span class='ocrx_word' id='word_1_519' title='bbox 2080 1942 2262 1972; x_wconf 88' lang='lat' dir='ltr'><strong>earundem</strong></span> <span class='ocrx_word' id='word_1_520' title='bbox 2280 1942 2322 1972; x_wconf 84' lang='lat' dir='ltr'><strong>ci-</strong></span> 
     </span>
     <span class='ocr_line' id='line_1_75' title="bbox 1309 1995 2322 2034; baseline 0 -10"><span class='ocrx_word' id='word_1_521' title='bbox 1309 1995 1426 2025; x_wconf 82' lang='lat' dir='ltr'><strong>vitatis</strong></span> <span class='ocrx_word' id='word_1_522' title='bbox 1442 1997 1473 2025; x_wconf 87' lang='lat' dir='ltr'><strong>et</strong></span> <span class='ocrx_word' id='word_1_523' title='bbox 1486 1995 1644 2028; x_wconf 85' lang='lat' dir='ltr'><strong>diocesis,</strong></span> <span class='ocrx_word' id='word_1_524' title='bbox 1657 1997 1725 2025; x_wconf 82' lang='lat' dir='ltr'><strong>tam</strong></span> <span class='ocrx_word' id='word_1_525' title='bbox 1740 1996 1975 2033; x_wconf 83' lang='lat' dir='ltr'><strong>exemptorum</strong></span> <span class='ocrx_word' id='word_1_526' title='bbox 1993 2004 2095 2034; x_wconf 86' lang='lat' dir='ltr'><strong>quam</strong></span> <span class='ocrx_word' id='word_1_527' title='bbox 2107 2003 2173 2024; x_wconf 89' lang='lat' dir='ltr'><strong>non</strong></span> <span class='ocrx_word' id='word_1_528' title='bbox 2189 2003 2322 2033; x_wconf 76' lang='lat' dir='ltr'><strong>exemp·</strong></span> 
     </span>
     <span class='ocr_line' id='line_1_76' title="bbox 1309 2047 2324 2087; baseline 0.001 -10"><span class='ocrx_word' id='word_1_529' title='bbox 1309 2050 1433 2084; x_wconf 85' lang='lat' dir='ltr'><strong>torum,</strong></span> <span class='ocrx_word' id='word_1_530' title='bbox 1458 2048 1709 2083; x_wconf 79' lang='lat' dir='ltr'><strong>Cisterciensis,</strong></span> <span class='ocrx_word' id='word_1_531' title='bbox 1739 2047 1861 2078; x_wconf 86' lang='lat' dir='ltr'><strong>Militie</strong></span> <span class='ocrx_word' id='word_1_532' title='bbox 1887 2048 2019 2087; x_wconf 87' lang='lat' dir='ltr'><strong>Templi</strong></span> <span class='ocrx_word' id='word_1_533' title='bbox 2043 2050 2074 2078; x_wconf 87' lang='lat' dir='ltr'><strong>et</strong></span> <span class='ocrx_word' id='word_1_534' title='bbox 2101 2048 2247 2078; x_wconf 86' lang='lat' dir='ltr'><strong>aliorum</strong></span> <span class='ocrx_word' id='word_1_535' title='bbox 2273 2056 2324 2078; x_wconf 88' lang='lat' dir='ltr'><strong>or-</strong></span> 
     </span>
     <span class='ocr_line' id='line_1_77' title="bbox 1310 2101 2323 2141; baseline 0.001 -11"><span class='ocrx_word' id='word_1_536' title='bbox 1310 2101 1441 2135; x_wconf 84' lang='lat' dir='ltr'><strong>dinum,</strong></span> <span class='ocrx_word' id='word_1_537' title='bbox 1478 2110 1541 2140; x_wconf 86' lang='lat' dir='ltr'><strong>que</strong></span> <span class='ocrx_word' id='word_1_538' title='bbox 1574 2103 1716 2139; x_wconf 86' lang='lat' dir='ltr'><strong>possunt</strong></span> <span class='ocrx_word' id='word_1_539' title='bbox 1752 2101 1946 2139; x_wconf 87' lang='lat' dir='ltr'><strong>hujusmodi</strong></span> <span class='ocrx_word' id='word_1_540' title='bbox 1975 2110 2076 2132; x_wconf 88' lang='lat' dir='ltr'><strong>onera</strong></span> <span class='ocrx_word' id='word_1_541' title='bbox 2109 2104 2323 2141; x_wconf 85' lang='lat' dir='ltr'><strong>supportare,</strong></span> 
     </span>
    </p>
   </div>
   <div class='ocr_carea' id='block_1_24' title="bbox 1282 2150 2323 2194">
    <p class='ocr_par' dir='ltr' id='par_1_24' title="bbox 1282 2150 2323 2194">
     <span class='ocr_line' id='line_1_78' title="bbox 1282 2150 2323 2194; baseline 0.001 -10"><span class='ocrx_word' id='word_1_542' title='bbox 1282 2150 1284 2155; x_wconf 60' lang='lat'><strong>⁴</strong></span> <span class='ocrx_word' id='word_1_543' title='bbox 1311 2154 1509 2184; x_wconf 80' lang='lat' dir='ltr'><strong>auctoritate</strong></span> <span class='ocrx_word' id='word_1_544' title='bbox 1536 2156 1652 2184; x_wconf 86' lang='lat' dir='ltr'><strong>nostra</strong></span> <span class='ocrx_word' id='word_1_545' title='bbox 1675 2154 1835 2184; x_wconf 81' lang='lat' dir='ltr'><strong>statuatis</strong></span> <span class='ocrx_word' id='word_1_546' title='bbox 1861 2156 1897 2184; x_wconf 91' lang='lat' dir='ltr'><strong>ut</strong></span> <span class='ocrx_word' id='word_1_547' title='bbox 1922 2154 1969 2184; x_wconf 89' lang='lat' dir='ltr'><strong>hii</strong></span> <span class='ocrx_word' id='word_1_548' title='bbox 1993 2164 2111 2185; x_wconf 83' lang='lat' dir='ltr'><strong>omnes</strong></span> <span class='ocrx_word' id='word_1_549' title='bbox 2136 2155 2323 2194; x_wconf 81' lang='lat' dir='ltr'><strong>proportio-</strong></span> 
     </span>
    </p>
   </div>
   <div class='ocr_carea' id='block_1_25' title="bbox 1273 494 1287 2299">
    <p class='ocr_par' dir='ltr' id='par_1_25' title="bbox 1273 494 1287 2299">
     <span class='ocr_line' id='line_1_79' title="bbox 1273 494 1287 2299; baseline 0 0"><span class='ocrx_word' id='word_1_550' title='bbox 1273 494 1287 2299; x_wconf 95' lang='lat' dir='ltr'><strong> </strong></span> 
     </span>
    </p>
   </div>
   <div class='ocr_carea' id='block_1_26' title="bbox 1272 494 1291 2872">
    <p class='ocr_par' dir='ltr' id='par_1_26' title="bbox 1272 494 1291 2872">
     <span class='ocr_line' id='line_1_80' title="bbox 1272 494 1291 2872; baseline 0 0"><span class='ocrx_word' id='word_1_551' title='bbox 1272 494 1291 2872; x_wconf 95' lang='lat' dir='ltr'><strong> </strong></span> 
     </span>
    </p>
   </div>
   <div class='ocr_carea' id='block_1_27' title="bbox 1312 2207 2326 2406">
    <p class='ocr_par' dir='ltr' id='par_1_27' title="bbox 1312 2207 2326 2406">
     <span class='ocr_line' id='line_1_81' title="bbox 1312 2207 2326 2247; baseline 0.001 -10"><span class='ocrx_word' id='word_1_552' title='bbox 1312 2207 1433 2237; x_wconf 85' lang='lat' dir='ltr'><strong>naliter</strong></span> <span class='ocrx_word' id='word_1_553' title='bbox 1463 2207 1678 2237; x_wconf 84' lang='lat' dir='ltr'><strong>contribuant</strong></span> <span class='ocrx_word' id='word_1_554' title='bbox 1699 2207 1796 2246; x_wconf 56' lang='grc' dir='ltr'><strong>ι111313</strong></span> <span class='ocrx_word' id='word_1_555' title='bbox 1810 2208 1901 2238; x_wconf 86' lang='lat' dir='ltr'><strong>vires</strong></span> <span class='ocrx_word' id='word_1_556' title='bbox 1915 2217 1973 2247; x_wconf 91' lang='lat' dir='ltr'><strong>pro</strong></span> <span class='ocrx_word' id='word_1_557' title='bbox 1990 2208 2184 2247; x_wconf 83' lang='lat' dir='ltr'><strong>hujusmodi</strong></span> <span class='ocrx_word' id='word_1_558' title='bbox 2206 2216 2326 2247; x_wconf 86' lang='lat' dir='ltr'><strong>procu-</strong></span> 
     </span>
     <span class='ocr_line' id='line_1_82' title="bbox 1312 2260 2324 2293; baseline 0.001 -2"><span class='ocrx_word' id='word_1_559' title='bbox 1312 2260 1502 2291; x_wconf 85' lang='lat' dir='ltr'><strong>rationibus</strong></span> <span class='ocrx_word' id='word_1_560' title='bbox 1528 2261 1741 2291; x_wconf 83' lang='lat' dir='ltr'><strong>exhibendis.</strong></span> <span class='ocrx_word' id='word_1_561' title='bbox 1760 2261 1836 2291; x_wconf 82' lang='lat' dir='ltr'><strong>Non</strong></span> <span class='ocrx_word' id='word_1_562' title='bbox 1859 2261 2014 2292; x_wconf 84' lang='lat' dir='ltr'><strong>obstante</strong></span> <span class='ocrx_word' id='word_1_563' title='bbox 2032 2280 2081 2293; x_wconf 91' lang='lat'><strong>—.</strong></span> <span class='ocrx_word' id='word_1_564' title='bbox 2099 2262 2324 2292; x_wconf 81' lang='lat' dir='ltr'><strong>Presentibus</strong></span> 
     </span>
     <span class='ocr_line' id='line_1_83' title="bbox 1312 2314 2326 2354; baseline 0.003 -11"><span class='ocrx_word' id='word_1_565' title='bbox 1312 2316 1387 2352; x_wconf 84' lang='lat' dir='ltr'><strong>post</strong></span> <span class='ocrx_word' id='word_1_566' title='bbox 1405 2322 1530 2343; x_wconf 89' lang='lat' dir='ltr'><strong>annum</strong></span> <span class='ocrx_word' id='word_1_567' title='bbox 1547 2314 1687 2344; x_wconf 88' lang='lat' dir='ltr'><strong>minime</strong></span> <span class='ocrx_word' id='word_1_568' title='bbox 1703 2314 1872 2344; x_wconf 71' lang='lat' dir='ltr'><strong>valituris.</strong></span> <span class='ocrx_word' id='word_1_569' title='bbox 1891 2315 2016 2345; x_wconf 87' lang='lat' dir='ltr'><strong>Datum</strong></span> <span class='ocrx_word' id='word_1_570' title='bbox 2034 2315 2122 2354; x_wconf 87' lang='lat' dir='ltr'><strong>apud</strong></span> <span class='ocrx_word' id='word_1_571' title='bbox 2142 2314 2326 2346; x_wconf 71' lang='grc' dir='ltr'><strong>[1111001νο-</strong></span> 
     </span>
     <span class='ocr_line' id='line_1_84' title="bbox 1312 2365 1978 2406; baseline 0.002 -9"><span class='ocrx_word' id='word_1_572' title='bbox 1312 2370 1430 2403; x_wconf 84' lang='lat' dir='ltr'><strong>terem,</strong></span> <span class='ocrx_word' id='word_1_573' title='bbox 1450 2377 1471 2396; x_wconf 91' lang='lat'><strong>11</strong></span> <span class='ocrx_word' id='word_1_574' title='bbox 1492 2367 1567 2397; x_wconf 86' lang='lat' dir='ltr'><strong>idus</strong></span> <span class='ocrx_word' id='word_1_575' title='bbox 1579 2367 1669 2406; x_wconf 90' lang='lat' dir='ltr'><strong>julii.</strong></span> <span class='ocrx_word' id='word_1_576' title='bbox 1686 2376 1772 2398; x_wconf 76' lang='lat' dir='ltr'><strong>anno</strong></span> <span class='ocrx_word' id='word_1_577' title='bbox 1790 2368 1900 2398; x_wconf 88' lang='lat' dir='ltr'><strong>tertio.</strong></span> <span class='ocrx_word' id='word_1_578' title='bbox 1924 2379 1938 2394; x_wconf 76' lang='lat' dir='ltr'><strong>n</strong></span> <span class='ocrx_word' id='word_1_579' title='bbox 1975 2365 1978 2368; x_wconf 79' lang='lat'>&#39;</span> 
     </span>
    </p>
   </div>
   <div class='ocr_carea' id='block_1_28' title="bbox 1403 2541 2253 2577">
    <p class='ocr_par' dir='ltr' id='par_1_28' title="bbox 1403 2541 2253 2577">
     <span class='ocr_line' id='line_1_85' title="bbox 1403 2541 2253 2577; baseline 0.002 -11"><span class='ocrx_word' id='word_1_580' title='bbox 1403 2542 1501 2573; x_wconf 68' lang='lat'><strong>2042</strong></span> <span class='ocrx_word' id='word_1_581' title='bbox 1875 2541 2001 2572; x_wconf 55' lang='lat' dir='ltr'><strong>Ori-icto,</strong></span> <span class='ocrx_word' id='word_1_582' title='bbox 2020 2542 2052 2568; x_wconf 78' lang='lat'><strong>15</strong></span> <span class='ocrx_word' id='word_1_583' title='bbox 2063 2541 2156 2577; x_wconf 81' lang='lat' dir='ltr'><strong>juillet</strong></span> <span class='ocrx_word' id='word_1_584' title='bbox 2176 2542 2253 2569; x_wconf 69' lang='lat'>1264.</span> 
     </span>
    </p>
   </div>
   <div class='ocr_carea' id='block_1_29' title="bbox 1311 2625 2326 2807">
    <p class='ocr_par' dir='ltr' id='par_1_29' title="bbox 1311 2625 2326 2807">
     <span class='ocr_line' id='line_1_86' title="bbox 1345 2625 2326 2662; baseline 0.003 -11"><span class='ocrx_word' id='word_1_585' title='bbox 1345 2626 1383 2651; x_wconf 85' lang='lat' dir='ltr'><strong>J..</strong></span> <span class='ocrx_word' id='word_1_586' title='bbox 1400 2633 1423 2651; x_wconf 92' lang='grc'><strong>5.</strong></span> <span class='ocrx_word' id='word_1_587' title='bbox 1440 2625 1543 2652; x_wconf 75' lang='lat' dir='ltr'><strong>Mariae</strong></span> <span class='ocrx_word' id='word_1_588' title='bbox 1562 2626 1590 2652; x_wconf 90' lang='lat' dir='ltr'><strong>in</strong></span> <span class='ocrx_word' id='word_1_589' title='bbox 1606 2626 1760 2653; x_wconf 76' lang='lat' dir='ltr'><strong>Cosniedin</strong></span> <span class='ocrx_word' id='word_1_590' title='bbox 1775 2626 1896 2653; x_wconf 77' lang='lat' dir='ltr'><strong>diacono</strong></span> <span class='ocrx_word' id='word_1_591' title='bbox 1907 2626 2060 2656; x_wconf 77' lang='lat' dir='ltr'><strong>cardinali.</strong></span> <span class='ocrx_word' id='word_1_592' title='bbox 2075 2635 2201 2653; x_wconf 84' lang='lat' dir='ltr'><strong>annuam</strong></span> <span class='ocrx_word' id='word_1_593' title='bbox 2212 2627 2326 2662; x_wconf 82' lang='lat' dir='ltr'><strong>pensio·</strong></span> 
     </span>
     <span class='ocr_line' id='line_1_87' title="bbox 1311 2675 2325 2711; baseline 0.003 -11"><span class='ocrx_word' id='word_1_594' title='bbox 1311 2682 1378 2700; x_wconf 85' lang='grc'><strong>110111</strong></span> <span class='ocrx_word' id='word_1_595' title='bbox 1400 2675 1565 2709; x_wconf 73' lang='lat' dir='ltr'><strong>quindecim</strong></span> <span class='ocrx_word' id='word_1_596' title='bbox 1582 2683 1747 2702; x_wconf 75' lang='lat' dir='ltr'><strong>marcarum</strong></span> <span class='ocrx_word' id='word_1_597' title='bbox 1764 2675 1878 2710; x_wconf 79' lang='lat' dir='ltr'><strong>argenti</strong></span> <span class='ocrx_word' id='word_1_598' title='bbox 1902 2675 2043 2711; x_wconf 78' lang='lat' dir='ltr'><strong>assignat,</strong></span> <span class='ocrx_word' id='word_1_599' title='bbox 2063 2676 2099 2702; x_wconf 84' lang='lat' dir='ltr'><strong>ab</strong></span> <span class='ocrx_word' id='word_1_600' title='bbox 2120 2676 2254 2711; x_wconf 82' lang='lat' dir='ltr'><strong>episcopo</strong></span> <span class='ocrx_word' id='word_1_601' title='bbox 2274 2676 2325 2703; x_wconf 84' lang='lat' dir='ltr'><strong>Ba-</strong></span> 
     </span>
     <span class='ocr_line' id='line_1_88' title="bbox 1311 2722 2323 2759; baseline 0.003 -10"><span class='ocrx_word' id='word_1_602' title='bbox 1311 2722 1455 2750; x_wconf 81' lang='lat' dir='ltr'><strong>tbonicnsi</strong></span> <span class='ocrx_word' id='word_1_603' title='bbox 1471 2726 1499 2750; x_wconf 87' lang='lat' dir='ltr'><strong>ct</strong></span> <span class='ocrx_word' id='word_1_604' title='bbox 1524 2723 1663 2750; x_wconf 82' lang='lat' dir='ltr'><strong>Wellensi</strong></span> <span class='ocrx_word' id='word_1_605' title='bbox 1680 2732 1729 2759; x_wconf 86' lang='lat' dir='ltr'><strong>pro</strong></span> <span class='ocrx_word' id='word_1_606' title='bbox 1749 2726 1878 2759; x_wconf 81' lang='lat' dir='ltr'><strong>tempore</strong></span> <span class='ocrx_word' id='word_1_607' title='bbox 1899 2724 2033 2752; x_wconf 75' lang='lat' dir='ltr'><strong>existenti</strong></span> <span class='ocrx_word' id='word_1_608' title='bbox 2050 2724 2228 2752; x_wconf 79' lang='lat' dir='ltr'><strong>solvendam.</strong></span> <span class='ocrx_word' id='word_1_609' title='bbox 2243 2725 2323 2759; x_wconf 69' lang='lat' dir='ltr'><strong>(Rau.</strong></span> 
     </span>
     <span class='ocr_line' id='line_1_89' title="bbox 1311 2772 1657 2807; baseline 0.003 -8"><span class='ocrx_word' id='word_1_610' title='bbox 1311 2772 1356 2806; x_wconf 69' lang='lat'><strong>29,</strong></span> <span class='ocrx_word' id='word_1_611' title='bbox 1372 2772 1421 2799; x_wconf 80' lang='lat' dir='ltr'><strong>fol.</strong></span> <span class='ocrx_word' id='word_1_612' title='bbox 1439 2773 1502 2802; x_wconf 78' lang='lat'><strong>2213,</strong></span> <span class='ocrx_word' id='word_1_613' title='bbox 1522 2777 1552 2799; x_wconf 80' lang='lat' dir='ltr'><strong>n⁰</strong></span> <span class='ocrx_word' id='word_1_614' title='bbox 1566 2773 1657 2807; x_wconf 72' lang='lat'>1092.)</span> 
     </span>
    </p>
   </div>
   <div class='ocr_carea' id='block_1_30' title="bbox 1351 2879 2324 2916">
    <p class='ocr_par' dir='ltr' id='par_1_30' title="bbox 1351 2879 2324 2916">
     <span class='ocr_line' id='line_1_90' title="bbox 1351 2879 2324 2916; baseline 0.004 -8"><span class='ocrx_word' id='word_1_615' title='bbox 1351 2879 1426 2914; x_wconf 85' lang='grc' dir='ltr'><strong>11.Ι.,</strong></span> <span class='ocrx_word' id='word_1_616' title='bbox 1448 2889 1471 2908; x_wconf 89' lang='lat' dir='ltr'><strong>s.</strong></span> <span class='ocrx_word' id='word_1_617' title='bbox 1495 2879 1593 2909; x_wconf 68' lang='lat' dir='ltr'><strong>Min-ie</strong></span> <span class='ocrx_word' id='word_1_618' title='bbox 1615 2880 1644 2909; x_wconf 81' lang='lat' dir='ltr'><strong>in</strong></span> <span class='ocrx_word' id='word_1_619' title='bbox 1673 2879 1830 2910; x_wconf 78' lang='lat' dir='ltr'><strong>Cosmedin</strong></span> <span class='ocrx_word' id='word_1_620' title='bbox 1853 2880 1981 2911; x_wconf 80' lang='lat' dir='ltr'><strong>diacono</strong></span> <span class='ocrx_word' id='word_1_621' title='bbox 2004 2879 2168 2910; x_wconf 79' lang='lat' dir='ltr'><strong>cardinali.</strong></span> <span class='ocrx_word' id='word_1_622' title='bbox 2193 2880 2324 2916; x_wconf 84' lang='lat' dir='ltr'><strong>Quanto</strong></span> 
     </span>
    </p>
   </div>
  </div>
 </body>
</html>
