2519 3262
195 200 252 229 138

195 291 269 312 rum
292 281 435 312 inveniri
455 279 641 319 contigerit,
660 279 694 309 in
711 279 772 309 hoc
789 279 926 319 gravius
944 288 1045 318 quam
1067 288 1203 319 expres-

195 335 277 365 serit
293 335 462 373 superius,
481 333 681 366 excessisse,
705 341 771 362 non
790 332 901 362 solum
923 341 1024 371 super
1041 333 1203 372 predictis

195 396 260 418 non
278 386 483 426 provideatis
502 386 622 422 eidem,
644 386 747 415 immo
764 386 876 424 ipsum
894 387 1067 424 tamquam
1088 386 1203 424 decep-

194 441 302 470 torem
325 441 357 470 et
382 439 575 469 mendacem
601 438 719 468 durius
742 438 903 477 puniatis,
931 439 1029 477 prout
1055 438 1204 477 exegerit

196 492 295 531 culpa
315 492 399 531 ejus.
418 492 513 527 Quod
531 491 559 521 si
576 499 642 521 non
666 499 783 521 omnes
798 508 848 520 —.
879 491 1002 522 Datum
1029 491 1116 530 apud
1144 491 1205 522 Ur-

195 545 433 580 bemveterem,
454 553 512 574 viu
538 543 702 574 kalendas
726 543 930 580 novembris,
952 552 1038 574 anno
1057 544 1167 574 tertio.
1188 556 1203 572 »

287 726 378 757 1181

704 724 828 755 Orviet0‚
845 726 861 751 9
877 725 1029 752 decembre
1053 725 1129 752 1203.

230 809 369 844 Episcopo
386 808 546 835 Pictavensi
563 808 681 835 mandat
700 810 839 842 quatenus
856 808 1003 843 llaynaldo
1017 810 1050 835 de
1063 809 1203 842 Asneriis,

194 858 306 885 nullum
325 857 416 884 adhuc
441 856 613 884 beneficium
643 859 775 884 assecuto
796 859 825 884 et
838 860 952 892 reperto
972 857 1084 888 idoneo,
1102 858 1137 884 de
1153 857 1204 884 ali·
1234 873 1236 882 λ

192 914 247 941 quo
259 906 395 933 beneficio
405 906 564 940 provideat,
573 906 609 933 ad
620 906 884 941 praesentationem
897 906 1000 941 prioris
1018 915 1041 933 s.
1057 906 1203 940 Maxentii,

192 955 223 982 O.
242 955 269 982 S.
286 955 328 989 B„
346 954 523 982 Pietavensis
540 954 674 986 diocesis,
696 957 855 989 spectante,
875 956 1032 982 dummodo
1048 963 1145 982 sacros
1162 964 1204 981 or·
1234 958 1235 976 l

193 1003 273 1030 dines
291 1003 405 1030 statutis
421 1003 600 1038 temporibus
614 1003 743 1038 recipiat.
759 1004 836 1038 (nm.
854 1004 899 1037 29,
913 1003 960 1030 sol.
976 1004 1010 1031 87
1028 1009 1064 1035 ν’,
1082 1008 1113 1030 n⁰
1127 1003 1204 1038 230.)

233 1119 248 1138 «
266 1132 290 1139 ..
308 1109 443 1148 episcopo
469 1108 652 1139 pictavensi.
676 1109 890 1139 Constitutus
907 1109 941 1138 in
959 1109 1132 1148 presentia
1151 1127 1201 1139 -.

192 1162 316 1192 Datum
345 1162 433 1200 apud
449 1161 737 1198 Urbemveterem,
758 1171 775 1190 v
795 1162 871 1192 idus
895 1161 1095 1199 decembris,
1117 1170 1204 1192 anno

193 1215 304 1246 tertio.
327 1226 341 1244 n

692 1392 815 1421 Orvicto,
830 1392 864 1418 :27
880 1391 1036 1418 novembre
1054 1391 1131 1419 1263.

286 1395 383 1426 1182

229 1477 368 1513 Episcopo
396 1477 528 1504 Ovetensi
551 1477 668 1503 mandat
689 1479 718 1503 ut
742 1476 846 1503 Didaco
867 1475 990 1506 Martini,
1013 1475 1129 1510 pauperi
1146 1475 1203 1502 cle-

195 1527 253 1553 rico
277 1526 356 1554 chori
383 1526 520 1553 ecclesiae
544 1525 703 1553 Ovctensis.
729 1524 913 1559 inquisitione
931 1525 965 1551 de
985 1524 1204 1551 conversatione

195 1575 269 1602 vitae
289 1574 466 1610 praehabita,
492 1575 525 1601 de
542 1574 637 1608 aliquo
666 1573 803 1600 beneficio
835 1572 1032 1600 ecclesiastico
1057 1581 1203 1599 summam

192 1624 314 1659 triginta
335 1631 487 1650 aureorum
506 1631 563 1650 non
578 1624 741 1654 excedente,
757 1623 915 1657 provideat.
933 1623 1012 1656 (Rae.
1032 1623 1076 1653 29,
1095 1621 1143 1649 fol.
1158 1622 1203 1653 88,

194 1678 226 1700 0ο
241 1674 318 1706 231.)

234 1788 248 1806 (ι
273 1801 296 1808 ..
324 1778 463 1818 episcopo
490 1777 634 1807 Ouelensz'.
664 1777 878 1807 Constitutus
907 1777 941 1807 in
964 1776 1136 1816 presentia
1153 1794 1202 1807 ——.

194 1831 319 1860 Datum
343 1830 432 1868 apud
458 1830 745 1865 Urbemveterem,
764 1840 782 1858 v
809 1830 972 1860 kalendas
1001 1829 1201 1865 decembris,

195 1891 282 1913 anno
299 1883 410 1913 tertio.
429 1893 443 1911 ι)

708 2053 832 2085 ‹ii-victo,
851 2055 867 2079 Ξ)
887 2053 1038 2079 decembre
1056 2054 1132 2081 1263.

288 2055 383 2087 1183

230 2138 486 2173 Archipresbytero
520 2138 674 2165 canonicae
715 2138 942 2164 Decumanorum
984 2138 1204 2165 Mediolanensis

194 2187 311 2214 mandat
327 2189 357 2213 ut.
375 2186 497 2218 Amelio,
514 2186 590 2213 dicto
608 2187 710 2219 Lonyo,
727 2186 760 2212 de
783 2186 944 2220 praebenda
959 2187 1105 2220 quamcito
1122 2194 1203 2213 vaca-

194 2238 258 2263 tura
275 2236 302 2262 in
319 2235 440 2262 ecelesia
453 2236 487 2262 dc
507 2235 619 2265 Rosate,
634 2234 793 2269 provideat.
813 2235 943 2268 (REGAES),
961 2234 1010 2262 sol.
1021 2236 1065 2267 88,
1080 2240 1111 2261 11⁰
1127 2236 1204 2269 232.)

233 2350 250 2371 «
265 2364 287 2371 ..
308 2339 572 2380 archipresbytero
590 2339 731 2369 canonice
749 2339 1202 2369 DecumanormnMediolanen-

192 2393 245 2423 sis.
258 2393 383 2424 Petitio
400 2393 515 2424 dilecti
530 2393 592 2423 filii
609 2393 746 2429 Amelii,
759 2393 839 2423 dicti
856 2393 965 2432 Lonyi,
986 2393 1137 2423 canonici
1155 2402 1204 2423 ec-

193 2446 295 2477 clesie
305 2446 344 2476 de
353 2446 491 2481 Rosate,
501 2446 766 2476 Mediolanensis
776 2446 934 2480 diocesis,
946 2445 1044 2476 nobis
1054 2445 1203 2476 exhibita

193 2498 384 2529 continebat
400 2498 500 2537 qnod,
514 2507 589 2529 cum
604 2499 747 2538 quedam
761 2498 931 2537 prebenda
943 2507 1007 2537 que
1025 2499 1153 2528 vacavit
1171 2499 1203 2528 in

193 2552 334 2583 ecclesia
350 2552 423 2590 ipsa
436 2560 495 2590 per
508 2553 650 2582 mortem
664 2552 756 2582 Petri
769 2551 982 2588 Marrenarii,
994 2551 1146 2590 ejusdem
1156 2560 1204 2582 ec-

193 2604 296 2635 clesie
312 2604 476 2640 canonici,
491 2604 556 2634 sibi
571 2605 770 2635 auctoritate
784 2605 969 2644 apostolica
981 2605 1139 2635 canonice
1154 2613 1204 2635 re-

194 2659 289 2697 cepto
307 2658 341 2688 in
353 2658 502 2696 predicta
517 2658 659 2688 ecclesia
676 2659 710 2688 in
727 2658 926 2689 canonicum
947 2659 979 2688 et
997 2658 1031 2688 in
1049 2657 1200 2694 fratrem,

194 2711 316 2742 collata
336 2710 467 2747 fuisset,
497 2712 568 2741 orta
587 2710 721 2741 tandem
744 2711 831 2741 inter
850 2711 962 2750 ipsum
981 2712 1013 2741 et
1029 2710 1202 2741 Besatium

194 2763 234 2794 de
247 2763 406 2798 Besatiis,
424 2763 619 2793 canonicum
641 2764 766 2802 prefate
785 2764 935 2799 ecclesie,
958 2772 1059 2802 super
1085 2763 1201 2794 eadem
1233 2791 1234 2794 ,

193 2816 374 2855 prebenda,
388 2817 419 2846 in
438 2825 502 2855 qna
527 2818 666 2855 uterque
686 2817 836 2855 ipsorum
855 2826 891 2847 se
904 2817 960 2855 jus
978 2816 1100 2846 habere
1117 2817 1202 2847 dicc-
1233 2816 1234 2841 l

192 2867 260 2904 bat,
271 2870 412 2900 materia
423 2869 622 2908 questionis,
637 2870 744 2899 solit-is
755 2870 997 2900 recordationis
1009 2869 1201 2900 Alexander

946 196 1189 228 REGISTRES
1220 196 1435 227 D’URBAIN
1468 196 1526 226 lv.

1264 288 1361 319 papa,
1392 279 1610 318 predecessor
1631 280 1758 314 noster,
1781 279 1815 308 in
1842 287 1945 308 causa
1960 278 2154 317 hujusmodi
2171 279 2211 309 ad
2226 287 2276 309 se-

1264 333 1340 363 dem
1358 332 1578 371 apostolicam
1598 331 1749 370 legitime
1765 331 1935 367 devoluta,
1955 331 2098 361 dilectos
2116 331 2206 361 tilios
2221 332 2276 362 Jo-

1264 385 1421 419 hannem,
1448 385 1648 423 magistrum
1674 384 1843 414 scolarum
1874 384 2133 420 Antiochenum,
2154 384 2275 423 primo,

1265 440 1297 469 et
1323 438 1539 477 postmodum
1567 437 1769 476 magistrum
1795 436 2033 476 Dalphinatem
2061 437 2101 467 de
2120 436 2277 475 Neapoli,

1265 491 1458 529 capellanos
1483 492 1630 526 nostros,
1649 490 1741 520 dedit
1768 489 1923 528 partibus
1943 489 2128 524 auditores,
2151 497 2278 528 nosque

1265 544 1401 574 demum
1429 543 1552 573 dilecto
1578 543 1648 573 filio
1672 544 1788 573 nostro
1808 543 1862 577 U„
1881 543 1988 572 sancti
2014 542 2189 573 Eustachii
2207 542 2277 572 dia-

1265 605 1347 627 cono
1364 596 1540 631 cardinali,
1553 604 1689 626 causam
1705 596 1815 634 ipsam
1828 595 2030 626 audiendam
2043 595 2279 625 commisimus

1265 651 1296 680 et
1315 649 1416 680 etiam
1444 649 1706 685 terminandam,
1730 648 1764 678 in
1788 657 1888 687 quem
1911 648 2014 678 iidem
2043 648 2199 679 Besatius
2218 655 2279 686 pro

1266 711 1301 733 se
1318 704 1349 733 et
1369 701 1609 737 Thomasinus,
1629 703 1828 740 procurator
1841 701 1992 740 ejusdem
2010 701 2147 735 Amelii,
2162 709 2223 739 pro
2240 707 2279 730 eo

1266 764 1358 795 aquo
1368 755 1511 786 habebat
1521 764 1623 794 super
1639 755 1700 785 hoc
1715 755 1862 794 speciale
1882 754 2091 788 mandatum,
2107 757 2279 792 tamquam

1265 809 1300 839 in
1328 808 1505 845 arbitrum,
1524 808 1760 838 arbstratorem
1782 810 1813 838 et
1842 806 2057 837 amicabilem
2077 806 2278 845 composito-

1266 871 1336 893 rem
1360 871 1461 901 super
1485 862 1601 892 eadem
1617 861 1788 900 prebenda
1807 863 1839 891 et
1856 861 1930 899 ejus
1946 860 2114 891 fructibus
2131 867 2280 898 compro-

1265 916 1399 945 mittere
1421 917 1634 951 curaverunt,
1657 914 1839 953 judiciaria
1861 915 2026 953 potestate
2055 913 2120 943 sibi
2141 912 2281 943 nichilo-

1266 969 1379 998 minus
1396 970 1575 999 reservata.
1594 968 1689 998 Idem
1707 976 1785 998 vero
1805 967 2000 1003 cardinalis,
2012 966 2156 1005 cognitis
2170 966 2280 1005 ipsius

1265 1029 1365 1051 cause
1384 1021 1518 1052 meritis
1535 1023 1567 1052 et
1583 1021 1670 1060 juris
1690 1021 1806 1051 ordine
1822 1020 2014 1055 observato,
2035 1020 2124 1050 dicto
2144 1018 2280 1050 Besatio

1265 1073 1513 1104 sententialiter
1530 1073 1736 1112 prebendam
1754 1073 1863 1112 ipsam
1883 1073 2091 1112 adjudicans,
2112 1070 2281 1102 ordinavit

1266 1127 1464 1157 auctoritate
1475 1128 1602 1163 nostra,
1623 1126 1688 1157 sibi
1705 1135 1723 1156 a
1741 1126 1839 1157 nobis
1855 1126 1888 1156 in
1900 1126 1960 1156 hac
1970 1129 2064 1165 parte
2084 1126 2278 1161 commissa,

1265 1180 1354 1219 quod
1382 1180 1556 1219 predictus
1582 1180 1738 1210 Amelius
1755 1180 1885 1210 tamdiu
1909 1182 2033 1210 certam
2054 1180 2186 1217 partem
2205 1186 2281 1217 pro-

1265 1234 1427 1263 ventuum
1445 1233 1597 1272 ejusdem
1616 1232 1784 1271 prebende
1803 1233 1979 1271 percipiat,
1999 1233 2103 1263 donec
2121 1231 2187 1262 alia
2206 1239 2281 1270 pre-

1264 1285 1374 1316 benda
1399 1286 1570 1316 vacaverit
1595 1286 1629 1315 in
1650 1285 1793 1316 ecclesia
1821 1287 2020 1319 memorata,
2041 1286 2139 1324 prout
2162 1285 2196 1315 in
2214 1284 2282 1314 ins-

1265 1341 1434 1369 trumento
1451 1338 1586 1377 publico
1600 1338 1678 1369 inde
1692 1338 1856 1373 confecto,
1872 1338 2022 1377 sigillato
2040 1338 2154 1377 sigillo
2170 1338 2281 1376 ipsius

1266 1391 1449 1422 cardinalis
1479 1392 1615 1430 plenius
1642 1391 1766 1422 dicitur
1783 1391 1959 1422 contineri.
1977 1391 2088 1427 Quare
2108 1391 2281 1429 predictus

1265 1445 1422 1476 Amelius
1440 1444 1538 1475 nobis
1557 1444 1732 1475 humiliter
1750 1444 1956 1483 supplicavit
1969 1446 2015 1478 ut,
2032 1453 2072 1474 ne
2089 1444 2122 1474 ln
2137 1451 2281 1474 vacuum

1265 1498 1418 1528 canonici
1443 1506 1565 1528 nomen
1586 1499 1691 1536 gerat,
1711 1497 1882 1536 provideri
1909 1496 1975 1527 sibi
1991 1497 2031 1527 de
2056 1496 2224 1536 prebenda
2246 1497 2282 1527 in

1266 1551 1395 1590 prefata
1425 1551 1567 1581 ecclesia
1602 1551 1853 1581 mandaremus.
1882 1550 2045 1586 Quocirca
2083 1550 2281 1580 discretioni

1265 1606 1322 1635 tue
1337 1604 1538 1634 mandamus
1553 1605 1726 1643 quatinus,
1747 1604 1775 1634 si
1791 1606 1841 1634 est
1858 1604 1916 1640 ita,
1932 1604 2083 1642 predicto
2096 1603 2228 1634 Amelio
2240 1603 2280 1634 de

1266 1657 1437 1697 prebenda
1454 1657 1541 1688 nulli
1561 1657 1620 1688 alii
1638 1657 1678 1688 de
1695 1657 1770 1696 jure
1788 1657 1914 1693 debita,
1931 1657 1960 1687 si
1976 1666 2041 1695 qua
2059 1657 2092 1686 in
2110 1656 2281 1695 sepedicta

1266 1711 1409 1741 ecclesia
1428 1712 1523 1741 vacat
1543 1711 1584 1741 ad
1600 1719 1742 1750 presens
1764 1711 1817 1740 vel
1840 1710 2091 1749 quamprimum
2113 1709 2154 1740 ad
2172 1709 2206 1739 id
2225 1709 2282 1740 ob-

1266 1764 1382 1795 tulerit
1400 1772 1435 1794 se
1454 1763 1609 1800 facultas
1629 1773 1687 1803 per
1703 1765 1735 1794 te
1752 1764 1803 1794 vel
1821 1772 1879 1802 per
1896 1764 2001 1793 alium
2019 1763 2196 1802 providere
2208 1771 2282 1802 pro-

1265 1826 1374 1853 cures,
1393 1825 1458 1846 non
1485 1817 1638 1847 obstante
1665 1835 1712 1846 —.
1742 1818 1865 1847 Datum
1883 1817 1970 1856 apud
1990 1816 2279 1851 L'rbemveterem.

1264 1870 1364 1900 nonis
1380 1869 1580 1906 decembris,
1598 1878 1684 1900 anno
1703 1870 1814 1900 tertio.
1835 1880 1849 1898 n

1771 2038 1895 2069 Orvieto,
1910 2038 1944 2064 28
1959 2038 2111 2064 decembre
2130 2038 2206 2065 1203.

1358 2040 1451 2071 1184

1301 2122 1436 2156 Magistro
1461 2122 1614 2157 Aymerico
1632 2123 1665 2148 de
1689 2122 1899 2155 Monte-Aemo,
1918 2122 2056 2148 canonico
2088 2122 2278 2156 Narbonensi,

1266 2171 1380 2197 mandat
1412 2174 1552 2205 quatenus
1582 2171 1682 2197 Odoni.
1715 2170 1818 2197 rectori
1840 2171 1978 2197 ccclesiae
2008 2179 2031 2196 s.
2066 2170 2210 2197 Laurentii
2243 2172 2277 2198 de

1234 2239 1235 2244 ,
1265 2219 1370 2254 Spello‚
1388 2220 1557 2254 Spoletanae
1579 2220 1710 2250 diocesis,
1731 2220 1848 2246 obtentu
1864 2220 1899 2246 J..
1917 2229 1939 2245 s.
1959 2220 2062 2246 Mariae
2081 2220 2108 2245 iu
2124 2219 2278 2247 Cosmedin

1264 2268 1377 2295 diaconi
1403 2268 1570 2295 cardinalis.
1600 2269 1770 2302 prioratum.
1799 2268 1999 2295 canonicatum
2030 2271 2053 2295 ct
2083 2268 2277 2302 praebendam

1265 2317 1419 2344 saecularis
1437 2316 1607 2343 ccclesiaes⁴
1627 2317 1702 2343 l‘ctri
1720 2316 1787 2343 soris
1805 2321 1917 2351 portam
1936 2317 2119 2351 Spoletanam
2136 2317 2277 2346 conserat.

1265 2366 1343 2401 (liae.
1361 2366 1405 2397 29,
1429 2365 1474 2392 sol,
1489 2366 1523 2393 88
1542 2372 1579 2399 w,
1601 2369 1633 2392 n⁰
1645 2366 1719 2393 233.)

1306 2475 1320 2492 (ι
1344 2463 1491 2503 Μαῃὶείνο
1517 2464 1677 2503 Aymcrico
1702 2463 1737 2493 dv
1764 2464 1990 2500 ,Home-Arum,
2019 2465 2165 2494 canonico
2195 2465 2278 2494 ,Var-

1266 2517 1397 2547 bonensi.
1427 2517 1575 2548 Ol.›te1itu
1598 2517 1712 2548 dilecti
1734 2517 1793 2547 tilii
1813 2535 1861 2548 —.
1881 2517 2006 2548 Datum
2031 2518 2118 2556 apud
2136 2517 2277 2548 Urbem-

1265 2570 1424 2603 veterem,
1443 2579 1459 2598 v
1477 2569 1640 2599 kalendas
1653 2569 1814 2608 januarii.
1834 2578 1920 2599 anno
1934 2569 2045 2600 tertio.
2068 2580 2082 2597 η

1772 2742 1820 2768 Orx
1831 2741 1896 2772 ictu,
1907 2742 1940 2767 22
1957 2741 2108 2767 novenum>
2126 2741 2201 2769 1203.

1357 2743 1450 2774 1185

1300 2826 1438 2860 Episcopo
1465 2826 1669 2853 saresbiriensi
1690 2826 1805 2852 mandat
1828 2828 1968 2860 qnatenus
1988 2825 2118 2859 Rogerio,
2135 2825 2212 2852 dicto
2227 2825 2275 2852 Ca-

1263 2875 1384 2909 pollutio,
1414 2875 1529 2909 pauperi
1555 2874 1668 2901 clerico.
1697 2875 1731 2900 dc
1762 2874 1886 2908 quodam
1913 2873 2049 2900 beneficio
2076 2873 2275 2901 ecclesiastico
