2659 3242
191 280 248 308 294

208 480 288 508 1262

188 530 252 557 mai
294 529 323 556 9.

208 958 287 986 1262

185 1008 250 1035 mai
274 1008 322 1035 ll.

207 1199 286 1226 1262

205 1585 283 1614 1262

184 1634 248 1662 mai
271 1634 318 1661 15.

203 2116 281 2143 1202

183 2164 247 2191 mai
271 2164 318 2191 18.

206 2353 284 2381 1262

183 2402 247 2429 mai
270 2402 320 2429 21.

206 2683 284 2711 1262

181 2731 251 2765 juin
277 2733 321 2759 κἸ

379 478 508 508 Viterbe.

1028 276 1200 307 TABLES
1217 275 1279 307 DU
1297 275 1518 308 REGISTRE
1535 276 1747 308 D’URBAIN
1766 279 1810 308 lv

1118 370 1204 396 Puges.
1223 368 1359 390 Numeros.

1154 433 1218 454 tome
1239 431 1268 453 Ν

597 479 716 505 Abbati
736 480 767 505 et
787 478 959 505 conventui
980 485 1003 505 s.
1022 477 1171 508 Germa-t
1206 477 1241 504 41
1262 478 1265 509 1
1283 476 1363 503 2902

553 529 584 554 ni
610 528 649 555 de
673 528 778 554 Pratis
803 527 987 554 parisiensis
1012 526 1154 561 indulget.

555 578 589 603 ut
610 577 642 602 in
660 576 763 603 causis
783 576 822 602 ad
841 576 1073 603 exhibitionem
1093 575 1154 610 pri-

552 625 740 659 vilegiorum
792 626 824 652 et
884 624 1153 658 indulgentiarum

556 674 687 700 minime
720 673 963 708 compellantur,
1000 673 1153 708 quamdiu

552 722 656 757 parati
683 722 800 749 fuerint
827 722 858 748 in
885 722 1079 748 monasterio
1103 721 1153 756 ju-

551 771 613 798 dici
636 772 668 798 et
693 771 885 803 adversario,
910 777 1015 797 coram
1040 771 1152 805 aliqui-

551 820 609 846 bus
629 820 720 846 bonis
738 820 816 846 viris
834 820 872 846 de
891 820 975 854 ipsis,
989 819 1152 853 indulgen-

549 869 603 895 tiis
626 870 657 895 et
681 869 856 903 privilegiis
878 869 973 895 fidem
998 869 1110 896 facere.

1152 918 1216 937 tome
1237 915 1266 937 Ν

593 957 758 984 Universis
802 956 974 983 abbatibus
1022 954 1138 983 Cister-
1158 957 1161 988 1
1215 967 1225 979 »
1262 955 1357 987 12903

556 1006 670 1033 ciensis
690 1006 808 1032 ordinis
829 1006 971 1039 indulget
995 1007 1027 1031 ut
1051 1005 1089 1032 de
1111 1005 1152 1032 le-

548 1055 642 1089 gatis,
673 1055 811 1089 aliquam
844 1055 1020 1089 portionem
1051 1055 1151 1081 solve-

553 1111 585 1130 re
616 1104 747 1130 minime
780 1105 958 1130 teneantur.

1151 1151 1214 1172 tome
1236 1150 1265 1171 Ν

597 1196 736 1223 Johanni
761 1196 918 1222 Pei-uncto
945 1196 1076 1223 mandat
1103 1195 1168 1226 εις-Ι
1203 1194 1357 1228 4212904

555 1245 648 1271 sistat
678 1245 857 1278 praeposito
886 1245 1072 1277 Mantuano,
1101 1251 1151 1271 ca-

551 1294 675 1328 pellano
720 1293 906 1327 apostolico,
952 1293 991 1319 ad
1044 1295 1150 1327 partes

546 1341 742 1375 Campaniae
771 1342 876 1374 misso,
910 1343 944 1369 ut
974 1342 1148 1376 repriman-

548 1392 600 1417 tur
640 1397 786 1417 excessus
824 1397 967 1417 enormes
1006 1390 1146 1425 Raynal-

548 1439 579 1465 di
604 1439 719 1472 Hubei,
745 1439 871 1473 nepotis
896 1439 1068 1466 Alexandri
1093 1446 1146 1474 pa-

546 1495 605 1522 pae
630 1488 682 1514 IV.

1147 1537 1211 1558 tome
1233 1535 1262 1557 Ν

595 1583 641 1610 De
659 1583 753 1610 certis
773 1582 1023 1609 haereditatibus
1043 1589 1060 1609 a
1080 1589 1145 1608 ma·
1160 1582 1163 1614 1
1199 1581 1236 1609 43
1254 1582 1258 1614 1
1276 1582 1355 1609 2905

548 1632 646 1667 gistro
678 1633 709 1658 et
741 1631 893 1658 tratribus
924 1631 1037 1658 domus
1066 1630 1147 1657 Mili-

547 1682 612 1709 tiae
648 1680 772 1714 Templi
807 1680 1070 1714 Jerosolymitani
1106 1680 1146 1706 le-

549 1730 661 1764 gitime
691 1729 888 1763 recipiendis.

586 1779 630 1805 Ut
648 1777 858 1811 crucesignati
875 1779 906 1804 et
924 1777 1142 1811 crucesignan-
1158 1778 1161 1808 1
1214 1786 1225 1801 »
1253 1777 1258 1809 1
1276 1777 1354 1804 2909

547 1828 579 1853 di
598 1829 688 1854 extra
705 1827 844 1853 dioceses
860 1826 891 1852 in
908 1826 1024 1861 quibus
1039 1826 1098 1860 ipsi
1115 1828 1146 1853 et

549 1884 604 1903 sua
633 1877 715 1902 bona
741 1875 933 1908 consistunt,
961 1875 993 1901 in
1019 1882 1145 1902 causam

547 1925 630 1952 trahi
662 1925 790 1950 minime
823 1925 943 1958 possint
977 1931 1030 1958 per
1059 1924 1146 1951 litte-

544 1981 596 2000 ras
631 1974 826 2007 apostolicae
849 1973 931 2000 sedis
961 1973 1012 1999 vel
1035 1973 1152 2007 legato-

548 2029 616 2048 rum
653 2022 721 2055 ejus
756 2022 910 2048 hactenus
944 2021 1144 2055 impetratas.

1146 2070 1209 2090 tome
1231 2069 1260 2090 lv

592 2114 740 2141 Fac-ultas
767 2113 949 2140 conceditur
978 2115 1063 2140 certa
1093 2114 1163 2146 bo-1

549 2170 589 2188 na
613 2162 783 2196 recipiendi
808 2162 965 2195 prioribus
987 2164 1018 2188 et
1043 2162 1146 2188 fratri-

547 2211 605 2238 bus
625 2211 804 2244 Hospitalis
821 2210 1082 2243 Jei'osolymitani
1102 2211 1140 2237 de

546 2260 687 2294 prioratu
711 2267 734 2285 5.
759 2259 873 2293 Egidii.

1146 2308 1210 2328 tome
1231 2306 1260 2327 Ν

598 2352 786 2385 Magistrum
838 2352 957 2378 ordinis
1008 2352 1167 2383 fratrum!
1210 2363 1219 2375 »v
1252 2352 1352 2384 12908

551 2401 808 2427 Praedia-aterum
839 2401 986 2427 hortatur
1017 2402 1143 2427 moneat

548 2456 602 2484 per
634 2449 739 2475 onmia
771 2449 1016 2476 christianorum
1049 2456 1143 2483 regna

546 2498 781 2531 crucesignatos
811 2499 844 2524 ut.
876 2498 915 2524 ad
945 2497 1144 2532 proficiscen-

545 2547 619 2573 dum
648 2546 679 2572 in
705 2553 884 2573 succursum
911 2550 1025 2573 ‘serrae
1051 2546 1144 2573 Sanc-

545 2597 597 2622 tae
623 2602 655 2622 se
681 2595 825 2622 studeant
859 2601 1055 2629 praeparare.

1145 2643 1210 2664 tome
1231 2642 1260 2664 Ν

614 2683 800 2717 Magistrum
845 2683 964 2709 ordinis
1007 2683 1160 2715 fratrum!
1197 2684 1352 2715 4412909

551 2732 809 2759 l'raedicatorum
835 2733 982 2758 hortatur
1006 2733 1143 2763 moneat,

547 2780 578 2807 in
603 2788 698 2813 regno
725 2781 876 2807 Franciae
900 2787 935 2806 ac
961 2779 993 2806 in
1016 2781 1144 2813 Lugdu-

548 2829 637 2855 nensi
669 2836 788 2855 necnon
819 2829 1000 2861 Viennensi,
1031 2829 1143 2856 Bisun-

546 2877 624 2910 tina,
660 2878 903 2911 'l'arentasiensi,
940 2878 1144 2905 Ebredunen-

545 2926 571 2953 si
598 2927 630 2953 et
658 2927 797 2960 Aquensi
824 2927 1020 2960 ·ivitatibus,
1044 2927 1145 2954 dioce-

1212 2124 1222 2137 »
1253 2117 1256 2147 1
1275 2114 1354 2142 2907
1380 2149 1381 2155 ¹

1439 669 1449 694 1
1457 668 1516 695 262

1415 716 1485 750 Juin
1526 718 1555 745 5.

1437 1101 1513 1128 1262

1413 1149 1484 1184 Juin
1526 1150 1554 1177 9.

1434 1577 1511 1604 1262

1411 1626 1479 1660 juin
1504 1627 1550 1653 11.

1432 2353 1507 2379 1262

1406 2402 1475 2435 Juin
1500 2402 1545 2429 12.

1430 2830 1505 2856 1262

1406 2878 1475 2912 juin
1501 2879 1545 2905 17.

1605 669 1732 697 Viterbe.

2347 375 2381 396 Pa
2385 380 2434 401 ges.
2453 375 2587 398 Numero..

1781 437 1869 465 sibus
1907 440 1938 465 et
1981 438 2151 472 provinciis
2191 438 2385 465 constitutos

1782 486 2018 519 crucesignatos
2049 488 2083 512 ut
2113 487 2152 513 ad
2183 487 2382 521 proficiscen-

1782 534 1857 560 dum
1884 535 1916 561 in
1942 541 2122 562 succursum
2149 537 2263 563 Terrae
2282 536 2377 562 Sanc-

1782 584 1835 609 tae
1861 590 1894 609 se
1922 583 2071 610 studeant
2102 591 2299 618 praeparare.

2382 633 2447 654 tome
2467 632 2498 654 Ν

1824 672 1934 698 Electo
1964 672 2147 705 Veronensi,
2178 673 2291 699 rectori
2321 673 2398 705 Pa-1
2434 673 2590 705 4412910

1783 720 1925 746 trimonii
1944 721 1973 746 b.
1992 721 2079 747 Petri
2097 721 2128 747 in
2144 722 2259 749 Tuscia
2277 723 2308 748 et
2326 721 2382 748 du-

1778 771 1871 796 catus
1902 770 2076 803 Spoletani'
2100 770 2230 797 mandat
2254 772 2379 797 moneat

1780 818 1979 851 Fuliginates
2000 820 2033 845 ut
2049 819 2088 844 ab
2103 819 2269 845 exactione
2290 825 2382 853 pecu-

1780 866 1852 892 niae
1871 867 2014 894 indebite
2035 874 2051 893 a
2072 868 2265 894 monasterio
2286 867 2374 894 Saxi-

1779 915 1847 942 vivi
1879 916 2002 950 petitae
2034 916 2200 949 desistant,
2234 918 2266 943 et
2298 916 2381 943 bona

1778 964 1890 991 illicite
1919 965 2027 991 ablata
2058 966 2157 992 eidem
2187 965 2381 993 monasterio

1779 1013 1963 1040 restituant.

2380 1063 2445 1083 tome
2466 1061 2496 1082 Ν

1811 1101 1890 1128 Cum
1936 1102 2128 1129 universitas
2172 1103 2388 1137 presbytero-t
2449 1112 2460 1126 ι
2487 1101 2583 1134 12911

1781 1158 1849 1177 rum
1891 1153 1922 1177 et
1965 1151 2148 1178 clericorum
2191 1151 2380 1178 secularium

1778 1199 1874 1226 villae
1898 1200 1937 1226 de
1961 1199 2086 1233 Riomo,
2110 1199 2381 1227 claromontensis

1779 1248 1921 1281 diocesis,
1939 1249 2115 1275 decreverit
2131 1249 2162 1275 in
2178 1249 2288 1275 eadem
2302 1248 2381 1275 villa

1778 1297 1943 1324 ecclesiam
1969 1298 2001 1323 in
2027 1298 2176 1323 honorem
2205 1298 2234 1323 b.
2259 1297 2380 1324 Mariae

1777 1345 1916 1380 Virginis
1959 1349 2152 1379 construere,
2197 1346 2377 1379 Alionsum,

1774 1394 1908 1422 Tolosae
1948 1402 1983 1421 ae
2022 1395 2186 1421 Pictaviae
2217 1395 2379 1428 comitem,

1777 1444 1926 1470 hortatur
1949 1445 1983 1470 ut
2008 1444 2052 1470 eis
2074 1444 2228 1470 auxilium
2251 1445 2283 1471 et
2305 1450 2378 1471 con·

1779 1492 1884 1519 silium
1910 1493 2087 1527 impendat.

2377 1537 2442 1558 tome
2462 1535 2494 1558 Ν

1812 1576 1965 1611 Magistro
1985 1577 2104 1604 ordinis
2123 1577 2258 1604 fratrum
2277 1577 2389 1609 Prae-l
2423 1577 2482 1610 451
2500 1575 2580 1604 2912

1777 1627 1955 1653 dicatorum
2000 1626 2186 1653 facultatem
2231 1626 2378 1653 concedit

1777 1684 1788 1699 α
1807 1675 1996 1702 absolvendi
2015 1682 2069 1709 per
2088 1682 2120 1701 se
2136 1675 2188 1702 vel
2207 1681 2261 1709 per
2278 1675 2376 1701 alium

1776 1730 1829 1750 seu
1849 1724 1929 1750 alios
1947 1730 2026 1758 quos
2045 1724 2084 1750 ad
2102 1724 2160 1750 hoc
2180 1723 2310 1750 idoneos
2325 1729 2377 1750 co-

1775 1773 1920 1806 gnoverit
1951 1782 1962 1795 n
1989 1780 2005 1798 a
2032 1774 2109 1799 voto
2134 1773 2244 1799 (trucis
2269 1778 2378 1799 omnes

1775 1822 2012 1855 crucesignatos
2038 1822 2193 1848 hactenus
2219 1821 2251 1847 in
2277 1820 2377 1848 subsi-

1776 1870 1861 1896 dium
1888 1873 2003 1897 'rerrae
2028 1870 2164 1896 Sanctae
2188 1872 2220 1896 et
2244 1868 2377 1896 crucesi-

1774 1919 1919 1951 gnandos
1961 1919 2110 1952 deinceps
2151 1918 2213 1952 qui.
2244 1919 2376 1952 propter

1773 1974 1900 1993 suorum
1928 1967 2152 1993 infirmitatem
2181 1968 2234 1993 aut
2266 1966 2376 1993 debili-

1774 2017 1873 2041 tatem
1913 2022 2091 2049 corporum‚
2131 2015 2287 2042 inhabiles
2323 2015 2375 2042 vel

1772 2064 1968 2098 impotentes
2003 2064 2116 2090 fuerint
2157 2064 2197 2090 ad
2233 2070 2375 2098 pugnan-

1774 2113 1848 2139 dum
1880 2113 1931 2139 vel
1964 2113 2003 2139 ad
2035 2112 2309 2139 transfretandum
2341 2113 2373 2139 in

1773 2162 1873 2196 ipsius
1905 2165 2020 2189 'serrae
2053 2169 2247 2194 succursum,
2283 2162 2373 2188 dum-

1773 2211 1867 2236 modo
1898 2210 2070 2237 secundum
2103 2210 2248 2244 proprias
2277 2209 2374 2236 lacul-

1774 2261 1858 2285 lates
1885 2259 1984 2285 velint
2017 2259 2171 2285 redimere
2198 2260 2275 2285 vota
2305 2265 2371 2286 sua.

2373 2307 2438 2328 tome
2459 2305 2489 2327 lv

1813 2353 1925 2379 Eidem
1961 2353 2089 2381 mandat
2128 2359 2166 2378 ne
2200 2352 2388 2385 permittat!
2442 2361 2453 2374 ι
2481 2350 2578 2384 12913

1774 2408 1828 2435 per
1848 2408 1879 2428 se
1898 2401 1949 2427 vel
1969 2401 2065 2426 alium
2088 2407 2140 2427 seu
2161 2401 2249 2432 alios,
2270 2406 2374 2427 cruce·

1771 2451 1922 2483 signatos.
1953 2451 2063 2476 contra
2092 2449 2314 2475 immunitates
2341 2450 2373 2476 et

1771 2499 1938 2532 privilegia
1957 2499 1995 2524 ab
2016 2498 2192 2531 apostolica
2212 2497 2284 2524 sede
2301 2503 2374 2524 con-

1771 2555 1868 2579 cessa,
1893 2548 1932 2573 ab
1958 2547 2118 2580 aliquibus
2143 2546 2282 2572 indebite
2305 2553 2372 2573 mo-

1773 2596 1892 2623 lestari.

1815 2645 1849 2670 ln
1891 2651 1916 2671 e.
1958 2651 1999 2670 m.
2045 2644 2140 2677 priori
2183 2643 2372 2677 provinciali

1772 2694 1906 2719 fratrum
1934 2692 2196 2719 l'raediratorum
2224 2693 2255 2718 in
2281 2692 2372 2718 Polo—

1772 2742 1834 2767 nia.

2372 2784 2436 2804 tome
2457 2782 2486 2803 Ν

1802 2829 1953 2862 Magistro
1976 2829 2094 2855 ordinis
2116 2828 2160 2854 lm
2180 2835 2249 2854 rum
2272 2828 2385 2859 Prae-1
2442 2839 2451 2849 ι
2479 2827 2578 2858 12914

1771 2878 1948 2904 dicatorum
1980 2877 2034 2904 dat
2055 2877 2239 2904 facultatem
2263 2887 2272 2898 a
2289 2883 2372 2903 com-

1781 2926 1925 2953 mutandi
1947 2926 2239 2960 peregrenationum
2259 2927 2289 2952 et
2312 2925 2373 2952 alia
