2519 3262
1041 202 1281 240 TROisffiME
1311 201 1474 239 ANNEE.
2240 218 2299 246 395

218 295 409 333 providere,
429 304 465 325 ac
483 295 714 334 provisionem
730 295 924 334 hujusmodi
948 294 1035 324 dicto
1052 294 1089 323 E.
1107 293 1231 323 facien-

219 348 307 385 dam,
331 349 372 378 ad
391 349 516 378 dictam
534 348 712 378 ecclesiam
724 348 992 379 Ulixlmnensem
1010 346 1229 384 restringens,

218 401 388 439 predictas
407 402 613 440 apostolicas
633 403 664 431 et
684 401 937 431 commissionis
955 399 1019 430 sibi
1040 399 1124 429 facte
1142 399 1231 428 litte-

220 463 275 484 ras
295 454 335 484 ab
356 454 608 493 archiepiscopo
634 454 842 492 supradicto,
862 454 896 483 in
916 453 1063 491 capitulo
1082 451 1230 490 predicte

221 507 466 538 Ulixbonensis
483 507 624 538 ecclesie
642 507 776 546 publice
794 507 859 545 legi
880 506 968 541 fecit,
988 506 1125 544 propter
1143 505 1231 543 quod

219 560 281 590 fuit
300 569 360 599 pro
378 563 471 599 parte
489 560 570 590 dicti
589 560 727 598 capituli
746 560 785 589 ad
805 559 919 589 sedem
937 558 1157 597 apostolicam
1175 565 1231 595 ap-

219 613 395 651 pellatum.
419 613 523 651 Cujus
542 613 780 652 appellationis
803 612 975 650 negotium
1000 611 1071 640 sive
1094 618 1229 640 eausam

218 669 249 697 et
267 667 368 697 etiam
389 667 576 705 principale
594 666 691 696 nobis
707 667 752 702 J.,
771 665 990 696 miseratione
1007 665 1121 694 divina
1137 672 1230 693 sanc-

217 722 330 751 torum
349 720 471 750 Cosme
486 722 517 750 et
529 719 686 750 Damiani
705 719 845 748 diacono
863 718 1039 753 cardinali,
1059 717 1230 755 predictus

217 773 377 804 dominus
391 775 505 803 noster
520 781 675 803 summus
690 772 843 810 pontifex
856 771 1025 802 commisit
1040 771 1103 800 sine
1117 770 1229 800 debito

216 932 448 963 venerabilem
459 933 589 971 patrem
607 932 803 970 episcopum
817 933 849 961 et
861 931 1027 969 prefatum
1043 930 1229 969 capitulum

219 985 470 1016 Ulixbonenses
489 986 520 1014 et
540 993 657 1015 omnes
679 984 735 1023 1131
754 993 790 1014 30
810 984 934 1014 vellent
953 984 1041 1013 dicto
1060 984 1096 1013 13.
1119 984 1153 1012 in
1172 983 1230 1012 hu-

213 1038 363 1077 jusmodi
382 1038 577 1076 provisione
599 1046 780 1076 opponere,
799 1037 920 1076 primo,
940 1037 1100 1073 secundo,
1128 1037 1228 1067 tertio

216 1093 247 1122 et
266 1091 505 1130 peremptorie,
523 1093 624 1130 prout
642 1091 747 1121 moris
767 1093 829 1125 est,
846 1091 881 1120 in
900 1090 1073 1120 audientia
1093 1090 1230 1128 publica

215 1144 313 1175 citari
329 1144 470 1175 fecimus
491 1146 527 1174 ut
546 1153 658 1174 eoram
675 1143 773 1174 nobis
788 1152 846 1183 per
863 1152 900 1174 se
918 1143 971 1174 vel
992 1146 1229 1182 procuratores
1255 1169 1256 1181 ἶ

214 1197 365 1236 ydoneos
382 1206 417 1228 se
432 1199 627 1236 presentare
642 1197 801 1228 deberent
815 1197 850 1227 in
865 1197 953 1227 dicto
968 1197 1113 1235 negotio,
1130 1198 1230 1235 prout

210 1251 346 1289 Justitia
358 1251 519 1290 exigeret,
535 1251 741 1289 processuri.
755 1250 820 1281 Sed
833 1250 911 1289 quia
922 1250 1018 1289 ipsis,
1035 1250 1068 1279 in
1083 1250 1230 1287 assigna-

216 1357 332 1387 nullus
362 1357 490 1387 habens
520 1357 715 1387 mandatum
741 1357 914 1387 sufficiens
943 1357 984 1386 ad
1010 1356 1175 1395 agendum
1199 1359 1230 1386 et

216 1410 464 1441 defendendum
481 1419 593 1441 coram
605 1410 703 1440 nobis
721 1411 909 1449 comparuit
923 1419 982 1448 pro
995 1410 1135 1445 eisdem,
1154 1418 1227 1446 nos,

217 1464 290 1495 viso
310 1465 535 1495 instrumento
555 1464 795 1503 appellationis
813 1464 974 1502 predicte,
994 1473 1030 1494 ac
1050 1464 1090 1493 de
1113 1463 1229 1502 appel-

216 1518 340 1548 latione
350 1519 424 1556 ipsa
436 1518 587 1557 legitime
600 1517 745 1557 cognito,
757 1517 912 1556 exigente
924 1517 1069 1556 justitia,
1082 1525 1229 1555 pronun-

215 1571 377 1601 tiavimus
393 1571 565 1610 negotium
584 1571 695 1610 ipsum
714 1570 755 1601 ad
775 1570 889 1600 sedem
909 1570 1130 1609 apostolicam
1145 1569 1229 1608 legi-
1255 1598 1256 1601 ,

214 1624 296 1654 111110
313 1624 522 1654 devolutum.
541 1624 690 1662 Recepta
707 1624 809 1662 igitur
827 1623 1047 1662 postmodum
1066 1623 1229 1661 petitione
1255 1630 1256 1650 ι

215 1677 286 1708 31νο
300 1677 416 1708 libello
429 1678 539 1716 ipsius
555 1678 606 1713 Ε.,
622 1679 718 1715 cujus
732 1680 826 1707 tenor
838 1677 917 1707 talis
934 1678 983 1706 est
1006 1686 1011 1704 z

257 1741 271 1759 11
291 1731 412 1761 Coram
427 1730 534 1764 vobis,
553 1730 740 1760 venerabili
763 1732 858 1768 patre
876 1729 1012 1759 domino
1033 1729 1077 1765 J.,
1102 1731 1229 1759 sancto-
1255 1747 1256 1750 =

216 1794 230 1813 «
256 1793 330 1814 rum
348 1785 469 1815 Cosme
489 1786 520 1814 et
534 1784 671 1814 Damini
686 1783 826 1813 diacono
845 1782 1020 1818 cardinali,
1038 1777 1195 1820 'partibus
1212 1791 1230 1812 a

216 1847 229 1865 «
255 1837 391 1867 domino
414 1845 501 1876 papa
529 1837 681 1867 auditore
705 1844 877 1871 concesso,
904 1836 1063 1874 proponit
1089 1835 1230 1873 Egidius

215 1900 229 1919 «
255 1890 405 1926 Martini,
419 1890 563 1920 clericus
575 1889 831 1925 Ulixbonensis,
848 1891 964 1919 contra
979 1912 984 1917 .
999 1912 1004 1917 .
1019 1889 1229 1926 episcopum,

215 1954 230 1973 «
255 1946 285 1974 et
305 1943 492 1982 capitulum
517 1943 780 1978 Ulixbonenses‚
805 1942 920 1972 dicens
944 1942 1033 1981 113011
1058 1942 1229 1972 sanctissi-
1256 1973 1257 1976 Ἴ

216 2007 230 2026 1(
255 2006 332 2027 11133
360 1998 456 2036 pater
484 1997 643 2027 dominus
667 1996 826 2027 Urbanus
848 2004 934 2034 papa
951 1995 1017 2025 IIII
1043 1995 1229 2025 venerabili

216 2061 231 2079 «
255 2050 343 2089 patri
366 2075 371 2081 .
392 2074 397 2080 .
416 2050 669 2089 archiepiscopo
688 2049 922 2083 Bracliarensi‚
944 2049 1016 2078 suis
1034 2049 1125 2079 dedit
1144 2049 1230 2079 litte·
1256 2059 1258 2074 ι

216 2114 231 2133 11
255 2104 303 2134 113
322 2104 357 2134 111
374 2104 544 2134 mandatis
562 2105 609 2138 ut,
631 2112 690 2142 per
708 2112 744 2133 se
762 2102 815 2133 vel
841 2111 900 2141 per
920 2102 1037 2139 alium,
1064 2102 1097 2132 in
1118 2102 1233 2141 aliqua
1257 2140 1258 2149 ἵ

1257 2152 1258 2155 ’
1288 2154 1512 2192 dempnando,
1543 2162 1686 2192 quarum
1714 2153 1923 2183 taxationem
1941 2152 2040 2182 nobis
2065 2153 2099 2182 11]
2128 2154 2302 2191 posterum

216 2168 231 2186 11
256 2157 477 2188 ecclesiarum
506 2157 750 2187 cathedralium
776 2156 869 2195 regni
890 2155 1084 2194 Portugalie
1104 2155 1232 2194 predic-

216 2221 231 2239 11
255 2212 327 2241 13111
346 2210 504 2250 Egidium
522 2210 627 2249 recipi
644 2210 766 2240 faceret
788 2209 822 2239 in
842 2211 1037 2239 canonicum
1062 2211 1092 2239 et
1112 2209 1146 2239 in
1168 2209 1232 2238 fra·
1258 2203 1259 2235 ἶ

216 2274 231 2292 11
256 2266 354 2300 trem,
373 2264 470 2302 eique
484 2264 524 2294 de
538 2263 721 2302 prebenda,
739 2263 767 2292 si
784 2264 862 2293 tunc
875 2262 1014 2292 vacabat
1034 2261 1160 2292 ibidem
1177 2262 1231 2292 vel

217 2327 230 2345 11
256 2317 425 2355 quamcito
437 2325 555 2347 vacare
572 2316 793 2355 contingeret,
806 2316 840 2345 in
854 2316 943 2346 dicta
960 2315 1104 2345 ecclesia
1123 2315 1232 2345 dictus

217 2380 231 2398 «
257 2370 531 2408 archiepiscopus
553 2369 730 2408 providere
753 2369 901 2405 deberet,
929 2370 1028 2407 prout
1052 2369 1086 2398 111
1109 2368 1233 2398 11110113

217 2434 231 2452 (ι
256 2423 447 2462 papalibus,
482 2431 583 2461 super
616 2422 678 2453 hoc
713 2422 884 2458 confectis,
924 2422 1059 2460 plenius
1087 2421 1232 2451 contine-

217 2487 231 2505 «
257 2479 323 2507 tur.
343 2477 496 2515 Cumque
510 2477 620 2506 dictus
642 2476 918 2514 archiepiscopus
936 2475 1080 2505 Martino
1095 2476 1232 2514 Symeo-
1260 2511 1261 2516 ¹

1260 2526 1261 2529 ’
1291 2527 1452 2562 1110101131,
1485 2526 1637 2556 ι1011311110
1675 2525 1714 2555 de
1758 2525 1878 2558 Rocca,
1922 2524 2102 2555 Eenedicto
2139 2524 2179 2554 de
2214 2524 2304 2554 Mur-

218 2540 231 2558 «
256 2530 320 2565 nis,
340 2529 461 2560 rectori
484 2529 625 2559 ecclesie
652 2529 759 2559 sancti
781 2528 957 2559 Michaelis
974 2528 1013 2558 de
1031 2528 1231 2563 Reverdola,

218 2594 232 2611 «
257 2582 482 2613 committeret
504 2582 595 2612 vices
619 2591 698 2612 suas
717 2584 752 2612 ut
773 2582 814 2611 ad
834 2582 1068 2612 executionem
1086 2581 1234 2612 mandati

217 2647 232 2665 «
257 2636 434 2675 apostolici
453 2635 660 2674 procederet,
680 2635 852 2673 predictus
873 2637 993 2670 rector,
1012 2634 1236 2673 personaliter

219 2700 233 2719 11
258 2690 299 2719 311
315 2689 495 2719 ecclesiam
515 2688 796 2723 Ulixbonensem,
825 2696 889 2726 que
907 2689 941 2717 in
959 2688 1110 2727 predicto
1134 2696 1236 2726 regno

218 2753 233 2772 «
259 2742 438 2778 existebat,
466 2742 639 2778 accedens,
667 2750 704 2771 ac
726 2741 843 2771 volens
870 2743 903 2771 et
921 2741 1051 2780 eligens
1071 2741 1180 2771 eidem
1195 2741 1233 2771 Ε,
1262 2779 1263 2785 ¹

220 2808 234 2826 «
260 2797 293 2827 in
311 2796 386 2835 ipsa
403 2795 556 2831 ecclesia,
572 2794 772 2825 auctoritate
789 2793 975 2832 apostolica
991 2794 1180 2832 providere,
1198 2802 1236 2824 ac

219 2860 234 2879 «
260 2849 489 2889 provisionem
508 2847 702 2887 hujusmodi
726 2847 814 2877 dicto
838 2847 876 2877 E.
902 2846 1091 2877 faciendam
1109 2847 1150 2877 ad
1172 2847 1237 2876 dic·
1262 2875 1263 2878 ,

221 2914 236 2932 (1
260 2904 330 2934 tam
344 2901 521 2933 ecclesiam
539 2900 809 2932 Ulixbonensem
827 2899 1049 2938 restringens,
1068 2900 1236 2938 predictas

1287 302 1301 320 «
1325 292 1464 330 papales
1485 294 1516 322 et
1541 293 1796 323 connnissionis
1813 294 1877 323 sibi
1899 305 1917 324 a
1941 295 2028 325 dicto
2047 296 2299 336 archiepiscopo

1287 355 1302 373 «
1326 344 1411 374 facte
1432 345 1563 374 litteras
1580 346 1613 374 in
1634 346 1782 384 capitulo
1799 347 1940 377 ecclesie
1962 351 2145 379 memorate
2165 350 2298 387 publice

1286 408 1292 426 1
1326 397 1390 435 legi
1413 398 1502 434 fecit,
1521 400 1658 436 propter
1680 400 1769 437 quod
1787 409 1846 438 pro
1865 403 1958 438 parte
1981 402 2060 431 (111-11
2081 403 2218 440 capituli
2237 404 2300 434 suit

1286 461 1299 479 «
1325 451 1365 480 ad
1400 451 1513 481 sedem
1545 453 1766 490 apostolicam
1806 454 2024 491 appellatum,
2050 457 2080 484 01
2111 456 2300 493 predictum

1286 514 1300 532 11
1324 504 1481 542 Egidium
1506 505 1655 543 recipere
1677 513 1743 534 non
1767 508 1937 540 curarunt,
1968 507 2070 537 nichil
2098 508 2299 539 rationabile

1285 566 1299 585 «
1324 559 1552 595 proponentes
1571 566 1674 596 quare
1692 558 1725 587 id
1742 558 1814 588 fieri
1833 567 1898 589 non
1914 559 2060 590 deberet.
2088 562 2198 596 Quare
2216 562 2300 599 petit

1285 620 1299 637 11
1324 610 1496 648 predictus
1523 611 1664 649 Egidius
1681 612 1831 650 prefatos
1849 612 2045 651 episcopum
2065 615 2095 644 et
2115 614 2300 652 capitulum

1285 674 1298 690 11
1324 663 1573 693 sententiantes
1601 664 1843 702 condempnari
1871 665 1960 703 quod
1988 666 2131 696 eundem
2158 667 2195 696 E.
2217 667 2299 696 reci-

1285 726 1299 743 «
1323 715 1417 754 piant
1446 716 1480 745 in
1507 717 1705 746 canonicum
1730 717 1814 747 etin
1840 718 1990 752 fratrem,
2020 721 2050 748 01
2077 719 2189 756 ipsum
2213 720 2299 749 sicut,

1256 806 1257 810 Ἰ
1285 779 1299 797 11
1325 778 1427 799 unum
1443 778 1483 799 ex
1501 770 1579 799 aliis
1594 771 1765 800 canonicis
1780 771 1865 801 dicte
1879 771 2020 801 ecclesie
2037 772 2185 802 fraterna
2200 774 2231 802 et
2248 782 2300 802 so-

217 826 480 856 terminandum.
501 825 600 855 Dicto
618 827 728 855 autem
746 825 782 854 Ε.
801 824 1019 862 postmodum
1037 832 1054 853 3
1079 823 1177 853 nobis
1196 823 1230 852 in
1256 823 1257 864 J

219 879 307 909 dicto
330 879 466 918 procedi
488 878 622 917 negotio
647 887 722 908 cum
752 877 914 907 instantia
939 877 1143 916 postulante,
1169 885 1230 906 1103
1256 877 1257 882 ’

1286 833 1299 851 11
1324 822 1401 852 ciali
1417 823 1555 853 caritate
1573 825 1791 861 pertractent,
1808 826 1838 854 et
1858 825 2094 854 sententiando
2112 825 2300 856 decernatis

1286 886 1299 904 (1
1325 875 1433 906 eidem
1456 876 1492 906 E.
1515 876 1762 915 providendum
1781 877 1820 906 de
1840 877 2021 915 prebenda,
2042 878 2070 907 si
2092 886 2157 916 qua
2176 878 2209 908 in
2227 887 2298 917 pre·

1284 939 1299 958 11
1324 929 1413 959 dicta
1437 929 1579 959 ecclesia
1596 932 1692 959 vacat
1717 930 1757 959 ad
1777 939 1918 969 presens
1942 931 1994 961 vel
2012 931 2182 969 quamcito
2200 932 2240 961 ad
2265 932 2298 961 id

1285 994 1298 1010 11
1324 982 1483 1012 obtulerit
1499 991 1533 1012 se
1553 983 1707 1018 facultas,
1722 983 1820 1022 juxta
1836 986 1986 1014 tenorem
2002 984 2153 1015 mandati
2168 985 2298 1023 aposto-

1285 1046 1299 1063 (1
1324 1035 1379 1065 lici
1394 1044 1496 1074 super
1511 1036 1706 1074 provisione
1718 1037 1912 1075 hujusmodi
1928 1037 2045 1068 directi
2063 1038 2103 1067 ad
2118 1038 2298 1076 archiepis-

1285 1099 1299 1117 11
1325 1097 1444 1127 copum
1462 1089 1707 1126 supradictum.
1725 1089 1813 1119 Petit
1830 1090 1929 1119 etiam
1944 1090 2197 1128 prenominatos
2210 1091 2296 1129 epis-

1285 1153 1298 1169 «
1324 1150 1443 1180 eopum
1470 1144 1499 1172 et
1521 1142 1706 1180 capitulum
1731 1143 1969 1181 condempnari
1997 1142 2061 1172 sibi
2087 1143 2119 1172 in
2137 1144 2299 1182 expensis

1285 1206 1298 1223 «
1325 1195 1422 1225 factis
1444 1197 1475 1224 et
1500 1194 1675 1231 faciendis,
1703 1203 1787 1233 quas
1811 1195 1845 1224 111
1868 1204 2029 1234 processu
2047 1196 2169 1234 Judicii
2188 1196 2299 1226 decla-

1255 1238 1256 1293 ]
1285 1258 1299 1276 ((
1324 1247 1424 1278 rabit.
1442 1258 1455 1276 1)

215 1304 259 1334 tis
279 1303 345 1334 sihi
367 1304 524 1334 terminis
542 1305 573 1334 et
589 1305 665 1343 post
683 1304 861 1340 terminos,
882 1303 1068 1342 expectatis
1086 1303 1227 1339 diutius,

1325 1312 1339 1330 «
1358 1301 1509 1340 visisque
1527 1310 1563 1331 30
1587 1301 1769 1331 intellectis
1785 1301 1920 1340 juribus
1942 1304 1973 1332 et
2000 1302 2189 1332 rationibus
2210 1302 2296 1337 suis,

1284 1355 1510 1393 conclusoque
1527 1363 1587 1393 per
1604 1355 1747 1384 eundem
1765 1355 1803 1385 E.
1823 1355 1857 1384 in
1875 1364 1988 1391 causa,
2009 1364 2045 1385 ac
2064 1355 2176 1386 citatis
2192 1355 2297 1394 prefa-

1284 1408 1329 1437 tis
1347 1408 1506 1446 episcopo
1525 1410 1555 1438 et
1575 1408 1722 1446 capitulo
1746 1417 1783 1438 ac
1805 1403 2298 1447 eorundemprocuratoribus,

1287 1462 1317 1491 si
1334 1462 1391 1500 qui
1409 1463 1523 1492 essent
1544 1461 1580 1491 in
1596 1462 1749 1492 Romana
1764 1462 1857 1491 curia
1874 1471 1933 1500 pro
1949 1462 2090 1498 eisdem,
2111 1463 2146 1491 in
2165 1462 2299 1492 audien-

1283 1515 1331 1544 tia
1358 1514 1493 1553 publica
1518 1515 1559 1544 ad
1586 1515 1790 1544 sententiam
1807 1515 2022 1549 audiendam,
2045 1515 2124 1553 quia
2149 1523 2208 1544 nec
2231 1514 2297 1552 ipsi

1285 1577 1344 1598 nec
1360 1569 1556 1606 procurator
1573 1576 1632 1606 pro
1650 1567 1736 1606 ipsis
1752 1567 1889 1606 aliquis,
1912 1568 1946 1597 111
1964 1568 2135 1606 assignato
2151 1568 2297 1598 termino

1285 1624 1314 1650 et
1343 1622 1419 1659 post
1450 1621 1633 1650 terminum
1669 1621 1837 1659 expectati
1867 1621 2009 1657 diutius,
2038 1622 2299 1659 comlivaruerunt

1285 1682 1398 1703 coram
1422 1673 1531 1709 nobis,
1559 1682 1632 1710 1103,
1655 1673 1808 1712 ipsorum
1827 1674 1981 1704 absentia
1998 1674 2062 1704 Dei
2078 1674 2206 1712 repleta
2227 1682 2300 1712 pre-

1285 1727 1405 1761 sentia,
1425 1727 1661 1757 sententiando
1678 1727 1938 1764 pronuntiamus
1956 1727 2027 1757 fore
2046 1727 2174 1757 dictum
2193 1727 2231 1757 E.
2248 1735 2299 1757 re-

1285 1780 1477 1818 cipiendum
1493 1780 1526 1809 in
1544 1780 1632 1810 dicta
1649 1780 1791 1810 ecclesia
1808 1779 2034 1810 L‘lixbonensi
2049 1780 2083 1810 in
2100 1780 2300 1810 canonicum

1286 1833 1365 1863 etin
1383 1833 1535 1869 fratrem,
1556 1835 1587 1863 et
1607 1833 1646 1863 de
1664 1832 1843 1871 prebenda,
1865 1833 1894 1862 si
1917 1842 1982 1871 qua
1999 1835 2092 1863 vacat
2113 1832 2239 1862 ibidem
2258 1833 2301 1863 ad

1285 1895 1437 1925 presens,
1452 1886 1604 1925 alioquin
1618 1887 1788 1925 quamcito
1805 1887 1846 1916 ad
1864 1887 1897 1916 id
1913 1896 1947 1916 se
1966 1886 2108 1916 facultas
2125 1886 2297 1922 obtulerit,

1286 1940 1374 1970 dicto
1386 1941 1423 1970 E.
1444 1940 1657 1970 decernimus
1674 1940 1934 1978 providendum,
1947 1940 2131 1970 secundum
2148 1941 2300 1970 tenorem

1287 1993 1437 2024 mandati
1450 1993 1627 2032 apostolici
1645 2002 1746 2031 super
1760 1993 1955 2032 provisione
1969 1993 2162 2032 hujusmodi
2181 1993 2299 2023 directi

1287 2047 1328 2077 ad
1365 2047 1656 2085 archiepiscopum
1692 2046 1936 2085 supradictum,
1971 2047 2158 2085 capitulum
2188 2046 2301 2085 ipsum

1287 2100 1529 2130 nichilominus
1562 2100 1597 2130 in
1628 2100 1789 2138 expensis
1822 2099 1985 2139 legitimis
2018 2099 2127 2130 eidem
2154 2100 2192 2129 E.
2224 2108 2299 2129 001]-

1287 2215 1514 2237 reservamus.
1536 2207 1620 2237 Lata
1639 2208 1671 2236 et
1695 2207 1835 2236 recitata
1854 2206 1917 2236 fuit-
1938 2206 1997 2236 hec
2021 2206 2189 2236 sententia
2213 2206 2301 2244 apud

1289 2260 1578 2296 Urbemveterem,
1599 2260 1633 2289 in
1651 2259 1781 2298 capella
1797 2259 1938 2298 predicti
1955 2259 2082 2289 domini
2105 2259 2300 2294 cardinalis,

1258 2310 1259 2315 ’
1289 2323 1376 2344 311110
1394 2313 1531 2344 Domini
1558 2312 1794 2343 M⁰CC⁰LXIII⁰
1818 2312 2000 2342 indictione
2026 2321 2086 2347 vii,
2105 2320 2221 2342 mense
2246 2320 2303 2341 no-

1290 2366 1419 2397 vembri
1437 2376 1495 2396 virt
1512 2367 1577 2402 die,
1600 2366 1817 2404 pontificatus
1841 2365 1969 2395 domini
1989 2365 2116 2396 Urbani
2135 2373 2220 2403 pape
2237 2363 2303 2394 IIII

1290 2429 1376 2450 anno
1401 2420 1514 2455 tertio,
1534 2418 1749 2458 presentibus
1770 2418 1837 2448 hiis
1859 2418 2006 2448 testibus
2025 2418 2067 2448 ad
2089 2418 2149 2448 hoc
2175 2417 2304 2448 vocatis

1291 2476 1323 2504 et
1347 2474 1486 2513 rogatis,
1517 2473 1691 2511 magistris
1713 2472 1858 2502 Martino
1889 2471 2070 2507 Vincentii,
2095 2471 2219 2501 decano
2246 2471 2302 2501 Za-

1291 2589 1390 2610 mano
1412 2579 1647 2610 Bartholomeo
1675 2579 1714 2608 de
1739 2578 1910 2613 Tliufflno,
1936 2577 2066 2616 Augelo
2092 2578 2246 2608 Romano
2273 2578 2305 2607 et

1292 2633 1422 2672 Egidio,
1450 2635 1577 2662 rectore
1601 2631 1743 2662 ecclesie
1767 2631 1874 2661 sancti
1899 2631 1992 2661 Petri
2018 2631 2052 2660 in
2077 2631 2206 2662 Semita
2223 2630 2307 2660 Lata

1292 2686 1544 2721 Aurelianensi,
1561 2684 1747 2724 capellanis
1760 2685 1902 2723 predicti
1917 2684 2047 2714 domini
2059 2683 2253 2718 cardinalis,
2269 2692 2306 2713 ac

1292 2740 1454 2779 magistro
1471 2739 1572 2769 Petro
1585 2739 1734 2777 Yspano,
1752 2738 1876 2768 decano
1892 2737 2130 2772 Ulixbonensi,
2144 2739 2307 2775 0111113111-

1293 2792 1449 2832 pluribus
1467 2792 1555 2822 aliis.
1582 2791 1635 2822 Ad
1658 2791 1819 2830 majorem
1845 2793 1958 2821 autem
1982 2791 2083 2829 hujus
2102 2790 2151 2820 rei
2171 2789 2306 2820 eviden-

1292 2846 1375 2876 tiam
1386 2847 1418 2876 et
1428 2845 1606 2881 cautelam,
1617 2844 1707 2874 idem
1718 2844 1876 2874 dominus
1889 2843 2072 2874 cardinalis
2083 2843 2160 2873 huic
2172 2841 2308 2881 publico

1294 2899 1520 2929 instrumento
1536 2906 1636 2928 suum
1654 2897 1734 2928 fecit
1753 2897 1904 2937 sigillum
1923 2896 2058 2936 apponi.
2077 2897 2119 2927 Et
2138 2904 2210 2934 ege,
2228 2896 2311 2926 Gre-
