2519 3262
223 306 261 335 10
925 301 1002 331 Lisss
1025 301 1267 332 REGISTRES
1288 301 1502 333 D'URBAIN
1526 301 1581 331 IV.

223 397 342 426 xerit1s
362 396 596 428 ordinandum,
618 396 728 425 tamen
748 394 798 424 eis
817 394 1060 433 quinquaginta
1079 393 1225 430 milium,

222 449 385 479 librarum
412 448 542 479 usualis
563 449 694 478 monete
720 449 752 477 et
780 447 1040 486 quingentorum
1064 447 1224 482 militum,

222 503 371 532 exercitu
390 502 463 540 ipso
483 502 636 534 durante,
661 501 700 531 ad
720 500 903 530 eorundem
928 501 1140 530 Lucanorum
1166 499 1226 529 iin-

222 554 472 593 pugnationein,
507 554 606 592 prout
632 552 750 589 fertur,
787 552 977 583 subsidium
1007 551 1224 591 promisistis.

222 610 308 638 Sane
323 616 387 637 non
403 608 514 636 vestra
530 606 694 636 demerita
709 607 922 636 recensentes
941 605 998 635 sed
1010 605 1160 635 debitum
1172 612 1225 642 pa-

220 661 283 690 tris
293 661 536 698 consequentes
548 659 715 692 affectum,
730 668 842 689 amare
854 659 1008 689 dolemus
1017 667 1075 688 nec
1085 666 1144 687 vos
1155 666 1227 696 prc-

221 713 322 743 terire
341 712 438 743 debet
461 712 561 752 hujus
586 712 713 742 doloris
734 712 898 742 acerbitas
927 712 1014 751 quod
1035 719 1095 740 nos
1112 712 1143 740 et
1159 710 1227 740 Ro-

221 774 353 796 manam
383 765 559 796 ecclesiam
588 765 621 795 in
648 765 774 795 nostris
803 765 959 795 fidelibus
983 764 1094 794 taliter
1117 771 1228 802 perse-

221 819 364 857 quendo,
382 818 571 849 animarum
588 820 777 848 vestrarum
790 818 890 848 saluti
905 817 1082 847 detrahitis
1097 818 1128 846 et
1142 816 1227 845 iram

220 873 282 903 Dei
298 875 413 903 contra
428 880 488 902 vos
500 872 615 910 procul
632 871 734 901 (lubio
750 871 953 910 provocatis.

259 926 398 960 Verum,
423 925 451 955 si
481 926 570 955 recto
595 924 723 963 judicio
744 924 918 954 extin'ietis
942 924 1105 962 quantum
1131 922 1165 952 id
1186 922 1226 952 ad

218 980 369 1009 vestrum
396 980 427 1008 et
454 978 602 1008 civitatis
628 979 737 1007 vestre
761 977 855 1007 cedat
884 976 1114 1015 opprobrium,
1142 976 1225 1006 illud

218 1032 319 1062 etiam
340 1032 488 1070 profecto
511 1031 607 1061 vobis
635 1031 800 1060 immense
825 1030 1007 1060 dolendum
1033 1030 1225 1060 occurreret

218 1085 306 1124 quod
321 1093 382 1115 vos
398 1085 430 1114 et
444 1084 564 1114 civitas
586 1084 661 1123 ipsa
678 1083 735 1123 qui
767 1083 853 1114 inter
870 1085 999 1113 ceteras
1020 1083 1174 1113 civitates
1194 1084 1226 1112 ct

217 1138 457 1168 universitates
470 1137 591 1167 Tuscie
607 1138 701 1168 tanta
717 1136 830 1175 vigere
848 1136 1004 1167 libertate
1021 1136 1140 1166 soletis
1155 1137 1224 1165 tan-

218 1193 317 1230 taque
340 1192 506 1230 potestate
528 1191 718 1230 preminere
738 1192 772 1221 ut
793 1190 916 1229 reliqui
934 1190 1081 1228 partium
1102 1190 1224 1219 vicina-

216 1253 291 1283 ¹rum
306 1244 423 1283 populi
446 1243 543 1274 vobis
563 1243 699 1274 obedire
718 1245 915 1282 cogerentur
932 1243 966 1273 in
983 1243 1076 1273 auris
1094 1243 1222 1276 auditu,

217 1306 305 1328 nunc
325 1297 406 1328 estis
425 1296 504 1336 jugo
528 1298 619 1327 tante
642 1297 817 1328 servitutis
839 1296 953 1332 adicti,
980 1296 1029 1326 sic
1049 1296 1186 1326 omnino
1207 1305 1225 1326 a

217 1352 308 1381 statu
331 1350 431 1381 solito
456 1349 631 1381 decidistis
650 1351 739 1389 quod
761 1350 863 1380 etiam
890 1350 1005 1380 contra
1024 1357 1082 1380 eos
1100 1349 1224 1388 quibus

216 1403 330 1434 fuistis
354 1403 492 1442 antiqua
510 1403 670 1434 societate
696 1403 875 1442 conjuncti,
904 1411 1020 1433 eorum
1042 1402 1224 1441 imperium

217 1457 313 1496 sequi
338 1456 498 1496 cogimini
522 1465 666 1495 quorum
687 1456 859 1495 aliquibus
881 1455 1043 1486 solebatis
1061 1455 1224 1486 hactenus

215 1509 397 1549 imperare.
432 1510 528 1540 Certe
556 1510 585 1540 si
615 1510 795 1549 diligenter
824 1510 1012 1545 attenditis,
1050 1510 1079 1540 si
1111 1509 1224 1540 debita

217 1563 436 1594 meditatione
455 1563 605 1602 pensatis
630 1566 772 1599 vestros,
797 1573 836 1594 ne
854 1564 1034 1603 loquamur
1060 1563 1222 1602 apertius,

218 1625 329 1647 mores
353 1619 383 1646 et
406 1617 523 1652 vitam,
548 1625 612 1655 que
638 1620 774 1656 propter
798 1618 932 1656 peccata
960 1616 1223 1647 inhabitantium

217 1669 405 1700 acciderant
435 1670 563 1700 civitati
593 1671 705 1700 vestre
732 1679 768 1700 ac
801 1669 898 1700 vobis
928 1669 1043 1700 ista...
1072 1670 1080 1686 ¹
1107 1670 1223 1708 procul

217 1722 318 1753 dnbio
338 1722 538 1762 agnoscetis.
563 1723 614 1753 Ad
635 1723 1007 1762 corigiturredeuntes,
1022 1731 1221 1762 quesumus,

217 1777 310 1806 actus
329 1777 460 1806 vestros
477 1776 645 1815 corrigite,
664 1777 773 1807 redire
790 1777 830 1806 ad
854 1777 966 1806 sinum
985 1777 1104 1807 matris
1122 1777 1226 1806 eccle-

217 1829 265 1858 sie.
289 1829 456 1866 festinate,
478 1829 587 1869 ipsam
613 1831 645 1860 et
670 1830 786 1860 fideles
808 1830 918 1868 ipsius
937 1830 1082 1860 desinite
1101 1830 1223 1860 moles-

216 1883 298 1917 tare,
322 1882 362 1912 ab
381 1882 576 1921 hujusmodi
605 1883 827 1914 subventione
847 1883 981 1922 penitus
1006 1883 1221 1913 desistentes.

217 1935 286 1964 Nos
305 1944 393 1971 vero,
419 1944 458 1965 ne
479 1936 620 1974 prefatis
642 1936 849 1966 ‘Senensibus
873 1936 925 1966 vel
954 1936 1090 1966 Pisanis
1109 1938 1223 1966 contra

216 1987 370 2017 Lucanos
392 1988 560 2026 predictos
581 1989 837 2019 subventionem
855 1989 1048 2028 hujusmodi
1068 1992 1123 2019 aut,
1138 1989 1224 2019 alias

218 2039 379 2077 favorem,
403 2041 570 2071 auxilium
587 2042 640 2072 vel
657 2042 839 2072 consilium
857 2042 1024 2080 impertiri
1042 2042 1224 2080 quomodo-

218 2093 300 2123 libet
315 2094 521 2132 presumatis
538 2095 654 2125 teuore
667 2095 875 2133 presentium
891 2095 1080 2124 (tlstrictius
1096 2095 1224 2124 iuhibe-

216 2154 305 2182 muS,
332 2147 365 2176 in
390 2147 468 2177 illas
491 2156 594 2186 penas
619 2149 650 2178 et
668 2148 865 2184 sententias,
886 2149 913 2177 si
941 2158 957 2177 s
980 2157 1039 2178 cus
1062 2148 1222 2183 feceritis,

217 2208 289 2236 vos,
315 2199 485 2230 civitatem
511 2201 708 2239 predictam,
734 2201 824 2231 cives
849 2201 958 2240 ipsius
977 2203 1008 2231 et
1030 2201 1224 2240 specialiter

217 2254 422 2283 mercatores
438 2262 475 2284 eo
493 2254 567 2292 ipso
582 2255 801 2285 decernentes
820 2255 978 2289 incidere,
997 2254 1120 2293 quibus
1144 2255 1223 2284 civi—

216 2307 330 2342 tatem,
349 2306 438 2336 cives
455 2309 485 2337 et
501 2309 705 2338 mercatores
720 2309 899 2344 senenses,
918 2309 1054 2346 propter
1071 2308 1221 2346 ipsorum

217 2358 342 2397 culpas,
364 2359 445 2389 olim
463 2360 674 2391 decrevimus
691 2360 874 2401 subjacere.
896 2369 912 2389 »

787 2513 912 2544 Viterbe‚
933 2516 967 2541 :30¹
982 2515 1054 2541 avril
1073 2515 1150 2542 1220.

305 2514 401 2544 2810

249 2595 363 2626 Jacobo,
380 2595 544 2629 Aragonum
560 2596 631 2630 regi.
643 2596 690 2630 qui
704 2597 738 2623 ad
751 2598 931 2624 tractandam
946 2598 1129 2625 concordiam
1146 2597 1222 2625 iuter

215 2642 404 2674 Manli-edum,
430 2644 573 2678 quondam
600 2644 758 2679 principem
788 2646 986 2679 Tarentinum,
1012 2650 1039 2674 et
1067 2647 1219 2674 eeclesiam

214 2691 372 2719 Romanam
393 2694 582 2727 personaliter
605 2696 701 2728 partes
729 2703 793 2721 suas
813 2694 1035 2729 iuterpositurus
1053 2698 1125 2729 erat,
1144 2704 1220 2723 sum-

214 2743 344 2767 motenus
359 2741 492 2776 explanat
511 2742 640 2778 ejusdem
661 2743 798 2770 Mansredi
819 2744 991 2779 multiplices
1005 2753 1037 2771 ac
1054 2745 1222 2780 importabi-

213 2788 253 2815 les
280 2790 402 2817 offensas
430 2799 499 2825 quas
525 2794 625 2819 contra
651 2792 737 2819 Deum
756 2795 783 2819 et
809 2795 931 2819 matrem
949 2793 1102 2820 ecclesiam
1130 2795 1218 2821 conti-

213 2839 326 2864 nuando
341 2839 522 2874 multiplicet.
542 2840 629 2875 Rogat
640 2843 668 2867 ct
683 2840 813 2868 hortatur
826 2849 924 2876 regem
944 2844 971 2869 ut
987 2843 1220 2877 suggestionibus

213 2886 340 2914 sinistris
360 2887 429 2923 ojus,
448 2889 495 2922 qui
515 2892 577 2923 post
594 2889 781 2916 Tarentinum
801 2890 991 2925 principatum
1013 2891 1066 2925 ipsi
1082 2891 1117 2918 ab
1131 2891 1221 2919 eccle-

246 2992 265 3014 1.
282 2991 341 3015 Une
358 2990 458 3014 lacuna
477 2991 547 3015 daus
564 2991 588 3015 lc
605 2991 772 3016 manuscrit.

1283 394 1325 420 sia
1341 393 1426 420 nullis
1442 393 1501 428 ejus
1519 391 1630 419 meritis
1657 399 1839 425 concessum,
1854 391 1992 419 ecclesiae
2011 391 2150 419 ditionem
2169 391 2290 418 invasis-

1283 445 1336 473 set,
1352 442 1515 469 sarracenis
1532 449 1562 467 se
1577 441 1783 477 conjunxisset,
1798 441 1833 468 ad
1853 440 2009 468 catholicos
2031 440 2170 467 eeclesiae
2185 440 2292 467 studio·

1282 500 1328 517 sos
1346 491 1545 525 proterendos,
1563 489 1702 520 Siciliam,
1718 489 1847 516 confecta
1860 489 1980 516 Conradi
1994 489 2106 524 nepotis
2125 489 2167 516 sui
2185 491 2288 519 morte,

1282 542 1460 574 occupasset,
1475 538 1628 565 nonnullos
1645 538 1766 565 barones
1780 537 1901 572 praefati
1916 538 1997 572 regni
2015 537 2169 565 crudeliter
2187 538 2291 564 interc-

1283 589 1395 619 inisset,
1410 587 1547 614 ccclesias
1559 589 1699 618 vexasset,
1713 595 1765 613 nec
1776 589 1899 621 praestet
1910 586 2039 613 auditum
2049 593 2101 613 nec
2114 586 2204 621 ipsius
2216 586 2293 613 t'rau-

1281 638 1363 664 dibus
1380 646 1409 664 se
1424 637 1549 672 patiatur
1567 636 1682 663 involvi.
1699 637 1821 663 Demum
1838 644 1935 670 regem
1951 644 1967 662 a
1982 636 2176 662 contrahendo
2193 635 2292 662 matri-

1283 686 1380 713 monio
1401 686 1475 713 inter
1490 686 1714 720 primogenitum
1735 693 1817 712 suum
1832 688 1859 711 et
1874 684 1963 711 tiliam
1979 685 2133 712 memorati
2150 683 2290 711 Mansredi

1282 736 1422 762 abducere
1444 735 1557 765 nititur,
1578 742 1739 769 proponens
1760 736 1897 768 quantam
1913 733 2008 760 labem
2029 742 2080 761 suo
2096 733 2193 768 generi
2209 741 2242 760 ex
2256 740 2290 760 eo

1283 785 1451 811 incurreret.
1470 784 1638 817 (Bonnmux
1655 783 1718 816 thl,
1734 787 1764 809 n⁰
1780 783 1810 816 4;
1829 784 1915 810 Anca.
1929 782 2027 809 Vane.
2042 783 2111 809 Bne,
2126 784 2160 810 29
2175 791 2193 808 A
2211 788 2241 808 n⁶
2258 784 2290 812 5;

1284 833 1400 860 Varinio.
1417 842 1431 859 c
1446 833 1479 859 49
1496 838 1526 858 11⁰
1542 834 1572 864 7;
1600 833 1677 858 Bias.
1696 832 1794 858 VAT1c.
1817 833 1886 859 0735
1909 837 1937 857 n0
1955 831 1998 864 18,
2019 832 2098 859 Brut.
2115 831 2188 859 Nar.
2208 831 2289 861 4311,

1283 888 1312 908 n⁶
1325 883 1373 914 233
1390 881 1677 915 131310.v.u-1‹;.3077,
1696 887 1726 907 n⁰
1744 884 1776 913 tj;
1799 881 1877 907 Bitu„
1899 881 1971 908 Nn.
1994 881 2090 914 14173,
2112 885 2142 907 [ιο
2156 882 2172 907 6
2186 888 2195 914 ;
2210 880 2290 906 Buir.

1284 932 1353 958 Nu.
1367 930 1447 962 4023,
1462 935 1494 956 n⁰
1511 933 1544 962 (33
1562 930 1720 956 porram.
1742 930 1848 961 18283.)

1323 1030 1337 1049 t(
1358 1020 1433 1060 Regi
1446 1020 1625 1060 Araqonum
1648 1019 1771 1049 illustri.
1791 1020 1945 1050 Dilectus
1962 1020 2053 1050 filius
2071 1019 2174 1050 frater
2189 1037 2238 1048 —.
2256 1028 2271 1048 ))

1371 1166 1464 1196 2811

1316 1257 1454 1285 Johannis
1471 1257 1612 1289 Manselli,
1630 1257 1801 1284 thesaurarii
1814 1258 2012 1289 Eboracensis,
2027 1258 2142 1284 fidelem
2156 1258 2287 1284 animum

1282 1307 1413 1334 laudibus
1437 1306 1557 1334 extollit.
1578 1307 1745 1341 (Betim-:aux
1762 1307 1823 1339 761,
1845 1311 1877 1333 n⁰
1897 1308 1930 1339 5;
1947 1307 2034 1334 Anca.
2052 1307 2149 1333 ΥΑΤιε.
2166 1307 2234 1334 Rea.
2256 1308 2290 1334 29

1284 1364 1304 1383 A
1320 1361 1351 1382 n⁰
1366 1355 1530 1387 53VA1.L1c.
1544 1364 1557 1382 c
1574 1356 1602 1382 19
1614 1361 1644 1382 n⁶
1655 1355 2008 1388 280;1311³L.Vn1‹2.0735
2019 1360 2051 1382 ῐιο
2063 1356 2206 1387 103131132.
2216 1356 2288 1382 Nn.

1280 1405 1362 1439 4311,
1380 1411 1409 1431 n⁰
1425 1405 1481 1440 10.)

1322 1493 1468 1523 «Dilecto
1483 1492 1550 1532 filio
1566 1493 1595 1523 J.
1615 1492 1775 1527 Mausello,
1796 1492 2014 1532 thesaurgarpo
2029 1491 2291 1528 Eboracensi,ca-

1278 1546 1402 1587 pellam)
1418 1552 1531 1576 nostro.
1549 1547 1640 1576 Inter
1656 1546 1801 1576 virtutes
1818 1547 1947 1576 ceteras
1965 1563 2014 1576 —.
2035 1554 2052 1575 »

1372 1695 1469 1726 2812

1317 1787 1453 1821 Magistro
1470 1786 1595 1816 Alburno,
1613 1785 1725 1812 notario
1738 1784 1908 1819 apostolico,
1929 1784 2073 1819 significat
2091 1793 2121 1812 se
2137 1785 2198 1821 ejus
2214 1785 2291 1813 liue-

1282 1845 1328 1863 ras
1353 1836 1496 1870 recepisse
1519 1835 1594 1862 inter
1614 1837 1708 1861 cetera
1733 1834 1912 1861 continentes
1934 1843 1947 1859 «
1962 1835 2036 1868 quod
2053 1834 2222 1866 Ludovicus,
2242 1843 2290 1862 rex

1283 1886 1468 1915 Francorum,
1488 1884 1581 1911 verbis
1600 1883 1696 1918 procul
1717 1883 1803 1910 dubio
1819 1882 1946 1910 subdolis
1963 1883 2124 1918 aliquorum
2144 1883 2292 1911 intenden-

1281 1934 1353 1961 tium
1376 1934 1468 1969 ipsum
1487 1936 1616 1960 avertere
1631 1941 1646 1959 a
1664 1932 1778 1967 negotio
1797 1932 1832 1958 ad
1852 1932 1925 1966 quod
1941 1940 2007 1958 cum
2029 1932 2090 1967 ipso
2108 1933 2290 1960 tractandum

1282 1987 1308 2011 te
1323 1983 1467 2012 misimus,
1485 1990 1567 2008 aures
1583 1981 1761 2008 credulitatis
1776 1981 1930 2013 inclinans,
1945 1983 1971 2007 et
1988 1982 2168 2015 eorumdem,
2184 1982 2293 2017 fingen-

1282 2032 1353 2059 tium
1370 2031 1575 2061 (Ionradiuum,
1601 2033 1734 2064 nepotem
1762 2030 1906 2063 quondam
1936 2029 2083 2064 Frideriei,
2103 2030 2172 2057 olim
2191 2031 2292 2058 Roma-

1282 2090 1383 2108 norum
1401 2079 1595 2114 imperatoris,
1612 2079 1655 2105 vel
1678 2080 1700 2105 si
1716 2079 1808 2106 dictus
1831 2080 2019 2110 Conrafflnus,
2037 2082 2066 2106 ut
2081 2088 2180 2107 eorum
2195 2080 2289 2108 verbis

1282 2134 1408 2163 utamur,
1423 2138 1438 2156 a
1451 2138 1500 2155 suo
1512 2129 1575 2164 jure
1593 2128 1706 2161 cecidit,
1724 2128 1850 2155 nobilem
1867 2129 1960 2155 virum
1979 2129 2171 2162 lidmundum,
2189 2132 2289 2156 natum

1282 2179 1358 2213 regis
1373 2178 1503 2213 Angliae.
1521 2185 1570 2212 per
1585 2177 1801 2204 concessionem
1817 2177 1893 2204 sedis
1909 2177 2085 2211 apostolieae
2106 2178 2133 2205 in
2148 2186 2236 2213 regno
2249 2178 2290 2205 Si-

1280 2228 1363 2255 ciliae
1377 2227 1424 2262 jus
1443 2226 1558 2257 habere,
1577 2225 1809 2260 suggestionibus
1830 2226 2001 2253 informatus
2024 2236 2049 2259 n,
2069 2226 2133 2253 licet
2152 2227 2188 2253 ad
2203 2227 2291 2254 Cons-

1281 2275 1514 2310 tantinopolitaui
1537 2275 1755 2302 subventionem
1772 2274 1885 2309 imperii
1901 2282 1933 2301 ac
1950 2275 2052 2302 Terrae
2066 2278 2183 2302 sanctae
2199 2276 2290 2303 subsi-

1280 2326 1358 2352 dium
1377 2325 1530 2359 prudenter
1545 2325 1685 2356 attendat,
1704 2327 1803 2350 tamen
1818 2323 1927 2350 dubitet
1939 2323 1985 2358 jus
2004 2324 2136 2351 invadere
2151 2324 2289 2352 alienum.

1281 2375 1366 2401 Docet
1382 2374 1489 2400 nullam
1511 2373 1659 2406 religionis
1678 2381 1795 2400 causam
1820 2372 1849 2399 in
1869 2380 1899 2398 re
1920 2372 2014 2399 Sicula
2035 2373 2161 2400 subesse.
2180 2373 2289 2401 Laudat

1280 2422 1388 2449 Alberti
1415 2422 1586 2449 industriam
1610 2421 1762 2448 serenandi
1791 2421 1919 2447 animum
1949 2420 2082 2448 Ludoviei
2105 2422 2180 2457 regis
2206 2422 2290 2457 eique

1281 2473 1399 2498 mandat
1413 2474 1439 2498 nt
1456 2474 1611 2498 tractatum
1623 2473 1756 2505 coeptum
1769 2472 1947 2504 promoveat.
1959 2471 2128 2505 (Betim-:arx
2145 2472 2206 2504 Tol,
2219 2476 2251 2498 11⁰
2261 2474 2288 2499 (5.

1280 2521 1364 2547 Aaou.
1383 2521 1482 2548 erlc.
1501 2521 1566 2546 ltro.
1583 2521 1617 2547 29
1632 2528 1661 2550 A,
1676 2525 1705 2546 11⁰
1717 2520 1747 2551 (ig
1765 2519 1883 2545 VArmc.
1897 2519 1969 2553 1:49,
1985 2524 2014 2545 n⁰
2030 2520 2101 2553 5:93
2118 2520 2197 2548 Biai..
2214 2520 2287 2547 Nar.

1279 2570 1360 2603 Δ1311,
1377 2576 1407 2596 11⁰
1422 2570 1469 2596 211
1489 2570 1566 2595 bun„
1584 2569 1683 2595 Varie.
1708 2569 1787 2599 3977,
1803 2573 1834 2594 n⁰
1852 2570 1883 2601 ’ῖς
1910 2568 1988 2595 Bitu..
2008 2569 2079 2595 Nar.
2100 2569 2195 2597 14173.
2213 2574 2245 2596 n⁰
2257 2571 2287 2601 Τ,;

1280 2619 1358 2644 131111..
1376 2619 1446 2645 Nar.
1468 2619 1536 2645 v2043
1552 2623 1584 2644 n⁰
1601 2618 1633 2645 10
1645 2626 1654 2651 3
1668 2617 1815 2643 Porrussr
1832 2617 1862 2644 18
1870 2616 1941 2644 tam

1319 2714 1335 2734 «
1360 2704 1476 2733 Dilecto
1492 2703 1556 2742 fillo
1581 2703 1728 2743 mayistro
1751 2704 1773 2733 Α
1783 2702 1888 2739 lberto,
1915 2703 2033 2733 notario
2059 2709 2171 2733 nostro.
2199 2704 2288 2735 Tuas

1279 2765 1385 2796 nuper
1403 2758 1592 2795 recepimus
1609 2775 1657 2785 —.
1680 2767 1694 2785 »

1368 2899 1464 2929 2813

1315 2989 1464 3020 Ροὶοείωί,
1483 2989 1603 3016 comitia
1626 2992 1650 3016 ct
1681 2989 1827 3016 communi
1849 2989 2092 3016 SanctbSeveriui
2118 2989 2235 3016 mandat
2255 2993 2283 3016 ut
