2519 3262
230 196 289 224 ⁶292

232 278 318 316 quod
334 286 435 316 super
451 277 516 307 hiis
530 276 570 306 al)
588 276 704 306 eodem
721 277 885 306 cardinali
906 277 1028 306 tactum
1044 277 1170 313 extitit,
1190 287 1239 308 ra-

230 334 300 360 tum
329 333 361 360 ct
390 332 522 360 lirnium
542 329 711 361 habentes,
732 329 815 359 illud
834 330 1033 359 auctoritate
1052 331 1239 369 apostolica

230 384 391 413 duximus
419 383 695 417 csmtirmandum,
725 382 859 412 dilectis
890 382 971 412 filiis
1004 383 1143 414 Nicolao
1174 386 1238 414 An-

231 437 373 469 dreocte,
389 436 561 474 capellano
579 437 704 470 nostro,
721 435 870 473 majoris,
882 436 1062 466 etNicolao
1074 437 1238 467 Johannis

231 490 429 523 Andreocte,
456 489 561 518 sancti
591 489 818 527 Simplici-iani
851 489 1069 519 ecclesiarum
1098 490 1239 520 Remen-

231 543 317 572 sium
337 542 518 577 canonicis,
540 542 665 571 nostris
676 541 794 571 dantes
806 541 867 570 sub
883 543 974 571 certa
990 542 1096 572 forma
1114 543 1240 573 litteris

232 596 263 625 in
284 595 450 625 mandatis
473 597 508 624 ut
527 595 669 624 eundem
690 595 869 625 Arcionem
888 595 940 625 vel
958 595 1030 633 ejus
1049 599 1239 634 procurato-

230 657 298 678 rem
318 650 374 678 aut
404 648 520 683 alium,
547 656 607 677 suo
627 648 772 679 nomine.
804 648 835 677 in
857 649 1039 678 eorundem
1063 650 1240 679 canonica-

229 703 283 731 tus
300 703 331 730 et
348 701 514 739 prebende
530 701 780 739 possessionem
796 701 991 732 inducerent
1010 704 1039 732 et
1066 703 1238 732 inductum

230 755 469 784 nichilominus
483 756 666 789 tuerentur,
679 764 716 784 ac
730 755 852 784 eumin
871 755 960 785 (licta
976 756 1118 785 ecclesia
1136 756 1238 794 recipi

232 809 375 837 tacerent
402 808 433 837 in
460 807 657 837 canonicum
675 809 706 837 et
731 807 762 837 in
787 808 936 837 fratrem.
966 809 1239 839 Contradictores

229 864 290 890 etc.
312 862 448 896 Verum,
474 860 613 899 prefatis
637 860 875 890 executoribus
899 861 937 890 ad
968 864 1080 900 partes
1099 862 1239 891 transfe-

229 914 381 945 rentibus
399 923 433 944 se
453 916 612 947 remotas,
633 914 748 943 nullus
766 922 824 953 per
842 915 1010 952 predictas
1028 915 1077 944 eis
1091 915 1237 945 directas

228 967 362 997 habitus
388 969 438 997 est
467 975 659 1005 processuS‚
691 975 792 1006 super
818 976 883 1006 quo
910 968 1020 998 dictus
1047 968 1170 998 Arcliio
1198 969 1238 998 ad

229 1023 377 1052 nostram
389 1021 485 1050 duxit
500 1020 746 1059 providentiam
763 1021 1013 1051 recurrendum.
1024 1022 1095 1051 Nos
1112 1021 1238 1060 itaque,

229 1075 381 1105 nolentes
408 1076 444 1104 ut
467 1075 618 1104 executio
648 1074 840 1112 hujusmodi
868 1074 1012 1104 ulterius
1038 1075 1237 1110 retardetur,

227 1127 423 1157 discretioni
444 1128 499 1156 tue
520 1127 588 1165 (sic)
605 1127 804 1157 mandamus
826 1127 986 1166 quatinus
1005 1136 1065 1157 vos
1084 1128 1136 1158 vel
1155 1128 1240 1158 alter

228 1182 377 1210 vestrum
398 1180 430 1210 in
453 1180 647 1218 hujusmodi
666 1180 812 1219 negotio,
830 1189 888 1218 per
902 1189 962 1210 vos
979 1181 1030 1210 vel
1048 1181 1153 1211 alium
1178 1190 1238 1211 seu

227 1233 323 1269 aliOS,
343 1233 544 1272 procedatis,
564 1233 662 1271 juxta
681 1233 863 1263 earundem
886 1233 1090 1264 directarum
1108 1234 1151 1264 ad
1168 1242 1238 1264 eos-

227 1282 301 1312 dem
320 1284 517 1312 executores
529 1282 769 1312 continentiam
787 1282 989 1312 litterarum.
1008 1283 1133 1313 Datum
1150 1283 1238 1321 apud

227 1334 516 1370 Urbemveterem,
535 1344 553 1364 v
572 1335 646 1365 idus
661 1335 751 1374 julii,
771 1344 857 1364 anno
874 1335 986 1365 tertio.
1009 1345 1023 1364 »

320 1530 413 1560 1857

809 1531 933 1560 orvieto.
954 1533 986 1557 27
1004 1531 1067 1566 juin
1088 1532 1165 1558 1204.

262 1613 427 1640 Sulidccano
458 1614 596 1640 ccclesiae
628 1624 648 1639 s.
684 1614 819 1648 Stephani
850 1615 999 1642 Treceusis
1028 1618 1055 1642 et
1078 1616 1238 1643 cannerurio

227 1662 394 1688 monasterii
423 1662 527 1689 Cellae.
561 1663 710 1690 Tri-censis
739 1664 873 1690 diocesis.
905 1666 1022 1691 mandat
1051 1668 1079 1691 ut
1100 1665 1236 1697 Felicem,

226 1711 405 1745 capellanum
419 1711 621 1745 apostolicum,
636 1713 759 1746 priorem
780 1722 801 1739 s.
824 1713 914 1747 iigidii
930 1715 1115 1746 Acconensis,
1130 1716 1156 1741 iu
1176 1724 1237 1749 pos-

226 1760 384 1786 sessionem
409 1760 593 1787 canonicatus
620 1764 647 1787 ct
674 1762 850 1795 praebendae
868 1762 1007 1789 ecclesiae
1025 1763 1175 1790 'l'rcccnsis
1197 1765 1236 1790 in·

226 1809 341 1835 ducant.
363 1809 442 1841 (Rau.
459 1810 503 1841 29,
523 1809 571 1836 fol.
594 1810 652 1840 inl,
667 1816 695 1835 n⁰
712 1812 787 1843 907.)

267 1928 280 1947 ι(
299 1918 478 1948 Snbdecano
497 1918 617 1948 ecclesie
632 1920 731 1949 sancte·
754 1920 907 1960 Stephani
929 1921 1082 1951 Trea-ensis
1099 1927 1125 1951 cl
1142 1933 1238 1952 came-

226 1972 308 2000 rario
324 1973 498 2001 monasterii
517 1972 609 2005 Cella,
633 1972 787 2002 Trea-ensis
800 1973 936 2003 diocesis.
955 1975 1002 2004 Ex
1017 1978 1110 2013 parte
1124 1976 1237 2007 dilecti

227 2025 286 2055 tilii
305 2025 440 2062 Felicis,
459 2026 623 2064 capellani
641 2027 758 2062 nostri,
778 2027 901 2065 prioris
919 2028 1025 2057 sancti
1048 2029 1157 2067 Egidii
1177 2032 1238 2060 Ac-

225 2079 393 2114 conensis,
427 2079 489 2109 fuit
522 2079 731 2117 propositum
763 2089 875 2109 coram
903 2080 1000 2110 nobis
1028 2082 1128 2120 quod,
1161 2093 1235 2112 cum

225 2131 306 2161 olim
321 2131 506 2161 venerabili
522 2132 615 2162 fratri
634 2134 765 2162 nostro.
780 2156 786 2161 ,
801 2133 961 2163 'l'recensi
979 2134 1149 2173 episcopo,
1164 2144 1237 2173 pm-

224 2184 359 2215 videndi
376 2184 507 2214 duobus
525 2185 658 2215 clericis
677 2185 749 2215 suis
769 2186 911 2224 ydoneis
936 2186 975 2216 de
1007 2187 1146 2217 totidem
1165 2197 1238 2227 pre-

224 2236 344 2267 bendis
358 2237 536 2268 Trecensis
553 2238 704 2272 ecclesie.
731 2238 763 2268 in
788 2247 852 2277 qua
871 2241 1000 2276 spectat
1016 2240 1056 2269 ad
1074 2249 1149 2270 eum
1172 2242 1237 2271 col-

223 2290 304 2320 latio
322 2290 583 2329 prebendarum,
600 2291 627 2320 si
640 2293 717 2321 tunc
732 2291 893 2322 vacabant
911 2293 963 2322 vel
981 2293 1235 2331 quamprimum

223 2344 263 2373 ad
283 2343 315 2373 id
329 2352 364 2374 se
383 2344 526 2374 facultas
541 2344 686 2377 offerret,
706 2347 738 2375 et
754 2345 896 2375 faciendi
912 2354 970 2375 eos
988 2346 1027 2375 ad
1045 2346 1134 2382 illas,
1150 2348 1237 2385 post-

223 2405 323 2435 quam
338 2397 378 2427 de
398 2397 482 2435 ipsis
496 2397 693 2427 vacantibus
707 2398 913 2436 providisset
931 2399 1070 2433 eisdem.
1089 2399 1120 2428 in
1139 2408 1235 2429 cano-

222 2449 316 2480 nicos
328 2450 432 2488 recipi
449 2451 480 2480 et
498 2450 532 2480 in
551 2450 685 2487 fratres,
703 2460 830 2481 necnon
848 2452 1039 2490 preferendi
1056 2461 1113 2482 eos
1130 2453 1235 2482 omni-

222 2502 285 2532 bus
303 2503 360 2541 qui
376 2504 454 2533 tunc
480 2505 593 2533 essent
612 2503 656 2533 ibi
675 2504 860 2542 apostolica
878 2505 930 2535 vel
955 2505 1021 2535 alia
1035 2514 1235 2544 quacunque

222 2556 418 2586 auctoritate
437 2557 559 2595 recepti
572 2557 624 2587 vel
642 2558 678 2587 ut
695 2557 926 2596 reciperentur
944 2558 1153 2595 insisterent,
1175 2568 1235 2590 seu

222 2609 261 2639 ad
275 2609 330 2648 jus
348 2609 495 2639 restituti
517 2610 583 2647 (sic)
600 2618 666 2649 quo
684 2619 742 2649 per
760 2611 1038 2642 constitutionem
1061 2611 1170 2642 felicis
1188 2621 1236 2643 re-

221 2662 426 2694 cordationis
437 2662 620 2693 Alexandri
637 2671 733 2702 pape,
748 2664 998 2702 predecessoris
1018 2665 1137 2701 nostri,
1158 2674 1233 2696 con-

220 2716 271 2745 tra
288 2718 439 2754 receptos
457 2716 490 2746 in
510 2716 663 2747 ecclesiis
680 2717 817 2755 editam,
835 2718 958 2756 privati
978 2718 1134 2755 fuissent,
1160 2728 1233 2749 nec·

221 2777 285 2798 non
312 2769 577 2799 contradictores
606 2771 667 2800 etc.
699 2779 787 2809 uque
819 2771 1067 2809 compescendi,
1097 2771 1232 2810 plenam

220 2822 508 2852 concessissemus
526 2831 582 2861 per
601 2825 733 2853 nostras
750 2823 882 2853 litteras
899 2824 1103 2858 facultatem,
1119 2825 1230 2855 decer-

221 2875 328 2904 nendo
345 2875 477 2905 irritum
496 2878 528 2905 et
548 2876 644 2905 inane
663 2876 691 2906 si
709 2876 748 2906 de
767 2875 958 2914 hujusmodi
978 2877 1158 2916 prebendis
1182 2888 1231 2909 se-

1269 287 1271 309 2
1298 287 1355 307 cus
1374 278 1581 317 contingeret
1604 279 1809 316 attemptari,
1835 278 1969 307 tandem
1994 278 2105 308 dilecti
2126 279 2185 308 tilii
2207 305 2212 308 .
2232 303 2237 308 .

979 193 1223 224 l'tIcGISTRES
1253 194 1461 224 D’URBAIN
1492 194 1549 223 [v.

2256 279 2311 310 de—

1296 340 1411 366 canus,
1438 333 1469 361 et
1489 331 1673 370 capitulum
1692 331 1842 369 ejusdem
1860 331 2012 366 ecclesie,
2043 331 2082 360 ad
2110 332 2303 362 mandatum

1297 384 1405 422 ipsius
1425 384 1586 423 episcopi,
1605 384 1805 414 auctoritate
1828 384 2016 414 litterarum
2033 384 2225 422 hujusmodi
2242 384 2306 414 sibi

1298 438 1431 472 sactum,
1464 437 1625 467 dilectum
1663 437 1771 466 tilium
1809 438 2007 475 magistrum
2043 437 2237 467 Dionisium
2269 437 2308 467 de

1296 490 1421 528 Campo
1436 490 1614 525 (miconis,
1637 490 1817 519 officialem
1843 490 2058 525 Tra-ensem,
2088 490 2179 519 nulla
2205 491 2310 520 inea-

1295 543 1370 572 dem
1393 543 1535 573 ecclesia
1556 543 1724 581 prebenda
1743 546 1892 579 vacante,
1912 546 2109 581 receperunt
2129 543 2160 572 in
2179 544 2312 573 canoni-

1295 604 1371 624 cum
1387 596 1418 625 et
1439 595 1471 624 in
1493 595 1641 625 fratrem.
1663 595 1884 625 Postmodum
1898 603 1988 630 vero,
2007 595 2117 625 eidem
2135 596 2170 625 12.
2188 595 2310 625 sacien-

1296 650 1344 677 tes
1359 650 1500 686 gratiam
1513 648 1707 686 specialem,
1722 649 1956 678 canonicatum
1969 648 2116 686 predicte
2129 648 2310 678 'trecensis

1295 701 1447 732 ecclesie.
1479 710 1554 731 cum
1576 701 1787 739 plenitudine
1807 701 1894 739 juris
1919 701 2082 736 canonici,
2110 705 2141 731 et
2170 701 2310 739 preben—

1295 754 1370 783 dam
1398 754 1425 783 si
1446 763 1512 793 qua
1533 755 1566 783 in
1585 754 1728 784 ecclesia
1747 755 1821 793 ipsa
1846 756 1925 784 tunc
1955 755 2104 787 vacabat,
2125 754 2311 793 apostolica

1295 806 1361 836 sibi
1383 808 1583 837 auctoritate
1600 807 1804 837 contulimus
1830 816 1974 846 eumque
1997 816 2054 845 per
2075 808 2211 837 anulum
2235 816 2311 837 nos—

1295 861 1383 889 trum
1395 860 1633 890 investivimus
1646 860 1685 890 de
1696 860 1837 896 eisdem,
1848 861 1998 899 alioquin
2013 860 2216 898 prebendam
2231 863 2310 891 tunc

1296 912 1420 943 ibidem
1431 914 1587 952 proximo
1602 916 1807 946 vacaturam,
1827 914 2063 944 conferendam
2081 914 2123 950 ei,
2135 914 2309 944 donationi

1296 966 1480 1004 apostolice
1508 970 1732 1001 reservantes,
1753 966 1965 997 decrevimus
1989 967 2122 996 irritum
2141 969 2171 997 et
2199 967 2310 1003 inane,

1295 1019 1323 1048 si
1342 1028 1438 1049 secus
1453 1020 1645 1058 attemptari
1659 1020 1867 1058 contingeret
1883 1020 1914 1049 in
1929 1020 2120 1059 premissis,
2131 1020 2234 1050 certis
2243 1019 2311 1050 sibi

1296 1081 1397 1110 snper
1415 1072 1475 1101 hoc
1489 1081 1546 1110 per
1562 1076 1695 1103 nostras
1717 1073 1849 1103 litteras
1865 1073 2103 1103 executoribus
2125 1073 2309 1112 deputatis.

1296 1127 1448 1164 Cumque
1469 1125 1557 1155 idem
1576 1127 1614 1156 F.
1634 1126 1817 1156 earundem
1836 1126 2035 1156 auctoritate
2054 1126 2244 1156 litterarum
2263 1135 2312 1156 re-

1296 1180 1413 1216 ceptus
1436 1178 1557 1208 fuisset
1577 1179 1609 1208 in
1627 1179 1778 1218 predicta
1793 1179 1952 1209 'l'recensi
1970 1179 2112 1209 ecclesia
2129 1180 2161 1209 in
2177 1179 2311 1210 canoni-

1298 1240 1372 1260 cum
1384 1233 1415 1261 et
1437 1231 1468 1261 in
1483 1231 1634 1267 fratrem,
1654 1232 1755 1262 stallo
1775 1232 1840 1262 sibi
1858 1233 1891 1262 in
1909 1233 2008 1262 choro
2027 1235 2057 1262 et
2077 1233 2151 1263 loco
2170 1233 2203 1262 in
2221 1233 2309 1271 capi-

1296 1284 1368 1314 tulo
1387 1285 1584 1324 assignatis,
1603 1285 1738 1315 demum
1769 1285 1856 1315 inter
1876 1286 1988 1324 ipsum
2005 1287 2035 1315 et
2052 1286 2220 1324 prefatum
2245 1294 2312 1316 ma-

1297 1338 1440 1376 gistrum
1459 1339 1500 1368 D.
1525 1347 1626 1376 super
1646 1339 1790 1377 quadam
1810 1339 1979 1377 prebenda
1999 1348 2062 1377 que
2089 1347 2148 1377 per
2168 1342 2310 1369 mortem

1297 1390 1458 1430 Phylippi
1476 1392 1516 1421 de
1536 1391 1703 1426 Planceis,
1730 1392 1882 1430 ejusdem
1902 1392 2042 1421 ecclesie
2062 1392 2242 1422 Trecensis
2260 1401 2310 1422 ca-

1297 1445 1420 1479 nonici,
1440 1445 1571 1475 vacavit
1593 1444 1731 1480 ibidem,
1751 1448 1781 1475 et
1803 1445 1833 1474 in
1853 1454 1918 1484 qua
1938 1448 2078 1484 uterque
2095 1445 2247 1484 ipsorum
2276 1454 2312 1475 se

1293 1497 1349 1535 jus
1376 1497 1499 1528 habere
1523 1497 1664 1533 dicebat,
1686 1500 1757 1528 orta
1787 1498 1927 1528 materia
1947 1498 2149 1537 questionis,
2171 1498 2311 1537 contigit

1296 1551 1467 1589 negotium
1485 1551 1678 1589 hujiismodi
1700 1552 1741 1581 ad
1768 1551 1882 1581 sedem
1913 1551 2133 1590 apostolicam
2158 1559 2218 1590 per
2238 1560 2312 1590 pre-

1296 1603 1353 1633 fati
1389 1604 1544 1642 magistri
1583 1604 1732 1634 Dionisii
1766 1604 2028 1643 appellationem
2062 1604 2208 1634 devolvi.
2240 1605 2312 1635 Nos

1294 1659 1416 1691 autem,
1436 1657 1589 1688 nolentes
1602 1660 1637 1688 ut
1651 1658 1715 1696 ipsi
1733 1666 1819 1696 quos
1836 1658 2066 1687 benivolentia
2081 1660 2219 1696 paterna
2234 1666 2308 1696 pro-

1296 1710 1471 1749 sequimur
1495 1711 1554 1740 bac
1582 1710 1757 1740 occasione
1782 1711 1902 1749 litigiis
1929 1711 2157 1749 implicentur,
2185 1712 2242 1741 Sed
2263 1711 2312 1740 in-

1293 1764 1471 1794 tendentes
1501 1765 1613 1802 potius
1642 1767 1675 1793 nt
1696 1764 1840 1803 quilibet
1858 1773 1974 1794 eorum
2002 1764 2108 1802 gratie
2130 1764 2194 1794 sihi
2226 1765 2310 1794 facte

1295 1817 1458 1847 sortiatur
1477 1818 1644 1848 etlectum.
1673 1818 1802 1856 prefato
1830 1818 1988 1856 episcopo
2006 1818 2162 1847 dedimus
2182 1818 2310 1848 nostris

1294 1870 1420 1900 litteris
1440 1870 1472 1900 in
1492 1871 1660 1900 mandatis
1680 1873 1715 1901 nt
1735 1871 1874 1900 eandem
1894 1870 2098 1909 prebendam
2119 1871 2227 1901 eidem
2243 1879 2311 1901 ma-

1294 1923 1400 1962 gistro
1430 1924 1468 1953 D.
1498 1924 1696 1953 auctoritate
1726 1926 1841 1953 nostra
1859 1924 2036 1953 conferens
2059 1926 2089 1953 et
2117 1924 2308 1963 assignans,

1270 1986 1271 1997 i
1297 1975 1394 2006 t'aciat
1413 1985 1501 2011 eum,
1522 1977 1701 2014 premissis
1731 1985 1943 2015 nequaquam
1969 1976 2195 2012 obstantibus
2222 1977 2309 2015 saci-

1295 2029 1357 2058 fica
1373 2029 1523 2066 ejusdem
1543 2029 1710 2067 prebende
1729 2029 1946 2068 possessione
1969 2029 2125 2067 gaudere
2145 2030 2309 2065 Quocirca

1297 2082 1496 2111 mandamus
1524 2082 1684 2120 quatinus
1716 2085 1902 2112 memorato
1923 2083 1958 2112 F.
1986 2082 2025 2112 de
2052 2082 2221 2120 prebenda
2239 2091 2310 2121 pro-

1269 2161 1270 2172 ,
1296 2134 1387 2164 ximo
1406 2135 1438 2164 in
1467 2135 1596 2173 prefata
1620 2135 1778 2165 Trecensi
1807 2135 1949 2164 ecclesia
1978 2139 2147 2169 vacatura,
2173 2144 2231 2174 per
2250 2144 2310 2166 vis

1297 2187 1348 2216 vel
1368 2196 1426 2226 per
1444 2187 1547 2217 alium
1567 2196 1625 2217 seu
1643 2188 1741 2223 alios,
1762 2188 1938 2226 providere
1957 2189 2093 2217 curetis.
2114 2188 2311 2218 Contradic-

1296 2242 1456 2270 toresetc.
1486 2250 1592 2279 usque
1623 2241 1878 2279 compescendo.
1899 2241 1969 2271 Nos
1994 2242 2083 2271 enim
2103 2241 2307 2280 prebendam

1269 2317 1270 2321 ,
1295 2293 1501 2332 hujusmodi,
1518 2294 1752 2324 conterendam
1779 2294 1886 2324 eidem
1908 2295 1959 2329 i-'.,
1984 2295 2157 2324 donationi
2176 2299 2309 2333 aposto·

1295 2346 1357 2377 lice
1375 2356 1601 2379 reservamus,
1621 2347 1840 2377 decernentes
1856 2356 1896 2377 ex
1913 2356 1997 2377 nunc
2013 2349 2146 2378 irritum
2165 2350 2197 2379 et
2209 2349 2308 2379 inane

1268 2405 1270 2412 ·
1295 2400 1323 2430 si
1341 2400 1381 2430 de
1399 2400 1592 2437 hujusmodi
1612 2400 1792 2438 prebenda,
1813 2404 1926 2430 nostra
1951 2401 2000 2430 vel
2015 2400 2080 2430 alia
2095 2401 2215 2440 quavis
2231 2410 2307 2432 auc-

1292 2453 1440 2489 toritate,
1471 2462 1568 2483 secus
1597 2453 1749 2483 extiterit
1775 2456 2023 2492 attemptatum.
2053 2454 2127 2484 Non
2151 2453 2307 2486 obstante

1295 2523 1340 2535 —.
1374 2507 1496 2536 Datum
1531 2507 1618 2545 apud
1653 2506 1942 2542 Urbeiiix'etereiii,
1976 2515 1994 2535 v
2024 2507 2187 2537 kalendas
2213 2507 2305 2546 julii,

1292 2568 1379 2589 anno
1396 2559 1506 2589 tertio.
1529 2568 1544 2587 ›)

1385 2753 1479 2783 1358
1883 2752 2008 2779 oi-vieto.
2025 2752 2133 2787 3tijuin
2155 2753 2231 2780 1264.

1326 2835 1464 2869 Episcopo
1484 2836 1665 2862 Noviomcusi
1685 2835 1809 2870 indulget
1829 2839 1856 2863 ut
1890 2836 2062 2871 magistrum
2091 2837 2244 2863 Robcrtuui
2266 2837 2301 2863 de

1264 2906 1265 2909 ,
1291 2884 1501 2911 Μουῑο-Ᾱοιιίο.
1534 2884 1622 2919 ipsius
1643 2885 1810 2918 ot‘ticialcui,
1839 2886 1865 2911 in
1894 2886 2063 2912 canonicum
2089 2886 2140 2912 sub
2157 2887 2303 2919 exspecta-
