2659 3242
116 515 190 546 1264

95 566 158 595 mai
192 564 242 593 21.

126 915 138 930 D
208 915 218 929 Ι

129 1212 140 1227 D
209 1211 221 1226 D

129 1452 141 1468 Ι)
209 1452 221 1467 i)

127 1711 139 1727 i>
191 1699 242 1729 21.

276 515 401 544 Oruieto.

869 270 1040 302 TABLES
1055 270 1118 322 ΡΙ]
1136 268 1356 301 REGISTRE
1372 267 1583 299 D’URBAIN
1601 268 1645 298 IV

1024 365 1110 390 Pages.
1132 363 1261 385 Numeros,

461 421 593 448 liberam
615 421 793 448 dimittant.

1055 467 1119 487 tome
1148 465 1178 487 lll

457 516 577 542 Abbati
612 515 796 542 monaste-ii
833 514 933 541 sancti
976 514 1039 539 Au-
1059 511 1139 551 1346
1161 508 1261 550 Ι2143

447 563 577 598 gustini.
600 560 834 600 {archidiacono
885 562 1054 595 Marchide,

457 614 490 639 et
514 611 646 639 officiali
673 612 953 639 Lemovicensibus
969 616 1055 636 man-

460 662 515 688 dat
532 662 567 687 ut
583 662 761 689 Johannem
777 661 922 687 Beissenc
938 661 969 687 in
984 666 1054 694 pos-

460 712 628 738 sessionem
647 710 780 736 mittant
799 709 990 744 capellaniae
1008 715 1054 735 ec-

460 760 571 787 clesiae
599 760 637 786 de
663 759 795 791 Clarinc,
825 756 1056 785 Lemovicensis

460 809 600 836 diocesis.

1054 854 1118 873 tome
1147 852 1177 873 lll

496 899 933 935 ArchiepiscopoBituricensi
946 906 1032 926 man·
1049 893 1054 934 Ι
1074 897 1132 923 434
1151 892 1157 933 Ι
1176 895 1257 924 2586

461 951 516 978 dat
542 952 577 976 ut
602 949 777 977 Radulsum
803 949 841 975 de
863 949 1055 981 Earentono‚

460 999 658 1034 capellanum
672 997 811 1032 episcopi
826 996 1005 1030 Tusculani,
1024 997 1056 1024 in

461 1048 588 1075 ecclesia
610 1046 799 1073 Bituricensi
820 1046 851 1072 in
870 1046 1057 1072 canonicum

459 1096 555 1131 recipi
570 1096 677 1122 faciat.

1057 1143 1121 1162 tome
1150 1142 1180 1162 lll

498 1198 655 1232 Episcopo
697 1197 913 1224 Lemovicensi
941 1196 1038 1224 facul-
1057 1192 1061 1233 Ι
1081 1196 1139 1222 463
1160 1193 1165 1234 Ι
1183 1194 1261 1224 2751

461 1249 562 1274 tatem
578 1246 723 1273 concedit
740 1246 793 1272 uni
811 1253 848 1271 ex
864 1246 928 1272 suis
943 1245 1061 1272 clericis

461 1297 684 1324 canonicatum
709 1297 740 1322 et
766 1296 980 1330 praebendam
1027 1295 1059 1321 in

461 1346 589 1373 ecclesia
618 1345 836 1372 Lemovicensi
866 1344 1056 1371 conserendi.

1056 1392 1120 1412 tome
1149 1391 1179 1412 ΙΙΙ

501 1440 657 1474 Episcopo
710 1439 926 1466 Lemovicensi
987 1440 1043 1466 dat
1062 1434 1066 1472 Ι
1085 1438 1142 1464 463
1165 1435 1264 1475 Ι2753

459 1490 648 1516 facultatem
667 1490 807 1524 quatuor
829 1489 970 1523 personis
993 1489 1058 1515 ido-

460 1539 525 1565 neis
540 1539 571 1565 in
586 1539 720 1565 totidem
737 1538 909 1572 collegiatis
920 1537 1057 1564 ecclesiis

460 1588 652 1615 secularibus
675 1593 750 1613 suae
774 1587 905 1613 diocesis
928 1586 1056 1613 canoni-

459 1639 550 1664 catus
576 1637 808 1671 etpraebendas
834 1636 1024 1662 conferendi.

499 1701 628 1731 Simoni,
664 1699 752 1726 tituli
784 1699 888 1726 sancti
912 1699 1042 1725 Martini
1061 1697 1065 1736 Ι
1081 1696 1164 1737 308Ι
1204 1700 1262 1725 634

460 1749 647 1784 presbytero
663 1749 826 1777 cardinaliv
853 1748 1049 1782 apostolicae

459 1799 545 1826 sedis
595 1798 708 1831 legato,
754 1797 898 1823 concedit
965 1797 1062 1824 sacul—

461 1848 572 1879 tatem,
604 1848 639 1873 ut
669 1846 835 1872 commissa
865 1846 924 1871 sibi
953 1845 1057 1873 officia

460 1895 573 1930 exequi
601 1895 712 1930 possit,
742 1894 927 1928 injungendi
954 1893 1058 1921 fratri-

460 1944 519 1971 bus
549 1944 808 1970 praedicatorum
839 1944 871 1969 et
901 1942 1057 1969 Minorum

459 2000 495 2020 ac
516 1993 650 2019 aliorum
671 1993 817 2019 ordinum
837 1998 1059 2027 quaecumque

460 2041 596 2075 negotia.

498 2098 609 2124 Eidem
621 2097 961 2124 conceditfaeultatem
980 2107 990 2121 «
1001 2103 1046 2124 re·
1064 2093 1068 2133 Ι
1087 2097 1146 2124 308
1167 2095 1172 2136 Ι
1209 2098 1267 2125 635

458 2146 596 2179 laxandi,
615 2146 787 2172 secundum
804 2145 939 2172 formam
967 2146 1061 2173 eccle—

458 2194 511 2227 sie,
549 2200 657 2220 omnes
699 2194 1062 2221 excommunicationum

458 2245 490 2270 et
517 2243 680 2269 interdicti
707 2243 881 2270 sententias
907 2243 938 2270 in
963 2251 1057 2279 quas-

457 2298 582 2326 cunque
606 2297 764 2325 personas,
782 2291 929 2318 civitates
947 2293 980 2319 et
995 2292 1061 2319 loca

459 2347 514 2367 sue
541 2340 706 2374 legationis
733 2350 744 2363 »
771 2347 825 2374 per
862 2348 977 2374 papam
1005 2344 1061 2369 aut

459 2389 527 2423 ejus
574 2390 837 2423 praedecessores,
896 2389 1057 2417 Romanos

457 2438 636 2473 pontifices,
663 2438 812 2472 prolatas,
840 2448 851 2462 «
877 2444 997 2465 necnon
1023 2441 1055 2466 et

457 2488 627 2514 revocandi
645 2493 753 2513 omnes
770 2487 973 2513 inhibitiones
990 2487 1054 2515 fac-

460 2538 510 2563 tas
533 2537 573 2563 de
595 2543 658 2562 non
681 2536 875 2563 celebrandis
898 2536 1056 2563 electioni-

460 2586 519 2612 bus
545 2591 598 2612 seu
621 2585 857 2619 provisionibus
871 2586 909 2611 de
933 2585 1061 2619 prelatis

459 2634 491 2661 in
539 2634 675 2661 ecclesiis
717 2634 861 2668 ejusdem
895 2633 1059 2668 legationis

464 2683 592 2710 minime
606 2683 757 2710 faciendis
772 2693 793 2709 u.

502 2731 613 2758 Eidem
631 2731 775 2758 concedit
786 2730 974 2758 facultatem
992 2730 1048 2757 mi·
1066 2729 1070 2765 Ι
1088 2731 1147 2759 308
1166 2728 1171 2769 Ι
1209 2733 1269 2760 636

480 2780 601 2815 tigandi
639 2781 672 2806 et
715 2780 897 2806 remittendi
924 2779 955 2806 in
994 2781 1064 2807 toto

459 2829 509 2856 vel
524 2836 563 2856 ex
577 2830 668 2863 parte
682 2830 833 2863 poenaset
848 2829 952 2855 banna
964 2835 1060 2864 quae-

460 2878 538 2904 libet
557 2878 707 2912 imposita
726 2877 894 2904 rebellibus
912 2878 944 2904 et
973 2877 1059 2905 inde-

459 2927 555 2961 νουίε,
579 2926 611 2954 in
634 2927 780 2961 partibus
803 2926 944 2960 ejusdem
976 2926 1057 2961 lega-

1340 492 1418 523 1264

1317 543 1381 571 mai
1400 540 1451 571 21.

1352 677 1363 691 1)

1432 677 1443 691 ὶ)

1488 494 1617 523 Ονυὶεὶο.

2426 269 2484 300 221

2248 363 2333 389 Pagea.
2355 363 2484 386 Numeron.

1681 417 1784 443 tionis.

1722 496 1900 527 Legatiouis
1920 496 2060 523 officium
2083 496 2268 531 liuguitioni
2286 492 2290 530 Ι
2309 497 2369 524 308
2387 494 2391 531 Ι
2430 497 2488 524 637

1679 544 1709 570 in
1733 545 1918 571 Romaniola
1942 546 1973 571 et
1996 546 2096 571 Massa
2130 545 2280 573 'l‘rabaria

1686 593 1759 619 olim
1785 594 1987 620 commissum
2014 595 2150 620 revocat.

1720 669 1850 700 Simoni,
1883 675 1906 694 s.
1934 669 2063 695 Martini
2085 670 2271 702 prvsbytero
2289 665 2294 705 Ι
2313 669 2371 696 308
2392 671 2398 708 Ι
2433 669 2491 697 638

1687 717 1847 749 cardinali,
1921 717 2115 751 apostolieae
2187 720 2270 745 sedis

1688 764 1804 799 legato,
1867 766 2010 791 concedit
2082 766 2267 792 facultatem

1687 813 1831 845 exigendi
1857 821 1873 839 a
1901 814 2100 839 monasteriis
2126 815 2157 839 et
2187 815 2280 840 eccle-

1685 862 1737 887 siis
1787 863 1853 888 tam
1910 862 2089 888 provinciae
2134 863 2283 888 Lombar-

1688 910 1757 936 diae
1771 918 1869 945 quam
1885 910 1953 943 ejus
1968 911 2143 945 legationis,
2160 918 2285 945 exemp-

1687 958 1727 985 tis
1751 960 1782 985 et
1807 966 1869 985 non
1893 959 2058 993 exemptis,
2084 966 2211 986 censum
2235 967 2282 987 ec-

1688 1007 1799 1034 clesiae
1822 1008 1985 1034 Romanae
2008 1008 2162 1034 debitum.

1728 1057 1840 1082 Eidem
1855 1057 1999 1083 concedit
2013 1056 2274 1092 facultatemper-
2295 1057 2298 1096 Ι
2315 1058 2373 1085 308
2394 1060 2399 1097 Ι
2435 1060 2494 1086 639

1687 1105 1835 1132 mittendi
1877 1105 2144 1132 Bonaevoluntati
2187 1107 2288 1134 Theu-

1688 1154 1804 1187 tonico,
1827 1154 1992 1181 Guillelmo
2015 1155 2052 1181 de
2084 1155 2284 1182 Rocca-con-

1689 1204 1793 1229 tratae
1813 1211 1848 1229 ac
1868 1203 1987 1230 Simoni
2007 1204 2045 1230 de
2061 1203 2177 1237 (laesis,
2207 1205 2288 1231 ordi-

1688 1252 1737 1279 nis
1756 1252 1922 1286 Minorum,
1944 1254 1979 1280 ut
1999 1254 2038 1280 ad
2066 1253 2288 1280 Eistercienses

1689 1301 1863 1334 transeant,
1899 1312 1908 1325 «
1927 1302 2001 1336 quia
2022 1309 2059 1328 ex
2079 1309 2114 1328 eo
2133 1302 2192 1328 sibi
2219 1309 2285 1328 sen-

1690 1351 1775 1378 tiunt
1800 1351 1941 1384 ejusdem
1965 1351 2083 1378 ordinis
2106 1351 2219 1377 fratres
2242 1351 2288 1378 in-

1685 1399 1785 1426 festos
1800 1400 1886 1434 quod
1904 1400 1934 1426 in
1952 1399 2285 1434 obsequiisManfredi,

1686 1449 1777 1475 electi
1805 1449 2002 1482 VeronensiS,
2030 1449 2192 1483 quondam
2221 1455 2284 1475 rec-

1683 1498 1761 1524 toris
1783 1498 1983 1524 Anconitane
2026 1497 2172 1531 Marcbie,
2214 1504 2281 1523 mo-

1685 1547 1849 1573 rabantur.
1884 1556 1895 1570 »

2286 1604 2348 1622 tome
2379 1604 2408 1623 lll

1721 1652 1966 1686 Archiepiscopo
2050 1652 2274 1687 Burdegalensi
2294 1651 2298 1691 Ι
2314 1652 2373 1680 257
2394 1652 2399 1692 Ι
2418 1653 2490 1681 1681

1684 1701 1827 1735 indulget
1849 1702 1883 1728 ut
1904 1708 2002 1727 unum
2022 1702 2061 1728 de
2079 1701 2198 1728 clericis
2217 1702 2285 1735 eJus

1685 1750 1717 1776 in
1746 1750 1876 1776 ecclesia
1906 1757 1929 1776 s.
1960 1750 2100 1776 severini
2128 1751 2287 1785 Burdega-

1686 1799 1793 1832 lensis,
1823 1799 1855 1825 in
1883 1799 2070 1825 canonicum
2099 1806 2171 1826 cum
2198 1805 2287 1833 prae-

1685 1848 1789 1874 benda
1825 1847 1921 1881 recipi
1955 1847 2064 1874 faciat.

2283 1923 2346 1942 tome
2375 1923 2406 1943 lll

1725 1972 1864 1998 Plebano
1886 1971 1987 2005 plebis
2008 1972 2046 1998 de
2068 1971 2206 2004 PicianO,
2220 1973 2275 1998 Fe·
2293 1968 2297 2008 Ι
2316 1970 2375 2000 258
2392 1968 2398 2008 Ι
2419 1973 2494 2000 1684

1687 2021 1817 2048 sulanae
1845 2020 1986 2053 diocesiS,
2016 2021 2147 2047 mandat
2177 2022 2212 2047 ut
2241 2028 2288 2048 ec-

1688 2070 1816 2096 clesiam
1837 2076 1860 2096 S.
1881 2069 2119 2096 Bartholomaei
2141 2070 2178 2096 de
2210 2072 2284 2097 Lec-

1687 2118 1743 2151 tio,
1773 2118 1915 2152 eJusdem
1943 2117 2083 2150 diocesis,
2113 2119 2152 2144 ad
2193 2119 2285 2146 colla-

1687 2167 1806 2194 tionem
1835 2168 1917 2194 sedis
1956 2168 2158 2202 apostolicae,
2194 2168 2288 2201 juxta

1686 2217 1909 2243 Lateranensis
1928 2218 2052 2243 statuta
2073 2216 2205 2250 concilii,
2236 2218 2287 2243 de-

1686 2266 1840 2298 volutam,
1874 2266 2029 2300 Philippo,
2073 2266 2148 2292 nato
2188 2272 2289 2300 quon-

1688 2315 1761 2341 dam
1790 2314 1922 2341 Radulfi
1947 2315 2071 2341 Rustici
2097 2315 2135 2340 de
2168 2314 2287 2347 Lectio,

1688 2363 1800 2389 clerico
1842 2363 1984 2396 eJusdem
2026 2363 2167 2396 diocesis,
2220 2363 2287 2389 nul-

1688 2412 1753 2438 lum
1783 2412 1886 2438 adhuc
1914 2411 2102 2438 beneficium
2130 2413 2283 2445 assecuto,

1687 2460 1840 2487 conserat.

2284 2534 2347 2554 tome
2376 2534 2406 2556 lll

1728 2583 1884 2618 Episcopo
1935 2583 2120 2610 Abrincensi
2172 2583 2271 2611 indul·
2292 2582 2372 2623 1258
2391 2580 2395 2621 Ι
2417 2585 2492 2613 1687

1688 2634 1743 2667 get
1757 2634 1793 2659 ut
1806 2633 1993 2667 magistrum
2005 2632 2285 2660 Bai-tholomaeum

1688 2683 1728 2709 de
1768 2682 2292 2715 Sancto-Jacobo-super-Beuram,

1687 2731 1714 2764 ej
1720 2731 1922 2767 uskclericum,
1933 2731 1964 2757 in
1975 2730 2102 2757 ecclesia
2114 2730 2299 2757 Abi-incensi

1687 2779 1719 2805 in
1764 2780 1951 2806 canonicum
1993 2786 2064 2806 cum
2106 2779 2284 2813 praebenda

1686 2829 1781 2863 recipi
1803 2828 1910 2856 faciat.

2282 2877 2345 2896 tome
2374 2876 2404 2897 ΙΙΙ

1722 2927 1793 2960 Th„
1822 2926 1968 2961 episcopo
1992 2926 2118 2953 senensi
2141 2926 2271 2953 mandat
2288 2922 2294 2962 Ι
2311 2924 2371 2953 266
2391 2925 2397 2966 Ι
2416 2926 2492 2953 1719
