<?xml version="1.0" encoding="UTF-8"?>
<!DOCTYPE html PUBLIC "-//W3C//DTD XHTML 1.0 Transitional//EN"
    "http://www.w3.org/TR/xhtml1/DTD/xhtml1-transitional.dtd">
<html xmlns="http://www.w3.org/1999/xhtml" xml:lang="en" lang="en">
 <head>
  <title>
</title>
<meta http-equiv="Content-Type" content="text/html;charset=utf-8" />
  <meta name='ocr-system' content='tesseract 3.04.00' />
  <meta name='ocr-capabilities' content='ocr_page ocr_carea ocr_par ocr_line ocrx_word'/>
</head>
<body>
  <div class='ocr_page' id='page_1' title='image "./lesregistresdurb34cath/lesregistresdurb34cath_0022.png"; bbox 0 0 2519 3262; ppageno 0'>
   <div class='ocr_carea' id='block_1_1' title="bbox 226 235 1560 272">
    <p class='ocr_par' dir='ltr' id='par_1_1' title="bbox 226 235 1560 272">
     <span class='ocr_line' id='line_1_1' title="bbox 226 235 1560 272; baseline 0.007 -11"><span class='ocrx_word' id='word_1_1' title='bbox 226 242 246 272; x_wconf 78' lang='lat'><em>8</em></span> <span class='ocrx_word' id='word_1_2' title='bbox 976 235 1220 267; x_wconf 86' lang='lat' dir='ltr'>REGISTRES</span> <span class='ocrx_word' id='word_1_3' title='bbox 1253 237 1469 271; x_wconf 87' lang='lat' dir='ltr'>D&#39;URBAIN</span> <span class='ocrx_word' id='word_1_4' title='bbox 1501 239 1560 270; x_wconf 92' lang='lat' dir='ltr'>IV.</span> 
     </span>
    </p>
   </div>
   <div class='ocr_carea' id='block_1_2' title="bbox 222 321 1234 1103">
    <p class='ocr_par' dir='ltr' id='par_1_2' title="bbox 222 321 1234 1103">
     <span class='ocr_line' id='line_1_2' title="bbox 224 321 1234 360; baseline -0.006 -3"><span class='ocrx_word' id='word_1_5' title='bbox 224 328 294 357; x_wconf 89' lang='lat' dir='ltr'>tam</span> <span class='ocrx_word' id='word_1_6' title='bbox 307 326 358 356; x_wconf 91' lang='lat' dir='ltr'>vel</span> <span class='ocrx_word' id='word_1_7' title='bbox 372 334 437 355; x_wconf 91' lang='lat' dir='ltr'>non</span> <span class='ocrx_word' id='word_1_8' title='bbox 453 325 653 355; x_wconf 82' lang='lat' dir='ltr'><strong>instructam</strong></span> <span class='ocrx_word' id='word_1_9' title='bbox 666 323 874 354; x_wconf 79' lang='lat' dir='ltr'>remitterent</span> <span class='ocrx_word' id='word_1_10' title='bbox 890 321 930 352; x_wconf 89' lang='lat' dir='ltr'>ad</span> <span class='ocrx_word' id='word_1_11' title='bbox 946 321 1129 360; x_wconf 88' lang='lat' dir='ltr'>apostolice</span> <span class='ocrx_word' id='word_1_12' title='bbox 1142 321 1234 351; x_wconf 88' lang='lat' dir='ltr'>sedis</span> 
     </span>
     <span class='ocr_line' id='line_1_3' title="bbox 225 374 1232 417; baseline -0.007 -7"><span class='ocrx_word' id='word_1_13' title='bbox 225 387 379 415; x_wconf 84' lang='lat' dir='ltr'><strong>examen,</strong></span> <span class='ocrx_word' id='word_1_14' title='bbox 399 378 528 417; x_wconf 86' lang='lat' dir='ltr'>prefixo</span> <span class='ocrx_word' id='word_1_15' title='bbox 554 375 708 416; x_wconf 87' lang='lat' dir='ltr'>partibus</span> <span class='ocrx_word' id='word_1_16' title='bbox 731 375 875 405; x_wconf 83' lang='lat' dir='ltr'>termino</span> <span class='ocrx_word' id='word_1_17' title='bbox 896 374 1123 413; x_wconf 88' lang='lat' dir='ltr'>peremptorio</span> <span class='ocrx_word' id='word_1_18' title='bbox 1145 383 1232 404; x_wconf 89' lang='lat' dir='ltr'>com-</span> 
     </span>
     <span class='ocr_line' id='line_1_4' title="bbox 225 427 1233 471; baseline -0.006 -9"><span class='ocrx_word' id='word_1_19' title='bbox 225 431 364 471; x_wconf 81' lang='lat' dir='ltr'>petenti,</span> <span class='ocrx_word' id='word_1_20' title='bbox 391 440 456 470; x_wconf 86' lang='lat' dir='ltr'>quo</span> <span class='ocrx_word' id='word_1_21' title='bbox 479 439 538 469; x_wconf 87' lang='lat' dir='ltr'>per</span> <span class='ocrx_word' id='word_1_22' title='bbox 563 438 598 460; x_wconf 89' lang='lat' dir='ltr'>se</span> <span class='ocrx_word' id='word_1_23' title='bbox 621 429 672 459; x_wconf 78' lang='lat' dir='ltr'>vel</span> <span class='ocrx_word' id='word_1_24' title='bbox 696 430 932 467; x_wconf 80' lang='lat' dir='ltr'>procuratores</span> <span class='ocrx_word' id='word_1_25' title='bbox 960 427 1110 465; x_wconf 77' lang='lat' dir='ltr'>ydoneos</span> <span class='ocrx_word' id='word_1_26' title='bbox 1137 436 1233 466; x_wconf 88' lang='lat' dir='ltr'>apos-</span> 
     </span>
     <span class='ocr_line' id='line_1_5' title="bbox 223 480 1232 522; baseline -0.006 -6"><span class='ocrx_word' id='word_1_27' title='bbox 223 485 324 515; x_wconf 83' lang='lat' dir='ltr'>tolico</span> <span class='ocrx_word' id='word_1_28' title='bbox 342 493 377 515; x_wconf 90' lang='lat' dir='ltr'>se</span> <span class='ocrx_word' id='word_1_29' title='bbox 393 483 587 522; x_wconf 87' lang='lat' dir='ltr'>conspectui</span> <span class='ocrx_word' id='word_1_30' title='bbox 605 483 849 521; x_wconf 72' lang='lat' dir='ltr'>presentarent,</span> <span class='ocrx_word' id='word_1_31' title='bbox 866 480 994 510; x_wconf 85' lang='lat' dir='ltr'>facture</span> <span class='ocrx_word' id='word_1_32' title='bbox 1011 483 1042 510; x_wconf 90' lang='lat' dir='ltr'>et</span> <span class='ocrx_word' id='word_1_33' title='bbox 1059 483 1232 518; x_wconf 88' lang='lat' dir='ltr'>recepture</span> 
     </span>
     <span class='ocr_line' id='line_1_6' title="bbox 224 533 1233 575; baseline -0.004 -7"><span class='ocrx_word' id='word_1_34' title='bbox 224 538 258 568; x_wconf 91' lang='lat' dir='ltr'>in</span> <span class='ocrx_word' id='word_1_35' title='bbox 277 537 364 568; x_wconf 87' lang='lat' dir='ltr'>dicta</span> <span class='ocrx_word' id='word_1_36' title='bbox 391 545 493 567; x_wconf 89' lang='lat' dir='ltr'>causa</span> <span class='ocrx_word' id='word_1_37' title='bbox 514 535 602 575; x_wconf 86' lang='lat' dir='ltr'>quod</span> <span class='ocrx_word' id='word_1_38' title='bbox 634 535 714 565; x_wconf 88' lang='lat' dir='ltr'>ordo</span> <span class='ocrx_word' id='word_1_39' title='bbox 742 534 939 572; x_wconf 81' lang='lat' dir='ltr'>exposceret</span> <span class='ocrx_word' id='word_1_40' title='bbox 965 533 1118 563; x_wconf 90' lang='lat' dir='ltr'>rationis.</span> <span class='ocrx_word' id='word_1_41' title='bbox 1143 533 1233 564; x_wconf 87' lang='lat' dir='ltr'>Dicti</span> 
     </span>
     <span class='ocr_line' id='line_1_7' title="bbox 224 586 1234 629; baseline -0.004 -8"><span class='ocrx_word' id='word_1_42' title='bbox 224 593 337 621; x_wconf 86' lang='lat' dir='ltr'>autem</span> <span class='ocrx_word' id='word_1_43' title='bbox 352 590 496 629; x_wconf 80' lang='lat' dir='ltr'>judices,</span> <span class='ocrx_word' id='word_1_44' title='bbox 517 597 652 619; x_wconf 86' lang='lat' dir='ltr'>causam</span> <span class='ocrx_word' id='word_1_45' title='bbox 673 587 849 617; x_wconf 73' lang='lat' dir='ltr'>audientes</span> <span class='ocrx_word' id='word_1_46' title='bbox 869 586 1010 616; x_wconf 85' lang='lat' dir='ltr'>eandem</span> <span class='ocrx_word' id='word_1_47' title='bbox 1028 595 1169 625; x_wconf 83' lang='lat' dir='ltr'>eamque</span> <span class='ocrx_word' id='word_1_48' title='bbox 1186 587 1234 617; x_wconf 93' lang='lat' dir='ltr'>in-</span> 
     </span>
     <span class='ocr_line' id='line_1_8' title="bbox 223 640 1232 682; baseline -0.005 -8"><span class='ocrx_word' id='word_1_49' title='bbox 223 643 275 674; x_wconf 85' lang='lat' dir='ltr'>fra</span> <span class='ocrx_word' id='word_1_50' title='bbox 288 646 422 682; x_wconf 90' lang='lat' dir='ltr'>tempus</span> <span class='ocrx_word' id='word_1_51' title='bbox 441 642 506 672; x_wconf 91' lang='lat' dir='ltr'>sibi</span> <span class='ocrx_word' id='word_1_52' title='bbox 526 641 691 680; x_wconf 82' lang='lat' dir='ltr'>prefixum</span> <span class='ocrx_word' id='word_1_53' title='bbox 710 640 863 670; x_wconf 85' lang='lat' dir='ltr'>decidere</span> <span class='ocrx_word' id='word_1_54' title='bbox 881 642 1103 678; x_wconf 83' lang='lat' dir='ltr'>nequeuntes,</span> <span class='ocrx_word' id='word_1_55' title='bbox 1122 640 1232 678; x_wconf 81' lang='lat' dir='ltr'>ipsam</span> 
     </span>
     <span class='ocr_line' id='line_1_9' title="bbox 223 692 1233 733; baseline -0.005 -6"><span class='ocrx_word' id='word_1_56' title='bbox 223 697 265 727; x_wconf 88' lang='lat' dir='ltr'>ad</span> <span class='ocrx_word' id='word_1_57' title='bbox 286 704 428 727; x_wconf 82' lang='lat' dir='ltr'>examen</span> <span class='ocrx_word' id='word_1_58' title='bbox 446 694 669 733; x_wconf 89' lang='lat' dir='ltr'>apostolicum</span> <span class='ocrx_word' id='word_1_59' title='bbox 692 693 908 729; x_wconf 80' lang='lat' dir='ltr'>remiserunt,</span> <span class='ocrx_word' id='word_1_60' title='bbox 929 695 1058 723; x_wconf 87' lang='lat' dir='ltr'>certum</span> <span class='ocrx_word' id='word_1_61' title='bbox 1078 692 1233 731; x_wconf 87' lang='lat' dir='ltr'>partibus</span> 
     </span>
     <span class='ocr_line' id='line_1_10' title="bbox 222 743 1232 786; baseline -0.005 -6"><span class='ocrx_word' id='word_1_62' title='bbox 222 749 406 780; x_wconf 89' lang='lat' dir='ltr'>terminum</span> <span class='ocrx_word' id='word_1_63' title='bbox 426 747 691 786; x_wconf 87' lang='lat' dir='ltr'>peremptorium</span> <span class='ocrx_word' id='word_1_64' title='bbox 716 743 946 784; x_wconf 78' lang='lat' dir='ltr'>prefigentes‚J</span> <span class='ocrx_word' id='word_1_65' title='bbox 956 754 1022 784; x_wconf 87' lang='lat' dir='ltr'>quo</span> <span class='ocrx_word' id='word_1_66' title='bbox 1046 754 1106 784; x_wconf 89' lang='lat' dir='ltr'>per</span> <span class='ocrx_word' id='word_1_67' title='bbox 1126 755 1161 776; x_wconf 86' lang='lat' dir='ltr'>se</span> <span class='ocrx_word' id='word_1_68' title='bbox 1179 747 1232 776; x_wconf 89' lang='lat' dir='ltr'>vel</span> 
     </span>
     <span class='ocr_line' id='line_1_11' title="bbox 222 798 1231 841; baseline -0.002 -9"><span class='ocrx_word' id='word_1_69' title='bbox 222 804 457 841; x_wconf 80' lang='lat' dir='ltr'>procuratores</span> <span class='ocrx_word' id='word_1_70' title='bbox 483 800 630 838; x_wconf 73' lang='lat' dir='ltr'>ydoneos</span> <span class='ocrx_word' id='word_1_71' title='bbox 648 799 682 828; x_wconf 91' lang='lat' dir='ltr'>in</span> <span class='ocrx_word' id='word_1_72' title='bbox 700 798 872 837; x_wconf 84' lang='lat' dir='ltr'>presentia</span> <span class='ocrx_word' id='word_1_73' title='bbox 884 799 1023 828; x_wconf 82' lang='lat' dir='ltr'>‘summi</span> <span class='ocrx_word' id='word_1_74' title='bbox 1049 799 1231 837; x_wconf 82' lang='lat' dir='ltr'>pontificis,</span> 
     </span>
     <span class='ocr_line' id='line_1_12' title="bbox 223 851 1233 890; baseline -0.002 -5"><span class='ocrx_word' id='word_1_75' title='bbox 223 864 298 885; x_wconf 91' lang='lat' dir='ltr'>cum</span> <span class='ocrx_word' id='word_1_76' title='bbox 316 855 399 884; x_wconf 89' lang='lat' dir='ltr'>actis</span> <span class='ocrx_word' id='word_1_77' title='bbox 417 855 447 884; x_wconf 91' lang='lat' dir='ltr'>et</span> <span class='ocrx_word' id='word_1_78' title='bbox 463 851 685 883; x_wconf 88' lang='lat' dir='ltr'>munimentis</span> <span class='ocrx_word' id='word_1_79' title='bbox 701 851 859 881; x_wconf 90' lang='lat' dir='ltr'>omnibus</span> <span class='ocrx_word' id='word_1_80' title='bbox 876 859 936 890; x_wconf 90' lang='lat' dir='ltr'>per</span> <span class='ocrx_word' id='word_1_81' title='bbox 951 860 1015 890; x_wconf 86' lang='lat' dir='ltr'>que</span> <span class='ocrx_word' id='word_1_82' title='bbox 1028 852 1115 882; x_wconf 87' lang='lat' dir='ltr'>dicte</span> <span class='ocrx_word' id='word_1_83' title='bbox 1134 861 1233 883; x_wconf 88' lang='lat' dir='ltr'>cause</span> 
     </span>
     <span class='ocr_line' id='line_1_13' title="bbox 222 905 1234 945; baseline -0.001 -8"><span class='ocrx_word' id='word_1_84' title='bbox 222 907 295 937; x_wconf 84' lang='lat' dir='ltr'>fieri</span> <span class='ocrx_word' id='word_1_85' title='bbox 322 908 437 945; x_wconf 86' lang='lat' dir='ltr'>posset</span> <span class='ocrx_word' id='word_1_86' title='bbox 463 906 652 941; x_wconf 82' lang='lat' dir='ltr'>instructio,</span> <span class='ocrx_word' id='word_1_87' title='bbox 673 905 823 944; x_wconf 85' lang='lat' dir='ltr'>legitime</span> <span class='ocrx_word' id='word_1_88' title='bbox 852 906 1096 943; x_wconf 79' lang='lat' dir='ltr'>comparerent.</span> <span class='ocrx_word' id='word_1_89' title='bbox 1123 906 1234 936; x_wconf 81' lang='lat' dir='ltr'>Adve-</span> 
     </span>
     <span class='ocr_line' id='line_1_14' title="bbox 222 958 1233 997; baseline -0.001 -7"><span class='ocrx_word' id='word_1_90' title='bbox 222 960 335 990; x_wconf 85' lang='lat' dir='ltr'>niente</span> <span class='ocrx_word' id='word_1_91' title='bbox 362 968 441 990; x_wconf 83' lang='lat' dir='ltr'>vero</span> <span class='ocrx_word' id='word_1_92' title='bbox 472 958 617 989; x_wconf 81' lang='lat' dir='ltr'>termino</span> <span class='ocrx_word' id='word_1_93' title='bbox 652 958 835 997; x_wconf 86' lang='lat' dir='ltr'>assignato,</span> <span class='ocrx_word' id='word_1_94' title='bbox 870 958 1109 988; x_wconf 87' lang='lat' dir='ltr'>sanctissimus</span> <span class='ocrx_word' id='word_1_95' title='bbox 1137 960 1233 996; x_wconf 88' lang='lat' dir='ltr'>pater</span> 
     </span>
     <span class='ocr_line' id='line_1_15' title="bbox 222 1011 1232 1050; baseline -0.001 -7"><span class='ocrx_word' id='word_1_96' title='bbox 222 1013 380 1043; x_wconf 90' lang='lat' dir='ltr'>dominus</span> <span class='ocrx_word' id='word_1_97' title='bbox 398 1011 556 1043; x_wconf 87' lang='lat' dir='ltr'>Urbanus</span> <span class='ocrx_word' id='word_1_98' title='bbox 580 1020 666 1050; x_wconf 87' lang='lat' dir='ltr'>papa</span> <span class='ocrx_word' id='word_1_99' title='bbox 687 1013 840 1050; x_wconf 83' lang='lat' dir='ltr'>quartus,</span> <span class='ocrx_word' id='word_1_100' title='bbox 860 1011 1082 1041; x_wconf 86' lang='lat' dir='ltr'>reverendum</span> <span class='ocrx_word' id='word_1_101' title='bbox 1101 1014 1232 1050; x_wconf 87' lang='lat' dir='ltr'>patrem</span> 
     </span>
     <span class='ocr_line' id='line_1_16' title="bbox 222 1064 1232 1103; baseline 0 -7"><span class='ocrx_word' id='word_1_102' title='bbox 222 1066 396 1096; x_wconf 87' lang='lat' dir='ltr'>dominum</span> <span class='ocrx_word' id='word_1_103' title='bbox 422 1065 655 1099; x_wconf 83' lang='lat' dir='ltr'>Got-tifridum,</span> <span class='ocrx_word' id='word_1_104' title='bbox 675 1065 782 1094; x_wconf 90' lang='lat' dir='ltr'>sancti</span> <span class='ocrx_word' id='word_1_105' title='bbox 803 1064 940 1103; x_wconf 84' lang='lat' dir='ltr'>Georgii</span> <span class='ocrx_word' id='word_1_106' title='bbox 958 1064 1000 1094; x_wconf 87' lang='lat' dir='ltr'>ad</span> <span class='ocrx_word' id='word_1_107' title='bbox 1016 1064 1137 1095; x_wconf 87' lang='lat' dir='ltr'>Velum</span> <span class='ocrx_word' id='word_1_108' title='bbox 1161 1066 1232 1096; x_wconf 87' lang='lat' dir='ltr'>Au-</span> 
     </span>
    </p>
   </div>
   <div class='ocr_carea' id='block_1_3' title="bbox 221 1117 1234 1157">
    <p class='ocr_par' dir='ltr' id='par_1_3' title="bbox 221 1117 1234 1157">
     <span class='ocr_line' id='line_1_17' title="bbox 221 1117 1234 1157; baseline -0.001 -8"><span class='ocrx_word' id='word_1_109' title='bbox 221 1128 317 1149; x_wconf 88' lang='lat' dir='ltr'>reum</span> <span class='ocrx_word' id='word_1_110' title='bbox 343 1119 521 1149; x_wconf 90' lang='lat' dir='ltr'>diaconum</span> <span class='ocrx_word' id='word_1_111' title='bbox 545 1117 763 1154; x_wconf 78' lang='lat' dir='ltr'>cardinalem,</span> <span class='ocrx_word' id='word_1_112' title='bbox 784 1117 819 1147; x_wconf 88' lang='lat' dir='ltr'>in</span> <span class='ocrx_word' id='word_1_113' title='bbox 837 1117 911 1156; x_wconf 90' lang='lat' dir='ltr'>ipsa</span> <span class='ocrx_word' id='word_1_114' title='bbox 929 1126 1030 1147; x_wconf 89' lang='lat' dir='ltr'>causa</span> <span class='ocrx_word' id='word_1_115' title='bbox 1051 1117 1143 1148; x_wconf 86' lang='lat' dir='ltr'>dedit</span> <span class='ocrx_word' id='word_1_116' title='bbox 1160 1127 1234 1157; x_wconf 89' lang='lat' dir='ltr'>par·</span> 
     </span>
    </p>
   </div>
   <div class='ocr_carea' id='block_1_4' title="bbox 214 1170 1232 2006">
    <p class='ocr_par' dir='ltr' id='par_1_4' title="bbox 214 1170 1232 2006">
     <span class='ocr_line' id='line_1_18' title="bbox 220 1170 1232 1210; baseline 0 -8"><span class='ocrx_word' id='word_1_117' title='bbox 220 1172 313 1202; x_wconf 91' lang='lat' dir='ltr'>tibus</span> <span class='ocrx_word' id='word_1_118' title='bbox 342 1172 542 1202; x_wconf 83' lang='lat' dir='ltr'>auditorem.</span> <span class='ocrx_word' id='word_1_119' title='bbox 573 1171 694 1201; x_wconf 89' lang='lat' dir='ltr'>Coram</span> <span class='ocrx_word' id='word_1_120' title='bbox 721 1180 797 1209; x_wconf 85' lang='lat' dir='ltr'>quo,</span> <span class='ocrx_word' id='word_1_121' title='bbox 827 1171 907 1209; x_wconf 85' lang='lat' dir='ltr'>quia</span> <span class='ocrx_word' id='word_1_122' title='bbox 934 1170 1043 1201; x_wconf 89' lang='lat' dir='ltr'>dictus</span> <span class='ocrx_word' id='word_1_123' title='bbox 1069 1172 1232 1210; x_wconf 84' lang='lat' dir='ltr'>magister</span> 
     </span>
     <span class='ocr_line' id='line_1_19' title="bbox 220 1224 1229 1263; baseline 0 -8"><span class='ocrx_word' id='word_1_124' title='bbox 220 1225 390 1256; x_wconf 84' lang='lat' dir='ltr'>Robertus</span> <span class='ocrx_word' id='word_1_125' title='bbox 405 1234 464 1263; x_wconf 86' lang='lat' dir='ltr'>per</span> <span class='ocrx_word' id='word_1_126' title='bbox 481 1233 516 1255; x_wconf 87' lang='lat' dir='ltr'>se</span> <span class='ocrx_word' id='word_1_127' title='bbox 530 1224 583 1254; x_wconf 88' lang='lat' dir='ltr'>vel</span> <span class='ocrx_word' id='word_1_128' title='bbox 600 1233 660 1262; x_wconf 89' lang='lat' dir='ltr'>per</span> <span class='ocrx_word' id='word_1_129' title='bbox 676 1226 928 1262; x_wconf 86' lang='lat' dir='ltr'>procuratorem</span> <span class='ocrx_word' id='word_1_130' title='bbox 944 1232 1010 1253; x_wconf 89' lang='lat' dir='ltr'>non</span> <span class='ocrx_word' id='word_1_131' title='bbox 1029 1225 1229 1263; x_wconf 84' lang='lat' dir='ltr'>comparuit,</span> 
     </span>
     <span class='ocr_line' id='line_1_20' title="bbox 220 1276 1231 1315; baseline 0 -7"><span class='ocrx_word' id='word_1_132' title='bbox 220 1279 256 1308; x_wconf 93' lang='lat' dir='ltr'>ut</span> <span class='ocrx_word' id='word_1_133' title='bbox 277 1277 403 1313; x_wconf 86' lang='lat' dir='ltr'>debuit,</span> <span class='ocrx_word' id='word_1_134' title='bbox 433 1277 509 1307; x_wconf 87' lang='lat' dir='ltr'>licet</span> <span class='ocrx_word' id='word_1_135' title='bbox 540 1278 662 1307; x_wconf 87' lang='lat' dir='ltr'>citatus</span> <span class='ocrx_word' id='word_1_136' title='bbox 694 1277 815 1306; x_wconf 85' lang='lat' dir='ltr'>fuisset</span> <span class='ocrx_word' id='word_1_137' title='bbox 840 1276 968 1315; x_wconf 90' lang='lat' dir='ltr'>pluries</span> <span class='ocrx_word' id='word_1_138' title='bbox 997 1277 1032 1306; x_wconf 91' lang='lat' dir='ltr'>in</span> <span class='ocrx_word' id='word_1_139' title='bbox 1059 1277 1231 1309; x_wconf 85' lang='lat' dir='ltr'>audientia</span> 
     </span>
     <span class='ocr_line' id='line_1_21' title="bbox 219 1329 1230 1370; baseline 0.002 -10"><span class='ocrx_word' id='word_1_140' title='bbox 219 1330 355 1370; x_wconf 86' lang='lat' dir='ltr'>publica</span> <span class='ocrx_word' id='word_1_141' title='bbox 371 1333 402 1361; x_wconf 88' lang='lat' dir='ltr'>et</span> <span class='ocrx_word' id='word_1_142' title='bbox 420 1332 616 1369; x_wconf 75' lang='lat' dir='ltr'>expectatus</span> <span class='ocrx_word' id='word_1_143' title='bbox 634 1329 773 1366; x_wconf 87' lang='lat' dir='ltr'>diutius,</span> <span class='ocrx_word' id='word_1_144' title='bbox 788 1331 824 1360; x_wconf 88' lang='lat' dir='ltr'>ut</span> <span class='ocrx_word' id='word_1_145' title='bbox 839 1333 889 1360; x_wconf 87' lang='lat' dir='ltr'>est</span> <span class='ocrx_word' id='word_1_146' title='bbox 903 1330 1020 1367; x_wconf 90' lang='lat' dir='ltr'>moris,</span> <span class='ocrx_word' id='word_1_147' title='bbox 1038 1332 1133 1369; x_wconf 88' lang='lat' dir='ltr'>parte</span> <span class='ocrx_word' id='word_1_148' title='bbox 1150 1331 1230 1362; x_wconf 89' lang='lat' dir='ltr'>dicti</span> 
     </span>
     <span class='ocr_line' id='line_1_22' title="bbox 219 1383 1230 1423; baseline 0.001 -9"><span class='ocrx_word' id='word_1_149' title='bbox 219 1384 336 1414; x_wconf 68' lang='grc' dir='ltr'>ι11160111</span> <span class='ocrx_word' id='word_1_150' title='bbox 356 1384 506 1423; x_wconf 81' lang='lat' dir='ltr'>legitime</span> <span class='ocrx_word' id='word_1_151' title='bbox 524 1385 748 1422; x_wconf 80' lang='lat' dir='ltr'>comparente,</span> <span class='ocrx_word' id='word_1_152' title='bbox 767 1392 826 1421; x_wconf 90' lang='lat' dir='ltr'>pro</span> <span class='ocrx_word' id='word_1_153' title='bbox 842 1384 936 1422; x_wconf 90' lang='lat' dir='ltr'>parte</span> <span class='ocrx_word' id='word_1_154' title='bbox 955 1383 1099 1422; x_wconf 84' lang='lat' dir='ltr'>predicti</span> <span class='ocrx_word' id='word_1_155' title='bbox 1113 1385 1230 1415; x_wconf 86' lang='lat' dir='ltr'>Jacobi</span> 
     </span>
     <span class='ocr_line' id='line_1_23' title="bbox 219 1436 1227 1476; baseline 0.001 -9"><span class='ocrx_word' id='word_1_156' title='bbox 219 1437 283 1467; x_wconf 85' lang='lat' dir='ltr'>fuit</span> <span class='ocrx_word' id='word_1_157' title='bbox 309 1446 421 1467; x_wconf 89' lang='lat' dir='ltr'>coram</span> <span class='ocrx_word' id='word_1_158' title='bbox 448 1437 595 1467; x_wconf 87' lang='lat' dir='ltr'>discreto</span> <span class='ocrx_word' id='word_1_159' title='bbox 619 1436 691 1466; x_wconf 74' lang='lat' dir='ltr'>viro</span> <span class='ocrx_word' id='word_1_160' title='bbox 716 1438 877 1475; x_wconf 84' lang='lat' dir='ltr'>magistro</span> <span class='ocrx_word' id='word_1_161' title='bbox 901 1436 1053 1467; x_wconf 66' lang='grc' dir='ltr'>ι1011311116</span> <span class='ocrx_word' id='word_1_162' title='bbox 1077 1437 1227 1476; x_wconf 80' lang='lat' dir='ltr'>Yspano,</span> 
     </span>
     <span class='ocr_line' id='line_1_24' title="bbox 219 1489 1229 1528; baseline 0.001 -8"><span class='ocrx_word' id='word_1_163' title='bbox 219 1490 393 1528; x_wconf 87' lang='lat' dir='ltr'>capellano</span> <span class='ocrx_word' id='word_1_164' title='bbox 410 1490 489 1520; x_wconf 87' lang='lat' dir='ltr'>dicti</span> <span class='ocrx_word' id='word_1_165' title='bbox 508 1490 636 1520; x_wconf 87' lang='lat' dir='ltr'>domini</span> <span class='ocrx_word' id='word_1_166' title='bbox 654 1489 848 1523; x_wconf 76' lang='lat' dir='ltr'>cardinalis,</span> <span class='ocrx_word' id='word_1_167' title='bbox 869 1490 921 1519; x_wconf 92' lang='lat' dir='ltr'>cui</span> <span class='ocrx_word' id='word_1_168' title='bbox 938 1490 1027 1520; x_wconf 89' lang='lat' dir='ltr'>idem</span> <span class='ocrx_word' id='word_1_169' title='bbox 1047 1491 1229 1522; x_wconf 86' lang='lat' dir='ltr'>cardinalis</span> 
     </span>
     <span class='ocr_line' id='line_1_25' title="bbox 219 1543 1229 1582; baseline 0.002 -9"><span class='ocrx_word' id='word_1_170' title='bbox 219 1552 356 1573; x_wconf 88' lang='lat' dir='ltr'>causam</span> <span class='ocrx_word' id='word_1_171' title='bbox 375 1544 485 1582; x_wconf 80' lang='lat' dir='ltr'>ipsam</span> <span class='ocrx_word' id='word_1_172' title='bbox 504 1543 720 1573; x_wconf 81' lang='lat' dir='ltr'>commiserat</span> <span class='ocrx_word' id='word_1_173' title='bbox 739 1543 951 1578; x_wconf 83' lang='lat' dir='ltr'>audiendam,</span> <span class='ocrx_word' id='word_1_174' title='bbox 969 1552 1045 1572; x_wconf 91' lang='lat' dir='ltr'>cum</span> <span class='ocrx_word' id='word_1_175' title='bbox 1066 1543 1229 1575; x_wconf 88' lang='lat' dir='ltr'>instantia</span> 
     </span>
     <span class='ocr_line' id='line_1_26' title="bbox 217 1596 1228 1635; baseline 0.002 -9"><span class='ocrx_word' id='word_1_176' title='bbox 217 1596 426 1634; x_wconf 88' lang='lat' dir='ltr'>postulatum</span> <span class='ocrx_word' id='word_1_177' title='bbox 454 1596 665 1634; x_wconf 87' lang='lat' dir='ltr'>pronuntiari</span> <span class='ocrx_word' id='word_1_178' title='bbox 692 1596 816 1625; x_wconf 85' lang='lat' dir='ltr'>dictam</span> <span class='ocrx_word' id='word_1_179' title='bbox 842 1605 979 1626; x_wconf 86' lang='lat' dir='ltr'>causam</span> <span class='ocrx_word' id='word_1_180' title='bbox 1000 1605 1075 1626; x_wconf 89' lang='lat' dir='ltr'>esse</span> <span class='ocrx_word' id='word_1_181' title='bbox 1100 1605 1159 1635; x_wconf 87' lang='lat' dir='ltr'>per</span> <span class='ocrx_word' id='word_1_182' title='bbox 1182 1607 1228 1628; x_wconf 88' lang='lat' dir='ltr'>re-</span> 
     </span>
     <span class='ocr_line' id='line_1_27' title="bbox 217 1649 1228 1687; baseline 0.003 -9"><span class='ocrx_word' id='word_1_183' title='bbox 217 1649 416 1679; x_wconf 80' lang='lat' dir='ltr'>missionem</span> <span class='ocrx_word' id='word_1_184' title='bbox 430 1649 594 1679; x_wconf 84' lang='lat' dir='ltr'>adsedem</span> <span class='ocrx_word' id='word_1_185' title='bbox 608 1649 828 1687; x_wconf 75' lang='lat' dir='ltr'>apost-olicam</span> <span class='ocrx_word' id='word_1_186' title='bbox 844 1649 1036 1679; x_wconf 76' lang='lat' dir='ltr'>devolutam</span> <span class='ocrx_word' id='word_1_187' title='bbox 1053 1652 1083 1680; x_wconf 88' lang='lat' dir='ltr'>et</span> <span class='ocrx_word' id='word_1_188' title='bbox 1101 1650 1228 1681; x_wconf 85' lang='lat' dir='ltr'>ibidem</span> 
     </span>
     <span class='ocr_line' id='line_1_28' title="bbox 217 1702 1226 1740; baseline 0.002 -8"><span class='ocrx_word' id='word_1_189' title='bbox 217 1702 338 1732; x_wconf 86' lang='lat' dir='ltr'>debere</span> <span class='ocrx_word' id='word_1_190' title='bbox 360 1702 497 1732; x_wconf 89' lang='lat' dir='ltr'>tractari</span> <span class='ocrx_word' id='word_1_191' title='bbox 518 1705 549 1732; x_wconf 89' lang='lat' dir='ltr'>et</span> <span class='ocrx_word' id='word_1_192' title='bbox 574 1702 694 1736; x_wconf 81' lang='lat' dir='ltr'>decidi,</span> <span class='ocrx_word' id='word_1_193' title='bbox 721 1702 915 1740; x_wconf 80' lang='lat' dir='ltr'>dictumque</span> <span class='ocrx_word' id='word_1_194' title='bbox 935 1703 1135 1733; x_wconf 85' lang='lat' dir='ltr'>canonicum</span> <span class='ocrx_word' id='word_1_195' title='bbox 1153 1713 1226 1734; x_wconf 82' lang='grc'><strong>6011-</strong></span> 
     </span>
     <span class='ocr_line' id='line_1_29' title="bbox 214 1755 1227 1795; baseline 0.003 -11"><span class='ocrx_word' id='word_1_196' title='bbox 214 1756 382 1785; x_wconf 85' lang='lat' dir='ltr'>tumacem</span> <span class='ocrx_word' id='word_1_197' title='bbox 407 1756 567 1794; x_wconf 89' lang='lat' dir='ltr'>reputari.</span> <span class='ocrx_word' id='word_1_198' title='bbox 595 1756 737 1794; x_wconf 82' lang='lat' dir='ltr'>Propter</span> <span class='ocrx_word' id='word_1_199' title='bbox 756 1755 845 1794; x_wconf 87' lang='lat' dir='ltr'>quod</span> <span class='ocrx_word' id='word_1_200' title='bbox 863 1755 974 1785; x_wconf 87' lang='lat' dir='ltr'>dictus</span> <span class='ocrx_word' id='word_1_201' title='bbox 994 1756 1166 1795; x_wconf 86' lang='lat' dir='ltr'>magister,</span> <span class='ocrx_word' id='word_1_202' title='bbox 1187 1757 1227 1787; x_wconf 90' lang='lat' dir='ltr'>de</span> 
     </span>
     <span class='ocr_line' id='line_1_30' title="bbox 215 1808 1225 1847; baseline 0.002 -9"><span class='ocrx_word' id='word_1_203' title='bbox 215 1808 324 1846; x_wconf 86' lang='lat' dir='ltr'>ipsius</span> <span class='ocrx_word' id='word_1_204' title='bbox 341 1809 470 1838; x_wconf 88' lang='lat' dir='ltr'>domini</span> <span class='ocrx_word' id='word_1_205' title='bbox 488 1809 670 1838; x_wconf 84' lang='lat' dir='ltr'>cardinalis</span> <span class='ocrx_word' id='word_1_206' title='bbox 690 1808 829 1847; x_wconf 84' lang='lat' dir='ltr'>speciali</span> <span class='ocrx_word' id='word_1_207' title='bbox 848 1808 985 1838; x_wconf 85' lang='lat' dir='ltr'>licentia</span> <span class='ocrx_word' id='word_1_208' title='bbox 1006 1811 1036 1839; x_wconf 88' lang='lat' dir='ltr'>et</span> <span class='ocrx_word' id='word_1_209' title='bbox 1056 1810 1225 1844; x_wconf 86' lang='lat' dir='ltr'>mandato,</span> 
     </span>
     <span class='ocr_line' id='line_1_31' title="bbox 214 1861 1226 1900; baseline 0.003 -10"><span class='ocrx_word' id='word_1_210' title='bbox 214 1861 443 1899; x_wconf 83' lang='lat' dir='ltr'>pronuntiavit</span> <span class='ocrx_word' id='word_1_211' title='bbox 464 1862 573 1900; x_wconf 89' lang='lat' dir='ltr'>ipsam</span> <span class='ocrx_word' id='word_1_212' title='bbox 592 1870 728 1891; x_wconf 84' lang='lat' dir='ltr'>causam</span> <span class='ocrx_word' id='word_1_213' title='bbox 751 1870 824 1891; x_wconf 86' lang='lat' dir='ltr'>esse</span> <span class='ocrx_word' id='word_1_214' title='bbox 846 1870 905 1900; x_wconf 90' lang='lat' dir='ltr'>per</span> <span class='ocrx_word' id='word_1_215' title='bbox 929 1862 1166 1893; x_wconf 79' lang='lat' dir='ltr'>remissionem</span> <span class='ocrx_word' id='word_1_216' title='bbox 1186 1863 1226 1893; x_wconf 87' lang='lat' dir='ltr'>ad</span> 
     </span>
     <span class='ocr_line' id='line_1_32' title="bbox 215 1914 1226 1953; baseline 0.002 -9"><span class='ocrx_word' id='word_1_217' title='bbox 215 1914 344 1944; x_wconf 87' lang='lat' dir='ltr'>curiam</span> <span class='ocrx_word' id='word_1_218' title='bbox 367 1915 572 1947; x_wconf 78' lang='lat' dir='ltr'>devolutam,</span> <span class='ocrx_word' id='word_1_219' title='bbox 599 1918 630 1945; x_wconf 85' lang='lat' dir='ltr'>et</span> <span class='ocrx_word' id='word_1_220' title='bbox 656 1915 783 1944; x_wconf 89' lang='lat' dir='ltr'>dictum</span> <span class='ocrx_word' id='word_1_221' title='bbox 809 1914 1009 1953; x_wconf 84' lang='lat' dir='ltr'>magistrum</span> <span class='ocrx_word' id='word_1_222' title='bbox 1040 1915 1226 1946; x_wconf 78' lang='lat' dir='ltr'>Itobertum</span> 
     </span>
     <span class='ocr_line' id='line_1_33' title="bbox 214 1968 1226 2006; baseline 0.002 -9"><span class='ocrx_word' id='word_1_223' title='bbox 214 1976 289 1997; x_wconf 83' lang='lat' dir='ltr'>esse</span> <span class='ocrx_word' id='word_1_224' title='bbox 307 1970 550 2003; x_wconf 85' lang='lat' dir='ltr'>contumacem,</span> <span class='ocrx_word' id='word_1_225' title='bbox 571 1970 668 2006; x_wconf 77' lang='lat' dir='ltr'>prout</span> <span class='ocrx_word' id='word_1_226' title='bbox 686 1968 719 1997; x_wconf 90' lang='grc'>111</span> <span class='ocrx_word' id='word_1_227' title='bbox 740 1968 965 1998; x_wconf 85' lang='lat' dir='ltr'>instrumento</span> <span class='ocrx_word' id='word_1_228' title='bbox 983 1968 1129 2006; x_wconf 83' lang='lat' dir='ltr'>publico,</span> <span class='ocrx_word' id='word_1_229' title='bbox 1150 1978 1226 1999; x_wconf 88' lang='lat' dir='ltr'>con-</span> 
     </span>
    </p>
   </div>
   <div class='ocr_carea' id='block_1_5' title="bbox 213 2020 2300 2166">
    <p class='ocr_par' dir='ltr' id='par_1_5' title="bbox 213 2020 2300 2166">
     <span class='ocr_line' id='line_1_34' title="bbox 214 2020 1255 2060; baseline 0.003 -11"><span class='ocrx_word' id='word_1_230' title='bbox 214 2020 299 2050; x_wconf 84' lang='lat' dir='ltr'>fecto</span> <span class='ocrx_word' id='word_1_231' title='bbox 321 2021 452 2054; x_wconf 80' lang='lat' dir='ltr'>exinde,</span> <span class='ocrx_word' id='word_1_232' title='bbox 482 2021 594 2060; x_wconf 81' lang='lat' dir='ltr'>sigillo</span> <span class='ocrx_word' id='word_1_233' title='bbox 614 2021 693 2050; x_wconf 88' lang='lat' dir='ltr'>dicti</span> <span class='ocrx_word' id='word_1_234' title='bbox 720 2021 902 2050; x_wconf 80' lang='lat' dir='ltr'>cardinalis</span> <span class='ocrx_word' id='word_1_235' title='bbox 929 2021 1072 2055; x_wconf 88' lang='lat' dir='ltr'>munito,</span> <span class='ocrx_word' id='word_1_236' title='bbox 1088 2021 1225 2060; x_wconf 87' lang='lat' dir='ltr'>plenius</span> <span class='ocrx_word' id='word_1_237' title='bbox 1254 2046 1255 2052; x_wconf 69' lang='grc'>,</span> 
     </span>
     <span class='ocr_line' id='line_1_35' title="bbox 213 2074 1255 2118; baseline 0.004 -16"><span class='ocrx_word' id='word_1_238' title='bbox 213 2074 413 2104; x_wconf 79' lang='lat' dir='ltr'>continetur.</span> <span class='ocrx_word' id='word_1_239' title='bbox 435 2074 556 2104; x_wconf 84' lang='lat' dir='ltr'>Coram</span> <span class='ocrx_word' id='word_1_240' title='bbox 577 2083 655 2112; x_wconf 78' lang='lat' dir='ltr'>quo,</span> <span class='ocrx_word' id='word_1_241' title='bbox 681 2076 755 2112; x_wconf 84' lang='lat' dir='ltr'>post</span> <span class='ocrx_word' id='word_1_242' title='bbox 777 2074 1088 2112; x_wconf 81' lang='lat' dir='ltr'>pronuntiationem</span> <span class='ocrx_word' id='word_1_243' title='bbox 1111 2075 1225 2113; x_wconf 81' lang='lat' dir='ltr'>hujus-</span> <span class='ocrx_word' id='word_1_244' title='bbox 1254 2111 1255 2118; x_wconf 14' lang='grc' dir='ltr'>ἵ</span> 
     </span>
     <span class='ocr_line' id='line_1_36' title="bbox 1254 2123 2300 2166; baseline 0 -9"><span class='ocrx_word' id='word_1_245' title='bbox 1254 2123 1255 2166; x_wconf 36' lang='grc' dir='ltr'>ζ</span> <span class='ocrx_word' id='word_1_246' title='bbox 1286 2128 1361 2158; x_wconf 76' lang='lat' dir='ltr'>licet</span> <span class='ocrx_word' id='word_1_247' title='bbox 1391 2135 1450 2166; x_wconf 80' lang='lat' dir='ltr'>per</span> <span class='ocrx_word' id='word_1_248' title='bbox 1481 2130 1614 2157; x_wconf 76' lang='lat' dir='ltr'>nostras</span> <span class='ocrx_word' id='word_1_249' title='bbox 1643 2127 1774 2157; x_wconf 73' lang='lat' dir='ltr'>litteras</span> <span class='ocrx_word' id='word_1_250' title='bbox 1802 2127 1931 2166; x_wconf 75' lang='lat' dir='ltr'>pluries</span> <span class='ocrx_word' id='word_1_251' title='bbox 1951 2130 1979 2158; x_wconf 90' lang='lat' dir='ltr'>et</span> <span class='ocrx_word' id='word_1_252' title='bbox 2010 2127 2239 2166; x_wconf 79' lang='lat' dir='ltr'>peremptorie</span> <span class='ocrx_word' id='word_1_253' title='bbox 2264 2128 2300 2158; x_wconf 92' lang='lat' dir='ltr'>in</span> 
     </span>
    </p>
   </div>
   <div class='ocr_carea' id='block_1_6' title="bbox 214 2127 1221 2161">
    <p class='ocr_par' dir='ltr' id='par_1_6' title="bbox 214 2127 1221 2161">
     <span class='ocr_line' id='line_1_37' title="bbox 214 2127 1221 2161; baseline 0.003 -5"><span class='ocrx_word' id='word_1_254' title='bbox 214 2127 316 2161; x_wconf 82' lang='grc'><strong>1110111,</strong></span> <span class='ocrx_word' id='word_1_255' title='bbox 328 2127 437 2157; x_wconf 70' lang='lat' dir='ltr'>dictus</span> <span class='ocrx_word' id='word_1_256' title='bbox 453 2127 599 2157; x_wconf 68' lang='lat' dir='ltr'>‚lacobus</span> <span class='ocrx_word' id='word_1_257' title='bbox 617 2127 772 2157; x_wconf 81' lang='lat' dir='ltr'>libellum</span> <span class='ocrx_word' id='word_1_258' title='bbox 790 2127 911 2157; x_wconf 88' lang='lat' dir='ltr'>obtulit</span> <span class='ocrx_word' id='word_1_259' title='bbox 925 2127 958 2156; x_wconf 93' lang='lat' dir='ltr'>in</span> <span class='ocrx_word' id='word_1_260' title='bbox 971 2127 1056 2157; x_wconf 85' lang='lat' dir='ltr'>hunc</span> <span class='ocrx_word' id='word_1_261' title='bbox 1067 2129 1221 2159; x_wconf 88' lang='lat' dir='ltr'>modum:</span> 
     </span>
    </p>
   </div>
   <div class='ocr_carea' id='block_1_7' title="bbox 213 2175 2299 2380">
    <p class='ocr_par' dir='ltr' id='par_1_7' title="bbox 213 2175 2299 2380">
     <span class='ocr_line' id='line_1_38' title="bbox 253 2175 1255 2220; baseline 0.004 -12"><span class='ocrx_word' id='word_1_262' title='bbox 253 2191 267 2208; x_wconf 86' lang='grc'>11</span> <span class='ocrx_word' id='word_1_263' title='bbox 288 2181 449 2219; x_wconf 87' lang='lat' dir='ltr'>Proponit</span> <span class='ocrx_word' id='word_1_264' title='bbox 478 2181 607 2218; x_wconf 86' lang='lat' dir='ltr'>injure</span> <span class='ocrx_word' id='word_1_265' title='bbox 634 2189 743 2210; x_wconf 85' lang='lat' dir='ltr'>coram</span> <span class='ocrx_word' id='word_1_266' title='bbox 773 2180 879 2216; x_wconf 75' lang='lat' dir='ltr'>vobis,</span> <span class='ocrx_word' id='word_1_267' title='bbox 907 2181 1090 2211; x_wconf 77' lang='lat' dir='ltr'>reverendo</span> <span class='ocrx_word' id='word_1_268' title='bbox 1117 2184 1222 2220; x_wconf 88' lang='lat' dir='ltr'>patre,</span> <span class='ocrx_word' id='word_1_269' title='bbox 1254 2175 1255 2206; x_wconf 78' lang='lat' dir='ltr'><strong>j</strong></span> 
     </span>
     <span class='ocr_line' id='line_1_39' title="bbox 213 2232 1255 2272; baseline 0.003 -11"><span class='ocrx_word' id='word_1_270' title='bbox 213 2242 228 2261; x_wconf 85' lang='lat'>»</span> <span class='ocrx_word' id='word_1_271' title='bbox 248 2232 384 2263; x_wconf 89' lang='lat' dir='ltr'>domino</span> <span class='ocrx_word' id='word_1_272' title='bbox 403 2235 454 2268; x_wconf 56' lang='lat' dir='ltr'>(jn,</span> <span class='ocrx_word' id='word_1_273' title='bbox 478 2233 583 2263; x_wconf 83' lang='lat' dir='ltr'>sancti</span> <span class='ocrx_word' id='word_1_274' title='bbox 611 2233 746 2272; x_wconf 74' lang='lat' dir='ltr'>(icorgii</span> <span class='ocrx_word' id='word_1_275' title='bbox 773 2233 813 2263; x_wconf 89' lang='lat' dir='ltr'>ad</span> <span class='ocrx_word' id='word_1_276' title='bbox 840 2234 963 2264; x_wconf 73' lang='lat' dir='ltr'>Velum</span> <span class='ocrx_word' id='word_1_277' title='bbox 986 2236 1137 2264; x_wconf 69' lang='lat' dir='ltr'>Aureum</span> <span class='ocrx_word' id='word_1_278' title='bbox 1155 2235 1224 2264; x_wconf 87' lang='lat' dir='ltr'>dia·</span> <span class='ocrx_word' id='word_1_279' title='bbox 1254 2253 1255 2261; x_wconf 51' lang='grc'>1</span> 
     </span>
     <span class='ocr_line' id='line_1_40' title="bbox 216 2286 1254 2324; baseline 0.004 -10"><span class='ocrx_word' id='word_1_280' title='bbox 216 2296 230 2314; x_wconf 70' lang='grc'>1)</span> <span class='ocrx_word' id='word_1_281' title='bbox 250 2295 332 2316; x_wconf 84' lang='grc'><strong>60110</strong></span> <span class='ocrx_word' id='word_1_282' title='bbox 353 2287 528 2322; x_wconf 89' lang='lat' dir='ltr'>cardinali,</span> <span class='ocrx_word' id='word_1_283' title='bbox 555 2286 710 2324; x_wconf 78' lang='lat' dir='ltr'>partibus</span> <span class='ocrx_word' id='word_1_284' title='bbox 731 2286 959 2324; x_wconf 73' lang='lat' dir='ltr'>infrascriptis</span> <span class='ocrx_word' id='word_1_285' title='bbox 978 2287 1131 2317; x_wconf 87' lang='lat' dir='ltr'>auditore</span> <span class='ocrx_word' id='word_1_286' title='bbox 1150 2297 1224 2318; x_wconf 87' lang='lat' dir='ltr'>con·</span> <span class='ocrx_word' id='word_1_287' title='bbox 1253 2320 1254 2323; x_wconf 50' lang='lat'>,</span> 
     </span>
     <span class='ocr_line' id='line_1_41' title="bbox 1253 2330 2299 2380; baseline -0.001 -9"><span class='ocrx_word' id='word_1_288' title='bbox 1253 2330 1254 2343; x_wconf 54' lang='lat'>³</span> <span class='ocrx_word' id='word_1_289' title='bbox 1285 2341 1451 2376; x_wconf 71' lang='lat' dir='ltr'>obstante,</span> <span class='ocrx_word' id='word_1_290' title='bbox 1474 2341 1600 2371; x_wconf 81' lang='lat' dir='ltr'>Christi</span> <span class='ocrx_word' id='word_1_291' title='bbox 1626 2341 1760 2370; x_wconf 84' lang='lat' dir='ltr'>nomine</span> <span class='ocrx_word' id='word_1_292' title='bbox 1781 2340 1945 2377; x_wconf 73' lang='lat' dir='ltr'>invocato,</span> <span class='ocrx_word' id='word_1_293' title='bbox 1972 2341 2187 2371; x_wconf 87' lang='lat' dir='ltr'>decernimus</span> <span class='ocrx_word' id='word_1_294' title='bbox 2203 2349 2299 2380; x_wconf 85' lang='lat' dir='ltr'>sepe-</span> 
     </span>
    </p>
   </div>
   <div class='ocr_carea' id='block_1_8' title="bbox 213 2338 1222 2377">
    <p class='ocr_par' dir='ltr' id='par_1_8' title="bbox 213 2338 1222 2377">
     <span class='ocr_line' id='line_1_42' title="bbox 213 2338 1222 2377; baseline 0.003 -10"><span class='ocrx_word' id='word_1_295' title='bbox 213 2348 227 2366; x_wconf 75' lang='grc'>1)</span> <span class='ocrx_word' id='word_1_296' title='bbox 247 2346 353 2374; x_wconf 83' lang='lat' dir='ltr'>cesso,</span> <span class='ocrx_word' id='word_1_297' title='bbox 376 2339 537 2377; x_wconf 83' lang='lat' dir='ltr'>magister</span> <span class='ocrx_word' id='word_1_298' title='bbox 559 2338 704 2369; x_wconf 43' lang='lat' dir='ltr'>..lacobus</span> <span class='ocrx_word' id='word_1_299' title='bbox 727 2339 767 2369; x_wconf 90' lang='lat' dir='ltr'>de</span> <span class='ocrx_word' id='word_1_300' title='bbox 785 2339 926 2375; x_wconf 74' lang='lat' dir='ltr'>Divona,</span> <span class='ocrx_word' id='word_1_301' title='bbox 952 2342 1062 2370; x_wconf 78' lang='lat' dir='ltr'>rector</span> <span class='ocrx_word' id='word_1_302' title='bbox 1082 2341 1222 2371; x_wconf 73' lang='lat' dir='ltr'>ecclesie</span> 
     </span>
    </p>
   </div>
   <div class='ocr_carea' id='block_1_9' title="bbox 213 2392 1253 2431">
    <p class='ocr_par' dir='ltr' id='par_1_9' title="bbox 213 2392 1253 2431">
     <span class='ocr_line' id='line_1_43' title="bbox 213 2392 1253 2431; baseline 0.001 -10"><span class='ocrx_word' id='word_1_303' title='bbox 213 2401 227 2419; x_wconf 87' lang='lat'>»</span> <span class='ocrx_word' id='word_1_304' title='bbox 248 2392 354 2422; x_wconf 85' lang='lat' dir='ltr'>sancti</span> <span class='ocrx_word' id='word_1_305' title='bbox 377 2392 542 2422; x_wconf 70' lang='lat' dir='ltr'>¹Iohannis</span> <span class='ocrx_word' id='word_1_306' title='bbox 570 2393 721 2430; x_wconf 70' lang='lat' dir='ltr'>napliste</span> <span class='ocrx_word' id='word_1_307' title='bbox 752 2395 848 2422; x_wconf 83' lang='lat' dir='ltr'>extra</span> <span class='ocrx_word' id='word_1_308' title='bbox 870 2395 1000 2431; x_wconf 82' lang='lat' dir='ltr'>portam</span> <span class='ocrx_word' id='word_1_309' title='bbox 1024 2394 1223 2424; x_wconf 84' lang='lat' dir='ltr'>monasterii</span> <span class='ocrx_word' id='word_1_310' title='bbox 1252 2415 1253 2422; x_wconf 66' lang='grc'>,</span> 
     </span>
    </p>
   </div>
   <div class='ocr_carea' id='block_1_10' title="bbox 212 2445 1222 2962">
    <p class='ocr_par' dir='ltr' id='par_1_10' title="bbox 212 2445 1222 2962">
     <span class='ocr_line' id='line_1_44' title="bbox 212 2445 1222 2485; baseline 0.003 -11"><span class='ocrx_word' id='word_1_311' title='bbox 212 2454 227 2472; x_wconf 69' lang='grc'>1)</span> <span class='ocrx_word' id='word_1_312' title='bbox 246 2445 430 2481; x_wconf 80' lang='lat' dir='ltr'>Lewensis,</span> <span class='ocrx_word' id='word_1_313' title='bbox 456 2445 678 2475; x_wconf 63' lang='lat' dir='ltr'>cicestrensis</span> <span class='ocrx_word' id='word_1_314' title='bbox 703 2445 860 2481; x_wconf 79' lang='lat' dir='ltr'>diocesis,</span> <span class='ocrx_word' id='word_1_315' title='bbox 885 2448 1000 2475; x_wconf 86' lang='lat' dir='ltr'>contra</span> <span class='ocrx_word' id='word_1_316' title='bbox 1021 2447 1222 2485; x_wconf 80' lang='lat' dir='ltr'>magistrum</span> 
     </span>
     <span class='ocr_line' id='line_1_45' title="bbox 212 2497 1219 2537; baseline 0.005 -12"><span class='ocrx_word' id='word_1_317' title='bbox 212 2507 227 2525; x_wconf 80' lang='lat'>»</span> <span class='ocrx_word' id='word_1_318' title='bbox 247 2497 431 2528; x_wconf 81' lang='lat' dir='ltr'>Robertum</span> <span class='ocrx_word' id='word_1_319' title='bbox 456 2498 495 2528; x_wconf 91' lang='lat' dir='ltr'>de</span> <span class='ocrx_word' id='word_1_320' title='bbox 518 2498 713 2537; x_wconf 79' lang='lat' dir='ltr'>Hastinges‚</span> <span class='ocrx_word' id='word_1_321' title='bbox 737 2498 935 2528; x_wconf 88' lang='lat' dir='ltr'>canonicum</span> <span class='ocrx_word' id='word_1_322' title='bbox 960 2499 1219 2537; x_wconf 80' lang='lat' dir='ltr'>Cicestrenscm,</span> 
     </span>
     <span class='ocr_line' id='line_1_46' title="bbox 212 2550 1222 2590; baseline 0.006 -12"><span class='ocrx_word' id='word_1_323' title='bbox 212 2550 299 2580; x_wconf 83' lang='lat' dir='ltr'>»vel</span> <span class='ocrx_word' id='word_1_324' title='bbox 326 2550 510 2589; x_wconf 76' lang='lat' dir='ltr'>legitimam</span> <span class='ocrx_word' id='word_1_325' title='bbox 544 2559 723 2588; x_wconf 81' lang='lat' dir='ltr'>personam</span> <span class='ocrx_word' id='word_1_326' title='bbox 751 2560 811 2590; x_wconf 90' lang='lat' dir='ltr'>pro</span> <span class='ocrx_word' id='word_1_327' title='bbox 838 2560 887 2588; x_wconf 87' lang='lat' dir='ltr'>eo,</span> <span class='ocrx_word' id='word_1_328' title='bbox 915 2553 1003 2590; x_wconf 76' lang='lat' dir='ltr'>quod</span> <span class='ocrx_word' id='word_1_329' title='bbox 1034 2562 1110 2583; x_wconf 85' lang='lat' dir='ltr'>cum</span> <span class='ocrx_word' id='word_1_330' title='bbox 1133 2553 1222 2584; x_wconf 85' lang='lat' dir='ltr'>dicta</span> 
     </span>
     <span class='ocr_line' id='line_1_47' title="bbox 213 2603 1221 2644; baseline 0.004 -12"><span class='ocrx_word' id='word_1_331' title='bbox 213 2613 227 2631; x_wconf 87' lang='lat'>»</span> <span class='ocrx_word' id='word_1_332' title='bbox 247 2603 390 2633; x_wconf 72' lang='lat' dir='ltr'>ecclesia</span> <span class='ocrx_word' id='word_1_333' title='bbox 415 2605 521 2634; x_wconf 79' lang='lat' dir='ltr'>sancti</span> <span class='ocrx_word' id='word_1_334' title='bbox 545 2604 710 2634; x_wconf 62' lang='grc' dir='ltr'>ι101111111113</span> <span class='ocrx_word' id='word_1_335' title='bbox 729 2605 927 2635; x_wconf 84' lang='lat' dir='ltr'>auctoritate</span> <span class='ocrx_word' id='word_1_336' title='bbox 953 2606 1139 2644; x_wconf 84' lang='lat' dir='ltr'>apostolica</span> <span class='ocrx_word' id='word_1_337' title='bbox 1155 2606 1221 2636; x_wconf 89' lang='lat' dir='ltr'>sibi</span> 
     </span>
     <span class='ocr_line' id='line_1_48' title="bbox 212 2655 1221 2691; baseline 0.006 -7"><span class='ocrx_word' id='word_1_338' title='bbox 212 2665 227 2684; x_wconf 86' lang='lat'>»</span> <span class='ocrx_word' id='word_1_339' title='bbox 247 2655 365 2686; x_wconf 80' lang='lat' dir='ltr'>suisset</span> <span class='ocrx_word' id='word_1_340' title='bbox 391 2657 524 2691; x_wconf 83' lang='lat' dir='ltr'>collata,</span> <span class='ocrx_word' id='word_1_341' title='bbox 547 2657 635 2687; x_wconf 81' lang='lat' dir='ltr'>etde</span> <span class='ocrx_word' id='word_1_342' title='bbox 660 2657 775 2687; x_wconf 84' lang='lat' dir='ltr'>cadem</span> <span class='ocrx_word' id='word_1_343' title='bbox 799 2657 919 2688; x_wconf 80' lang='lat' dir='ltr'>suisset</span> <span class='ocrx_word' id='word_1_344' title='bbox 940 2658 1122 2689; x_wconf 78' lang='lat' dir='ltr'>investitus</span> <span class='ocrx_word' id='word_1_345' title='bbox 1139 2660 1221 2690; x_wconf 83' lang='lat' dir='ltr'>etin</span> 
     </span>
     <span class='ocr_line' id='line_1_49' title="bbox 212 2709 1220 2749; baseline 0.005 -11"><span class='ocrx_word' id='word_1_346' title='bbox 212 2709 454 2747; x_wconf 75' lang='lat' dir='ltr'>»corporalem</span> <span class='ocrx_word' id='word_1_347' title='bbox 480 2710 732 2748; x_wconf 80' lang='lat' dir='ltr'>possessionem</span> <span class='ocrx_word' id='word_1_348' title='bbox 759 2710 910 2749; x_wconf 80' lang='lat' dir='ltr'>ejusdem</span> <span class='ocrx_word' id='word_1_349' title='bbox 936 2711 1105 2748; x_wconf 78' lang='lat' dir='ltr'>inductuS,</span> <span class='ocrx_word' id='word_1_350' title='bbox 1133 2713 1220 2743; x_wconf 84' lang='lat' dir='ltr'>idem</span> 
     </span>
     <span class='ocr_line' id='line_1_50' title="bbox 212 2761 1220 2803; baseline 0.005 -14"><span class='ocrx_word' id='word_1_351' title='bbox 212 2771 227 2789; x_wconf 89' lang='lat'>»</span> <span class='ocrx_word' id='word_1_352' title='bbox 246 2761 406 2799; x_wconf 78' lang='lat' dir='ltr'>magister</span> <span class='ocrx_word' id='word_1_353' title='bbox 419 2761 586 2792; x_wconf 75' lang='lat' dir='ltr'>ltobertus</span> <span class='ocrx_word' id='word_1_354' title='bbox 597 2762 866 2800; x_wconf 88' lang='lat' dir='ltr'>prenominatam</span> <span class='ocrx_word' id='word_1_355' title='bbox 880 2763 1057 2793; x_wconf 86' lang='lat' dir='ltr'>ecclesiam</span> <span class='ocrx_word' id='word_1_356' title='bbox 1068 2764 1100 2794; x_wconf 91' lang='lat' dir='ltr'>in</span> <span class='ocrx_word' id='word_1_357' title='bbox 1112 2764 1220 2803; x_wconf 87' lang='lat' dir='ltr'>ipsius</span> 
     </span>
     <span class='ocr_line' id='line_1_51' title="bbox 212 2814 1220 2855; baseline 0.006 -13"><span class='ocrx_word' id='word_1_358' title='bbox 212 2824 227 2842; x_wconf 88' lang='lat'>»</span> <span class='ocrx_word' id='word_1_359' title='bbox 248 2814 471 2852; x_wconf 81' lang='lat' dir='ltr'>prejudicium</span> <span class='ocrx_word' id='word_1_360' title='bbox 487 2817 518 2845; x_wconf 86' lang='lat' dir='ltr'>et</span> <span class='ocrx_word' id='word_1_361' title='bbox 534 2824 718 2853; x_wconf 73' lang='lat' dir='ltr'>gravamen</span> <span class='ocrx_word' id='word_1_362' title='bbox 736 2819 860 2846; x_wconf 81' lang='lat' dir='ltr'>temere</span> <span class='ocrx_word' id='word_1_363' title='bbox 878 2817 1050 2855; x_wconf 71' lang='lat' dir='ltr'>occupavit</span> <span class='ocrx_word' id='word_1_364' title='bbox 1069 2820 1099 2847; x_wconf 87' lang='lat' dir='ltr'>et</span> <span class='ocrx_word' id='word_1_365' title='bbox 1115 2818 1220 2848; x_wconf 84' lang='lat' dir='ltr'>adhuc</span> 
     </span>
     <span class='ocr_line' id='line_1_52' title="bbox 212 2867 1220 2909; baseline 0.005 -13"><span class='ocrx_word' id='word_1_366' title='bbox 212 2877 227 2896; x_wconf 88' lang='lat'>»</span> <span class='ocrx_word' id='word_1_367' title='bbox 247 2867 373 2897; x_wconf 80' lang='lat' dir='ltr'>detinet</span> <span class='ocrx_word' id='word_1_368' title='bbox 386 2869 590 2905; x_wconf 84' lang='lat' dir='ltr'>occupatam.</span> <span class='ocrx_word' id='word_1_369' title='bbox 608 2868 716 2903; x_wconf 80' lang='lat' dir='ltr'>Quare</span> <span class='ocrx_word' id='word_1_370' title='bbox 733 2869 815 2907; x_wconf 89' lang='lat' dir='ltr'>petit</span> <span class='ocrx_word' id='word_1_371' title='bbox 827 2869 1043 2907; x_wconf 88' lang='lat' dir='ltr'>supradictus</span> <span class='ocrx_word' id='word_1_372' title='bbox 1059 2871 1220 2909; x_wconf 85' lang='lat' dir='ltr'>magister</span> 
     </span>
     <span class='ocr_line' id='line_1_53' title="bbox 213 2919 1219 2962; baseline 0.006 -14"><span class='ocrx_word' id='word_1_373' title='bbox 213 2929 227 2948; x_wconf 82' lang='lat'>&gt;›</span> <span class='ocrx_word' id='word_1_374' title='bbox 244 2919 393 2950; x_wconf 63' lang='lat' dir='ltr'>,Iacobus</span> <span class='ocrx_word' id='word_1_375' title='bbox 416 2920 643 2958; x_wconf 79' lang='lat' dir='ltr'>supradictam</span> <span class='ocrx_word' id='word_1_376' title='bbox 664 2921 840 2951; x_wconf 80' lang='lat' dir='ltr'>ecclesiam</span> <span class='ocrx_word' id='word_1_377' title='bbox 866 2921 932 2952; x_wconf 87' lang='lat' dir='ltr'>sibi</span> <span class='ocrx_word' id='word_1_378' title='bbox 952 2923 1085 2953; x_wconf 87' lang='lat' dir='ltr'>restitui</span> <span class='ocrx_word' id='word_1_379' title='bbox 1111 2924 1141 2954; x_wconf 90' lang='lat' dir='ltr'>et</span> <span class='ocrx_word' id='word_1_380' title='bbox 1160 2932 1219 2962; x_wconf 88' lang='lat' dir='ltr'>per</span> 
     </span>
    </p>
   </div>
   <div class='ocr_carea' id='block_1_11' title="bbox 1255 1474 1261 2104">
    <p class='ocr_par' dir='ltr' id='par_1_11' title="bbox 1255 1474 1261 2104">
     <span class='ocr_line' id='line_1_54' title="bbox 1255 1474 1261 2104; baseline 0 0"><span class='ocrx_word' id='word_1_381' title='bbox 1255 1474 1261 2104; x_wconf 95' lang='lat' dir='ltr'> </span> 
     </span>
    </p>
   </div>
   <div class='ocr_carea' id='block_1_12' title="bbox 1286 323 2324 1954">
    <p class='ocr_par' dir='ltr' id='par_1_12' title="bbox 1293 323 2313 1204">
     <span class='ocr_line' id='line_1_55' title="bbox 1297 323 2309 363; baseline 0.005 -11"><span class='ocrx_word' id='word_1_382' title='bbox 1297 333 1312 352; x_wconf 87' lang='lat'>»</span> <span class='ocrx_word' id='word_1_383' title='bbox 1333 324 1553 355; x_wconf 83' lang='lat' dir='ltr'>diffinitivam</span> <span class='ocrx_word' id='word_1_384' title='bbox 1570 323 1772 354; x_wconf 86' lang='lat' dir='ltr'>sententiam</span> <span class='ocrx_word' id='word_1_385' title='bbox 1792 323 1957 354; x_wconf 89' lang='lat' dir='ltr'>declarari</span> <span class='ocrx_word' id='word_1_386' title='bbox 1976 323 2016 353; x_wconf 90' lang='lat' dir='ltr'>ad</span> <span class='ocrx_word' id='word_1_387' title='bbox 2033 332 2069 354; x_wconf 89' lang='lat' dir='ltr'>se</span> <span class='ocrx_word' id='word_1_388' title='bbox 2085 325 2255 363; x_wconf 88' lang='lat' dir='ltr'>pertinere</span> <span class='ocrx_word' id='word_1_389' title='bbox 2278 329 2309 357; x_wconf 87' lang='lat' dir='ltr'>et</span> 
     </span>
     <span class='ocr_line' id='line_1_56' title="bbox 1296 376 2311 416; baseline 0.004 -11"><span class='ocrx_word' id='word_1_390' title='bbox 1296 386 1311 405; x_wconf 91' lang='lat'>»</span> <span class='ocrx_word' id='word_1_391' title='bbox 1331 377 1396 407; x_wconf 90' lang='lat' dir='ltr'>sibi</span> <span class='ocrx_word' id='word_1_392' title='bbox 1419 377 1618 416; x_wconf 81' lang='lat' dir='ltr'>adjudicari,</span> <span class='ocrx_word' id='word_1_393' title='bbox 1639 378 1670 407; x_wconf 89' lang='lat' dir='ltr'>et</span> <span class='ocrx_word' id='word_1_394' title='bbox 1689 376 1799 407; x_wconf 84' lang='lat' dir='ltr'>eidem</span> <span class='ocrx_word' id='word_1_395' title='bbox 1818 376 1981 416; x_wconf 86' lang='lat' dir='ltr'>magistro</span> <span class='ocrx_word' id='word_1_396' title='bbox 2000 376 2148 407; x_wconf 87' lang='lat' dir='ltr'>Roberto</span> <span class='ocrx_word' id='word_1_397' title='bbox 2166 380 2198 408; x_wconf 88' lang='lat' dir='ltr'>et</span> <span class='ocrx_word' id='word_1_398' title='bbox 2214 379 2311 409; x_wconf 91' lang='lat' dir='ltr'>cuili-</span> 
     </span>
     <span class='ocr_line' id='line_1_57' title="bbox 1295 429 2309 469; baseline 0.002 -9"><span class='ocrx_word' id='word_1_399' title='bbox 1295 439 1311 459; x_wconf 86' lang='lat'>»</span> <span class='ocrx_word' id='word_1_400' title='bbox 1329 429 1383 460; x_wconf 88' lang='lat' dir='ltr'>bet</span> <span class='ocrx_word' id='word_1_401' title='bbox 1403 430 1461 460; x_wconf 89' lang='lat' dir='ltr'>alii</span> <span class='ocrx_word' id='word_1_402' title='bbox 1487 438 1590 469; x_wconf 87' lang='lat' dir='ltr'>super</span> <span class='ocrx_word' id='word_1_403' title='bbox 1613 430 1729 460; x_wconf 87' lang='lat' dir='ltr'>eadem</span> <span class='ocrx_word' id='word_1_404' title='bbox 1748 429 1891 459; x_wconf 88' lang='lat' dir='ltr'>ecclesia</span> <span class='ocrx_word' id='word_1_405' title='bbox 1912 430 2113 468; x_wconf 87' lang='lat' dir='ltr'>perpetuum</span> <span class='ocrx_word' id='word_1_406' title='bbox 2133 430 2309 462; x_wconf 88' lang='lat' dir='ltr'>silentium</span> 
     </span>
     <span class='ocr_line' id='line_1_58' title="bbox 1295 482 2308 521; baseline 0.003 -9"><span class='ocrx_word' id='word_1_407' title='bbox 1295 493 1310 512; x_wconf 77' lang='lat' dir='ltr'>n</span> <span class='ocrx_word' id='word_1_408' title='bbox 1330 483 1471 521; x_wconf 84' lang='lat' dir='ltr'>imponi,</span> <span class='ocrx_word' id='word_1_409' title='bbox 1487 492 1562 514; x_wconf 89' lang='lat' dir='ltr'>cum</span> <span class='ocrx_word' id='word_1_410' title='bbox 1578 482 1711 512; x_wconf 88' lang='lat' dir='ltr'>nullum</span> <span class='ocrx_word' id='word_1_411' title='bbox 1722 483 1779 521; x_wconf 88' lang='lat' dir='ltr'>jus</span> <span class='ocrx_word' id='word_1_412' title='bbox 1794 482 1916 512; x_wconf 88' lang='lat' dir='ltr'>habeat</span> <span class='ocrx_word' id='word_1_413' title='bbox 1931 482 1966 512; x_wconf 93' lang='lat' dir='ltr'>in</span> <span class='ocrx_word' id='word_1_414' title='bbox 1978 482 2107 518; x_wconf 88' lang='lat' dir='ltr'>eadem,</span> <span class='ocrx_word' id='word_1_415' title='bbox 2124 484 2157 513; x_wconf 89' lang='lat' dir='ltr'>et</span> <span class='ocrx_word' id='word_1_416' title='bbox 2174 483 2308 515; x_wconf 89' lang='lat' dir='ltr'>decerni</span> 
     </span>
     <span class='ocr_line' id='line_1_59' title="bbox 1295 535 2308 574; baseline 0.002 -9"><span class='ocrx_word' id='word_1_417' title='bbox 1295 544 1310 564; x_wconf 79' lang='lat'>›)</span> <span class='ocrx_word' id='word_1_418' title='bbox 1330 535 1466 565; x_wconf 88' lang='lat' dir='ltr'>irritum</span> <span class='ocrx_word' id='word_1_419' title='bbox 1477 538 1507 566; x_wconf 89' lang='lat' dir='ltr'>et</span> <span class='ocrx_word' id='word_1_420' title='bbox 1522 536 1621 566; x_wconf 84' lang='lat' dir='ltr'>inane</span> <span class='ocrx_word' id='word_1_421' title='bbox 1639 535 1753 574; x_wconf 88' lang='lat' dir='ltr'>siquid</span> <span class='ocrx_word' id='word_1_422' title='bbox 1769 537 1846 574; x_wconf 89' lang='lat' dir='ltr'>post</span> <span class='ocrx_word' id='word_1_423' title='bbox 1861 535 2076 565; x_wconf 86' lang='lat' dir='ltr'>collationem</span> <span class='ocrx_word' id='word_1_424' title='bbox 2090 535 2157 565; x_wconf 88' lang='lat' dir='ltr'>sibi</span> <span class='ocrx_word' id='word_1_425' title='bbox 2173 536 2308 574; x_wconf 85' lang='lat' dir='ltr'>factam,</span> 
     </span>
     <span class='ocr_line' id='line_1_60' title="bbox 1295 588 2312 628; baseline 0.001 -9"><span class='ocrx_word' id='word_1_426' title='bbox 1295 599 1310 618; x_wconf 88' lang='lat'>»</span> <span class='ocrx_word' id='word_1_427' title='bbox 1329 597 1432 627; x_wconf 88' lang='lat' dir='ltr'>super</span> <span class='ocrx_word' id='word_1_428' title='bbox 1441 589 1570 626; x_wconf 85' lang='lat' dir='ltr'>eadem,</span> <span class='ocrx_word' id='word_1_429' title='bbox 1584 589 1618 619; x_wconf 89' lang='lat' dir='ltr'>in</span> <span class='ocrx_word' id='word_1_430' title='bbox 1634 589 1744 627; x_wconf 90' lang='lat' dir='ltr'>ipsius</span> <span class='ocrx_word' id='word_1_431' title='bbox 1756 588 1994 627; x_wconf 80' lang='lat' dir='ltr'>prejudicium,</span> <span class='ocrx_word' id='word_1_432' title='bbox 2007 597 2025 618; x_wconf 89' lang='lat' dir='ltr'>a</span> <span class='ocrx_word' id='word_1_433' title='bbox 2039 597 2209 628; x_wconf 86' lang='lat' dir='ltr'>quoquam</span> <span class='ocrx_word' id='word_1_434' title='bbox 2226 590 2312 620; x_wconf 83' lang='lat' dir='ltr'>exti-</span> 
     </span>
     <span class='ocr_line' id='line_1_61' title="bbox 1295 642 2309 681; baseline 0.002 -10"><span class='ocrx_word' id='word_1_435' title='bbox 1295 651 1310 671; x_wconf 87' lang='lat'>»</span> <span class='ocrx_word' id='word_1_436' title='bbox 1328 642 1368 672; x_wconf 85' lang='lat' dir='ltr'>tit</span> <span class='ocrx_word' id='word_1_437' title='bbox 1397 643 1647 680; x_wconf 88' lang='lat' dir='ltr'>attemptatum.</span> <span class='ocrx_word' id='word_1_438' title='bbox 1683 642 1773 672; x_wconf 88' lang='lat' dir='ltr'>Petit</span> <span class='ocrx_word' id='word_1_439' title='bbox 1809 642 1912 672; x_wconf 85' lang='lat' dir='ltr'>etiam</span> <span class='ocrx_word' id='word_1_440' title='bbox 1946 642 2074 672; x_wconf 85' lang='lat' dir='ltr'>dictum</span> <span class='ocrx_word' id='word_1_441' title='bbox 2108 642 2309 681; x_wconf 81' lang='lat' dir='ltr'>magistrum</span> 
     </span>
     <span class='ocr_line' id='line_1_62' title="bbox 1295 694 2313 734; baseline 0.001 -10"><span class='ocrx_word' id='word_1_442' title='bbox 1295 704 1310 723; x_wconf 89' lang='lat'>»</span> <span class='ocrx_word' id='word_1_443' title='bbox 1329 694 1517 725; x_wconf 86' lang='lat' dir='ltr'>Robertum</span> <span class='ocrx_word' id='word_1_444' title='bbox 1543 694 1610 725; x_wconf 88' lang='lat' dir='ltr'>sibi</span> <span class='ocrx_word' id='word_1_445' title='bbox 1630 695 1868 734; x_wconf 85' lang='lat' dir='ltr'>condempnari</span> <span class='ocrx_word' id='word_1_446' title='bbox 1893 695 1935 724; x_wconf 88' lang='lat' dir='ltr'>ad</span> <span class='ocrx_word' id='word_1_447' title='bbox 1952 695 2203 725; x_wconf 88' lang='lat' dir='ltr'>restitutionem</span> <span class='ocrx_word' id='word_1_448' title='bbox 2221 694 2313 725; x_wconf 89' lang='lat' dir='ltr'>obla-</span> 
     </span>
     <span class='ocr_line' id='line_1_63' title="bbox 1295 747 2310 787; baseline 0.002 -11"><span class='ocrx_word' id='word_1_449' title='bbox 1295 757 1310 776; x_wconf 85' lang='lat'>»</span> <span class='ocrx_word' id='word_1_450' title='bbox 1328 747 1459 777; x_wconf 88' lang='lat' dir='ltr'>tionum</span> <span class='ocrx_word' id='word_1_451' title='bbox 1485 749 1517 777; x_wconf 91' lang='lat' dir='ltr'>et</span> <span class='ocrx_word' id='word_1_452' title='bbox 1544 747 1787 778; x_wconf 76' lang='lat' dir='ltr'>obventionum</span> <span class='ocrx_word' id='word_1_453' title='bbox 1810 749 1842 778; x_wconf 88' lang='lat' dir='ltr'>et</span> <span class='ocrx_word' id='word_1_454' title='bbox 1867 747 2039 778; x_wconf 86' lang='lat' dir='ltr'>fructuum</span> <span class='ocrx_word' id='word_1_455' title='bbox 2056 749 2209 778; x_wconf 89' lang='lat' dir='ltr'>omnium</span> <span class='ocrx_word' id='word_1_456' title='bbox 2234 756 2310 787; x_wconf 88' lang='lat' dir='ltr'>per-</span> 
     </span>
     <span class='ocr_line' id='line_1_64' title="bbox 1295 800 2312 840; baseline 0.002 -11"><span class='ocrx_word' id='word_1_457' title='bbox 1295 811 1310 830; x_wconf 90' lang='lat'>»</span> <span class='ocrx_word' id='word_1_458' title='bbox 1329 803 1502 839; x_wconf 87' lang='lat' dir='ltr'>ceptorum</span> <span class='ocrx_word' id='word_1_459' title='bbox 1530 800 1571 831; x_wconf 90' lang='lat' dir='ltr'>ab</span> <span class='ocrx_word' id='word_1_460' title='bbox 1597 800 1727 834; x_wconf 85' lang='lat' dir='ltr'>eadem,</span> <span class='ocrx_word' id='word_1_461' title='bbox 1755 801 1808 830; x_wconf 74' lang='lat' dir='ltr'>vel</span> <span class='ocrx_word' id='word_1_462' title='bbox 1836 801 1896 839; x_wconf 90' lang='lat' dir='ltr'>qui</span> <span class='ocrx_word' id='word_1_463' title='bbox 1926 801 2054 840; x_wconf 86' lang='lat' dir='ltr'>percipi</span> <span class='ocrx_word' id='word_1_464' title='bbox 2081 803 2265 840; x_wconf 85' lang='lat' dir='ltr'>potuerunt</span> <span class='ocrx_word' id='word_1_465' title='bbox 2291 810 2312 831; x_wconf 90' lang='lat' dir='ltr'>a</span> 
     </span>
     <span class='ocr_line' id='line_1_65' title="bbox 1295 852 2312 892; baseline 0.001 -9"><span class='ocrx_word' id='word_1_466' title='bbox 1295 863 1311 883; x_wconf 84' lang='lat'>»</span> <span class='ocrx_word' id='word_1_467' title='bbox 1328 856 1480 892; x_wconf 87' lang='lat' dir='ltr'>tempore</span> <span class='ocrx_word' id='word_1_468' title='bbox 1513 853 1707 884; x_wconf 87' lang='lat' dir='ltr'>collationis</span> <span class='ocrx_word' id='word_1_469' title='bbox 1738 852 1805 883; x_wconf 88' lang='lat' dir='ltr'>sibi</span> <span class='ocrx_word' id='word_1_470' title='bbox 1835 853 1934 889; x_wconf 81' lang='lat' dir='ltr'>facte,</span> <span class='ocrx_word' id='word_1_471' title='bbox 1965 863 2050 892; x_wconf 83' lang='lat' dir='ltr'>quos</span> <span class='ocrx_word' id='word_1_472' title='bbox 2081 854 2223 884; x_wconf 85' lang='lat' dir='ltr'>extimat</span> <span class='ocrx_word' id='word_1_473' title='bbox 2251 862 2312 885; x_wconf 80' lang='lat' dir='ltr'>sex</span> 
     </span>
     <span class='ocr_line' id='line_1_66' title="bbox 1295 907 2311 947; baseline 0.002 -11"><span class='ocrx_word' id='word_1_474' title='bbox 1295 917 1310 936; x_wconf 88' lang='lat'>»</span> <span class='ocrx_word' id='word_1_475' title='bbox 1331 907 1450 946; x_wconf 86' lang='lat' dir='ltr'>viginti</span> <span class='ocrx_word' id='word_1_476' title='bbox 1466 916 1597 938; x_wconf 88' lang='lat' dir='ltr'>marcas</span> <span class='ocrx_word' id='word_1_477' title='bbox 1613 907 1866 946; x_wconf 86' lang='lat' dir='ltr'>sterlingorum.</span> <span class='ocrx_word' id='word_1_478' title='bbox 1882 907 1973 938; x_wconf 86' lang='lat' dir='ltr'>Petit</span> <span class='ocrx_word' id='word_1_479' title='bbox 1990 907 2093 938; x_wconf 87' lang='lat' dir='ltr'>etiam</span> <span class='ocrx_word' id='word_1_480' title='bbox 2110 908 2223 947; x_wconf 90' lang='lat' dir='ltr'>ipsum</span> <span class='ocrx_word' id='word_1_481' title='bbox 2243 907 2311 938; x_wconf 89' lang='lat' dir='ltr'>sibi</span> 
     </span>
     <span class='ocr_line' id='line_1_67' title="bbox 1295 960 2309 1000; baseline 0.002 -11"><span class='ocrx_word' id='word_1_482' title='bbox 1295 970 1309 989; x_wconf 78' lang='lat' dir='ltr'>n</span> <span class='ocrx_word' id='word_1_483' title='bbox 1331 961 1580 991; x_wconf 88' lang='lat' dir='ltr'>sententialiter</span> <span class='ocrx_word' id='word_1_484' title='bbox 1601 961 1844 999; x_wconf 90' lang='lat' dir='ltr'>condempnari</span> <span class='ocrx_word' id='word_1_485' title='bbox 1863 961 1904 990; x_wconf 90' lang='lat' dir='ltr'>ad</span> <span class='ocrx_word' id='word_1_486' title='bbox 1927 960 2093 991; x_wconf 88' lang='lat' dir='ltr'>interesse</span> <span class='ocrx_word' id='word_1_487' title='bbox 2111 962 2144 991; x_wconf 88' lang='lat' dir='ltr'>et</span> <span class='ocrx_word' id='word_1_488' title='bbox 2160 961 2309 1000; x_wconf 88' lang='lat' dir='ltr'>dampna</span> 
     </span>
     <span class='ocr_line' id='line_1_68' title="bbox 1294 1013 2310 1052; baseline 0.002 -10"><span class='ocrx_word' id='word_1_489' title='bbox 1294 1022 1392 1052; x_wconf 91' lang='lat' dir='ltr'>»que</span> <span class='ocrx_word' id='word_1_490' title='bbox 1418 1014 1593 1044; x_wconf 88' lang='lat' dir='ltr'>occasione</span> <span class='ocrx_word' id='word_1_491' title='bbox 1618 1013 1767 1052; x_wconf 87' lang='lat' dir='ltr'>predicte</span> <span class='ocrx_word' id='word_1_492' title='bbox 1792 1013 2024 1052; x_wconf 89' lang='lat' dir='ltr'>occupationis</span> <span class='ocrx_word' id='word_1_493' title='bbox 2047 1014 2079 1043; x_wconf 90' lang='lat' dir='ltr'>et</span> <span class='ocrx_word' id='word_1_494' title='bbox 2103 1013 2310 1044; x_wconf 86' lang='lat' dir='ltr'>detentionis</span> 
     </span>
     <span class='ocr_line' id='line_1_69' title="bbox 1294 1066 2311 1106; baseline 0.001 -10"><span class='ocrx_word' id='word_1_495' title='bbox 1294 1077 1309 1096; x_wconf 89' lang='lat'>»</span> <span class='ocrx_word' id='word_1_496' title='bbox 1327 1067 1491 1097; x_wconf 88' lang='lat' dir='ltr'>sustinuit</span> <span class='ocrx_word' id='word_1_497' title='bbox 1505 1068 1538 1098; x_wconf 85' lang='lat' dir='ltr'>et</span> <span class='ocrx_word' id='word_1_498' title='bbox 1552 1067 1594 1097; x_wconf 91' lang='lat' dir='ltr'>ad</span> <span class='ocrx_word' id='word_1_499' title='bbox 1611 1075 1790 1105; x_wconf 84' lang='lat' dir='ltr'>expensas,</span> <span class='ocrx_word' id='word_1_500' title='bbox 1812 1075 1876 1106; x_wconf 89' lang='lat' dir='ltr'>que</span> <span class='ocrx_word' id='word_1_501' title='bbox 1894 1066 2008 1096; x_wconf 85' lang='lat' dir='ltr'>onmia</span> <span class='ocrx_word' id='word_1_502' title='bbox 2024 1066 2167 1097; x_wconf 81' lang='lat' dir='ltr'>extimat</span> <span class='ocrx_word' id='word_1_503' title='bbox 2182 1068 2311 1098; x_wconf 88' lang='lat' dir='ltr'>trecen·</span> 
     </span>
     <span class='ocr_line' id='line_1_70' title="bbox 1294 1119 2311 1159; baseline 0 -9"><span class='ocrx_word' id='word_1_504' title='bbox 1294 1130 1309 1149; x_wconf 77' lang='grc' dir='ltr'><strong>υ</strong></span> <span class='ocrx_word' id='word_1_505' title='bbox 1327 1122 1379 1150; x_wconf 88' lang='lat' dir='ltr'>tas</span> <span class='ocrx_word' id='word_1_506' title='bbox 1396 1128 1528 1150; x_wconf 88' lang='lat' dir='ltr'>marcas</span> <span class='ocrx_word' id='word_1_507' title='bbox 1546 1120 1802 1159; x_wconf 87' lang='lat' dir='ltr'>sterlingorum,</span> <span class='ocrx_word' id='word_1_508' title='bbox 1827 1121 2020 1158; x_wconf 87' lang='lat' dir='ltr'>protestans</span> <span class='ocrx_word' id='word_1_509' title='bbox 2037 1119 2078 1150; x_wconf 89' lang='lat' dir='ltr'>de</span> <span class='ocrx_word' id='word_1_510' title='bbox 2095 1119 2257 1158; x_wconf 82' lang='lat' dir='ltr'>expensis</span> <span class='ocrx_word' id='word_1_511' title='bbox 2273 1120 2311 1150; x_wconf 91' lang='grc'>111</span> 
     </span>
     <span class='ocr_line' id='line_1_71' title="bbox 1293 1173 1855 1204; baseline 0 -2"><span class='ocrx_word' id='word_1_512' title='bbox 1293 1183 1308 1202; x_wconf 89' lang='lat'>»</span> <span class='ocrx_word' id='word_1_513' title='bbox 1328 1174 1387 1204; x_wconf 89' lang='lat' dir='ltr'>lite</span> <span class='ocrx_word' id='word_1_514' title='bbox 1406 1173 1569 1203; x_wconf 88' lang='lat' dir='ltr'>faciendis</span> <span class='ocrx_word' id='word_1_515' title='bbox 1585 1175 1616 1203; x_wconf 90' lang='lat' dir='ltr'>et</span> <span class='ocrx_word' id='word_1_516' title='bbox 1632 1173 1693 1203; x_wconf 87' lang='lat' dir='ltr'>hoc</span> <span class='ocrx_word' id='word_1_517' title='bbox 1710 1173 1790 1203; x_wconf 92' lang='lat' dir='ltr'>dicit</span> <span class='ocrx_word' id='word_1_518' title='bbox 1807 1191 1855 1202; x_wconf 92' lang='lat'>—.</span> 
     </span>
    </p>

    <p class='ocr_par' dir='ltr' id='par_1_13' title="bbox 1286 1225 2324 1954">
     <span class='ocr_line' id='line_1_72' title="bbox 1331 1225 2308 1265; baseline 0 -9"><span class='ocrx_word' id='word_1_519' title='bbox 1331 1236 1348 1256; x_wconf 89' lang='lat'>«</span> <span class='ocrx_word' id='word_1_520' title='bbox 1361 1227 1501 1261; x_wconf 66' lang='lat' dir='ltr'>Verum,</span> <span class='ocrx_word' id='word_1_521' title='bbox 1513 1226 1643 1265; x_wconf 79' lang='lat' dir='ltr'>prefato</span> <span class='ocrx_word' id='word_1_522' title='bbox 1657 1226 1794 1256; x_wconf 87' lang='lat' dir='ltr'>domino</span> <span class='ocrx_word' id='word_1_523' title='bbox 1809 1225 1973 1256; x_wconf 86' lang='lat' dir='ltr'>cardinali</span> <span class='ocrx_word' id='word_1_524' title='bbox 1988 1234 2024 1255; x_wconf 80' lang='lat' dir='ltr'>se</span> <span class='ocrx_word' id='word_1_525' title='bbox 2038 1225 2079 1256; x_wconf 88' lang='lat' dir='ltr'>ad</span> <span class='ocrx_word' id='word_1_526' title='bbox 2096 1227 2209 1264; x_wconf 87' lang='lat' dir='ltr'>partes</span> <span class='ocrx_word' id='word_1_527' title='bbox 2221 1225 2308 1256; x_wconf 89' lang='lat' dir='ltr'>alias</span> 
     </span>
     <span class='ocr_line' id='line_1_73' title="bbox 1292 1279 2308 1318; baseline 0 -9"><span class='ocrx_word' id='word_1_528' title='bbox 1292 1288 1310 1309; x_wconf 89' lang='lat' dir='ltr'>a</span> <span class='ocrx_word' id='word_1_529' title='bbox 1332 1280 1424 1310; x_wconf 88' lang='lat' dir='ltr'>curia</span> <span class='ocrx_word' id='word_1_530' title='bbox 1448 1279 1687 1315; x_wconf 81' lang='lat' dir='ltr'>transferente,</span> <span class='ocrx_word' id='word_1_531' title='bbox 1706 1279 1797 1310; x_wconf 91' lang='lat' dir='ltr'>idem</span> <span class='ocrx_word' id='word_1_532' title='bbox 1817 1279 2058 1309; x_wconf 87' lang='lat' dir='ltr'>sanctissimus</span> <span class='ocrx_word' id='word_1_533' title='bbox 2083 1280 2179 1318; x_wconf 86' lang='lat' dir='ltr'>pater</span> <span class='ocrx_word' id='word_1_534' title='bbox 2201 1279 2308 1309; x_wconf 90' lang='lat' dir='ltr'>domi·</span> 
     </span>
     <span class='ocr_line' id='line_1_74' title="bbox 1290 1332 2305 1371; baseline -0.001 -8"><span class='ocrx_word' id='word_1_535' title='bbox 1290 1341 1355 1363; x_wconf 89' lang='lat' dir='ltr'>nus</span> <span class='ocrx_word' id='word_1_536' title='bbox 1372 1332 1530 1364; x_wconf 88' lang='lat' dir='ltr'>Urbanus</span> <span class='ocrx_word' id='word_1_537' title='bbox 1555 1341 1642 1371; x_wconf 89' lang='lat' dir='ltr'>papa</span> <span class='ocrx_word' id='word_1_538' title='bbox 1665 1333 1743 1369; x_wconf 89' lang='lat' dir='ltr'>IIII,</span> <span class='ocrx_word' id='word_1_539' title='bbox 1774 1341 1847 1368; x_wconf 89' lang='lat' dir='ltr'>nos,</span> <span class='ocrx_word' id='word_1_540' title='bbox 1875 1332 2078 1371; x_wconf 85' lang='lat' dir='ltr'>magistrum</span> <span class='ocrx_word' id='word_1_541' title='bbox 2099 1332 2305 1369; x_wconf 84' lang='lat' dir='ltr'>Navarrum,</span> 
     </span>
     <span class='ocr_line' id='line_1_75' title="bbox 1290 1384 2306 1424; baseline 0 -9"><span class='ocrx_word' id='word_1_542' title='bbox 1290 1385 1503 1423; x_wconf 84' lang='lat' dir='ltr'>capellanum</span> <span class='ocrx_word' id='word_1_543' title='bbox 1530 1393 1630 1415; x_wconf 90' lang='lat' dir='ltr'>suum</span> <span class='ocrx_word' id='word_1_544' title='bbox 1650 1394 1685 1415; x_wconf 84' lang='lat' dir='ltr'>ac</span> <span class='ocrx_word' id='word_1_545' title='bbox 1705 1384 1895 1415; x_wconf 77' lang='lat' dir='ltr'>auditorem</span> <span class='ocrx_word' id='word_1_546' title='bbox 1922 1393 2102 1415; x_wconf 80' lang='lat' dir='ltr'>causarum</span> <span class='ocrx_word' id='word_1_547' title='bbox 2122 1385 2233 1423; x_wconf 88' lang='lat' dir='ltr'>ipsius</span> <span class='ocrx_word' id='word_1_548' title='bbox 2249 1392 2306 1424; x_wconf 86' lang='lat' dir='ltr'>pa-</span> 
     </span>
     <span class='ocr_line' id='line_1_76' title="bbox 1290 1437 2307 1477; baseline 0.001 -10"><span class='ocrx_word' id='word_1_549' title='bbox 1290 1438 1364 1468; x_wconf 88' lang='lat' dir='ltr'>latii</span> <span class='ocrx_word' id='word_1_550' title='bbox 1380 1438 1584 1477; x_wconf 84' lang='lat' dir='ltr'>generalem,</span> <span class='ocrx_word' id='word_1_551' title='bbox 1603 1437 1799 1476; x_wconf 77' lang='lat' dir='ltr'>subrogavit</span> <span class='ocrx_word' id='word_1_552' title='bbox 1814 1438 1848 1467; x_wconf 91' lang='lat' dir='ltr'>in</span> <span class='ocrx_word' id='word_1_553' title='bbox 1866 1438 1978 1467; x_wconf 82' lang='lat' dir='ltr'>causis</span> <span class='ocrx_word' id='word_1_554' title='bbox 1996 1437 2155 1468; x_wconf 85' lang='lat' dir='ltr'>omnibus</span> <span class='ocrx_word' id='word_1_555' title='bbox 2170 1438 2307 1468; x_wconf 86' lang='lat' dir='ltr'>audien-</span> 
     </span>
     <span class='ocr_line' id='line_1_77' title="bbox 1290 1487 2324 1528; baseline 0 -8"><span class='ocrx_word' id='word_1_556' title='bbox 1290 1491 1343 1521; x_wconf 84' lang='lat' dir='ltr'>dis</span> <span class='ocrx_word' id='word_1_557' title='bbox 1364 1493 1395 1521; x_wconf 84' lang='lat' dir='ltr'>et</span> <span class='ocrx_word' id='word_1_558' title='bbox 1412 1491 1622 1521; x_wconf 76' lang='lat' dir='ltr'>diffiniendis</span> <span class='ocrx_word' id='word_1_559' title='bbox 1639 1491 1749 1521; x_wconf 80' lang='lat' dir='ltr'>cidem</span> <span class='ocrx_word' id='word_1_560' title='bbox 1762 1490 1899 1521; x_wconf 89' lang='lat' dir='ltr'>domino</span> <span class='ocrx_word' id='word_1_561' title='bbox 1912 1491 2076 1521; x_wconf 85' lang='lat' dir='ltr'>cardinali</span> <span class='ocrx_word' id='word_1_562' title='bbox 2095 1491 2304 1528; x_wconf 73' lang='lat' dir='ltr'>commissis,</span> <span class='ocrx_word' id='word_1_563' title='bbox 2319 1487 2324 1491; x_wconf 63' lang='lat'><strong>⁴</strong></span> 
     </span>
     <span class='ocr_line' id='line_1_78' title="bbox 1290 1543 2305 1582; baseline 0.002 -9"><span class='ocrx_word' id='word_1_564' title='bbox 1290 1552 1397 1582; x_wconf 81' lang='lat' dir='ltr'>usque</span> <span class='ocrx_word' id='word_1_565' title='bbox 1421 1544 1461 1574; x_wconf 83' lang='lat' dir='ltr'>ad</span> <span class='ocrx_word' id='word_1_566' title='bbox 1492 1544 1643 1582; x_wconf 85' lang='lat' dir='ltr'>ejusdem</span> <span class='ocrx_word' id='word_1_567' title='bbox 1674 1543 1802 1573; x_wconf 90' lang='lat' dir='ltr'>domini</span> <span class='ocrx_word' id='word_1_568' title='bbox 1834 1543 1981 1573; x_wconf 86' lang='lat' dir='ltr'>reditum</span> <span class='ocrx_word' id='word_1_569' title='bbox 2007 1543 2202 1574; x_wconf 87' lang='lat' dir='ltr'>cardinalis.</span> <span class='ocrx_word' id='word_1_570' title='bbox 2232 1544 2305 1575; x_wconf 80' lang='lat' dir='ltr'>Nos</span> 
     </span>
     <span class='ocr_line' id='line_1_79' title="bbox 1289 1596 2306 1636; baseline 0 -9"><span class='ocrx_word' id='word_1_571' title='bbox 1289 1597 1402 1636; x_wconf 79' lang='lat' dir='ltr'>itaque</span> <span class='ocrx_word' id='word_1_572' title='bbox 1433 1597 1561 1627; x_wconf 87' lang='lat' dir='ltr'>dictum</span> <span class='ocrx_word' id='word_1_573' title='bbox 1586 1597 1788 1636; x_wconf 86' lang='lat' dir='ltr'>magistrum</span> <span class='ocrx_word' id='word_1_574' title='bbox 1814 1596 2003 1627; x_wconf 83' lang='lat' dir='ltr'>Robertum</span> <span class='ocrx_word' id='word_1_575' title='bbox 2031 1597 2162 1635; x_wconf 84' lang='lat' dir='ltr'>pluries</span> <span class='ocrx_word' id='word_1_576' title='bbox 2185 1605 2221 1627; x_wconf 87' lang='lat' dir='ltr'>ac</span> <span class='ocrx_word' id='word_1_577' title='bbox 2249 1605 2306 1636; x_wconf 89' lang='lat' dir='ltr'>pe-</span> 
     </span>
     <span class='ocr_line' id='line_1_80' title="bbox 1289 1649 2302 1689; baseline 0.001 -10"><span class='ocrx_word' id='word_1_578' title='bbox 1289 1650 1471 1688; x_wconf 87' lang='lat' dir='ltr'>remptorie</span> <span class='ocrx_word' id='word_1_579' title='bbox 1487 1650 1585 1680; x_wconf 86' lang='lat' dir='ltr'>citari</span> <span class='ocrx_word' id='word_1_580' title='bbox 1599 1650 1741 1679; x_wconf 79' lang='lat' dir='ltr'>fecimus</span> <span class='ocrx_word' id='word_1_581' title='bbox 1752 1651 1782 1679; x_wconf 89' lang='lat' dir='ltr'>et</span> <span class='ocrx_word' id='word_1_582' title='bbox 1794 1649 1942 1684; x_wconf 81' lang='lat' dir='ltr'>tandem,</span> <span class='ocrx_word' id='word_1_583' title='bbox 1954 1650 2090 1680; x_wconf 89' lang='lat' dir='ltr'>nemine</span> <span class='ocrx_word' id='word_1_584' title='bbox 2102 1658 2162 1689; x_wconf 92' lang='lat' dir='ltr'>pro</span> <span class='ocrx_word' id='word_1_585' title='bbox 2172 1649 2302 1686; x_wconf 86' lang='lat' dir='ltr'>eodem,</span> 
     </span>
     <span class='ocr_line' id='line_1_81' title="bbox 1289 1703 2303 1742; baseline 0.001 -10"><span class='ocrx_word' id='word_1_586' title='bbox 1289 1703 1376 1734; x_wconf 85' lang='lat' dir='ltr'>dicto</span> <span class='ocrx_word' id='word_1_587' title='bbox 1389 1703 1514 1733; x_wconf 82' lang='lat' dir='ltr'>Jacobo</span> <span class='ocrx_word' id='word_1_588' title='bbox 1531 1712 1592 1742; x_wconf 89' lang='lat' dir='ltr'>pro</span> <span class='ocrx_word' id='word_1_589' title='bbox 1607 1712 1642 1733; x_wconf 87' lang='lat' dir='ltr'>se</span> <span class='ocrx_word' id='word_1_590' title='bbox 1651 1703 2104 1742; x_wconf 86' lang='lat' dir='ltr'>personalitercomparente</span> <span class='ocrx_word' id='word_1_591' title='bbox 2115 1705 2145 1733; x_wconf 86' lang='lat' dir='ltr'>et</span> <span class='ocrx_word' id='word_1_592' title='bbox 2156 1703 2303 1733; x_wconf 86' lang='lat' dir='ltr'>instante</span> 
     </span>
     <span class='ocr_line' id='line_1_82' title="bbox 1288 1755 2300 1795; baseline 0 -9"><span class='ocrx_word' id='word_1_593' title='bbox 1288 1756 1373 1786; x_wconf 88' lang='lat' dir='ltr'>utin</span> <span class='ocrx_word' id='word_1_594' title='bbox 1390 1756 1523 1795; x_wconf 86' lang='lat' dir='ltr'>negotio</span> <span class='ocrx_word' id='word_1_595' title='bbox 1542 1756 1802 1795; x_wconf 85' lang='lat' dir='ltr'>procederemus</span> <span class='ocrx_word' id='word_1_596' title='bbox 1821 1756 1949 1792; x_wconf 87' lang='lat' dir='ltr'>eodem,</span> <span class='ocrx_word' id='word_1_597' title='bbox 1963 1765 1981 1786; x_wconf 90' lang='lat' dir='ltr'>a</span> <span class='ocrx_word' id='word_1_598' title='bbox 1998 1756 2149 1795; x_wconf 87' lang='lat' dir='ltr'>predicto</span> <span class='ocrx_word' id='word_1_599' title='bbox 2162 1755 2300 1792; x_wconf 69' lang='grc' dir='ltr'>ι1360110,</span> 
     </span>
     <span class='ocr_line' id='line_1_83' title="bbox 1288 1809 2299 1848; baseline 0 -9"><span class='ocrx_word' id='word_1_600' title='bbox 1288 1810 1473 1839; x_wconf 86' lang='lat' dir='ltr'>secundum</span> <span class='ocrx_word' id='word_1_601' title='bbox 1484 1810 1690 1848; x_wconf 84' lang='lat' dir='ltr'>exigentiam</span> <span class='ocrx_word' id='word_1_602' title='bbox 1705 1809 1843 1848; x_wconf 84' lang='lat' dir='ltr'>negotii,</span> <span class='ocrx_word' id='word_1_603' title='bbox 1855 1809 2299 1848; x_wconf 83' lang='lat' dir='ltr'>recepimusjuramentum.</span> 
     </span>
     <span class='ocr_line' id='line_1_84' title="bbox 1287 1861 2302 1901; baseline 0 -9"><span class='ocrx_word' id='word_1_604' title='bbox 1287 1863 1382 1892; x_wconf 64' lang='lat' dir='ltr'>Visis</span> <span class='ocrx_word' id='word_1_605' title='bbox 1409 1863 1511 1901; x_wconf 83' lang='lat' dir='ltr'>igitur</span> <span class='ocrx_word' id='word_1_606' title='bbox 1529 1861 1788 1901; x_wconf 78' lang='lat' dir='ltr'>probationilms</span> <span class='ocrx_word' id='word_1_607' title='bbox 1813 1864 1844 1892; x_wconf 92' lang='lat' dir='ltr'>et</span> <span class='ocrx_word' id='word_1_608' title='bbox 1869 1861 2004 1901; x_wconf 90' lang='lat' dir='ltr'>juribus</span> <span class='ocrx_word' id='word_1_609' title='bbox 2028 1871 2088 1901; x_wconf 88' lang='lat' dir='ltr'>pro</span> <span class='ocrx_word' id='word_1_610' title='bbox 2107 1863 2202 1901; x_wconf 88' lang='lat' dir='ltr'>parte</span> <span class='ocrx_word' id='word_1_611' title='bbox 2219 1862 2302 1893; x_wconf 87' lang='lat' dir='ltr'>dicti</span> 
     </span>
     <span class='ocr_line' id='line_1_85' title="bbox 1286 1915 2300 1954; baseline 0 -9"><span class='ocrx_word' id='word_1_612' title='bbox 1286 1915 1403 1946; x_wconf 61' lang='grc' dir='ltr'>ι11160111</span> <span class='ocrx_word' id='word_1_613' title='bbox 1421 1916 1609 1954; x_wconf 84' lang='lat' dir='ltr'>propositis</span> <span class='ocrx_word' id='word_1_614' title='bbox 1627 1924 1663 1945; x_wconf 79' lang='lat' dir='ltr'>ar</span> <span class='ocrx_word' id='word_1_615' title='bbox 1681 1915 1817 1954; x_wconf 82' lang='lat' dir='ltr'>plenius</span> <span class='ocrx_word' id='word_1_616' title='bbox 1835 1915 2019 1945; x_wconf 88' lang='lat' dir='ltr'>intellectis</span> <span class='ocrx_word' id='word_1_617' title='bbox 2037 1924 2073 1945; x_wconf 89' lang='lat' dir='ltr'>ac</span> <span class='ocrx_word' id='word_1_618' title='bbox 2090 1915 2140 1945; x_wconf 88' lang='lat' dir='ltr'>eis</span> <span class='ocrx_word' id='word_1_619' title='bbox 2159 1915 2300 1954; x_wconf 88' lang='lat' dir='ltr'>diligen-</span> 
     </span>
    </p>
   </div>
   <div class='ocr_carea' id='block_1_13' title="bbox 1256 1967 2298 2007">
    <p class='ocr_par' dir='ltr' id='par_1_14' title="bbox 1256 1967 2298 2007">
     <span class='ocr_line' id='line_1_86' title="bbox 1256 1967 2298 2007; baseline 0 -9"><span class='ocrx_word' id='word_1_620' title='bbox 1256 1971 1257 1974; x_wconf 77' lang='grc'>’</span> <span class='ocrx_word' id='word_1_621' title='bbox 1286 1969 1337 1998; x_wconf 87' lang='lat' dir='ltr'>ter</span> <span class='ocrx_word' id='word_1_622' title='bbox 1357 1968 1572 1999; x_wconf 75' lang='lat' dir='ltr'>examinatis,</span> <span class='ocrx_word' id='word_1_623' title='bbox 1601 1967 1782 2006; x_wconf 74' lang='lat' dir='ltr'>habitaque</span> <span class='ocrx_word' id='word_1_624' title='bbox 1808 1976 1910 2007; x_wconf 86' lang='lat' dir='ltr'>super</span> <span class='ocrx_word' id='word_1_625' title='bbox 1934 1967 2001 1997; x_wconf 88' lang='lat' dir='ltr'>hiis</span> <span class='ocrx_word' id='word_1_626' title='bbox 2018 1968 2206 2006; x_wconf 85' lang='lat' dir='ltr'>peritorum</span> <span class='ocrx_word' id='word_1_627' title='bbox 2223 1976 2298 1999; x_wconf 89' lang='lat' dir='ltr'>con-</span> 
     </span>
    </p>
   </div>
   <div class='ocr_carea' id='block_1_14' title="bbox 1286 2020 2300 2114">
    <p class='ocr_par' dir='ltr' id='par_1_15' title="bbox 1286 2020 2300 2114">
     <span class='ocr_line' id='line_1_87' title="bbox 1287 2020 2300 2060; baseline 0.002 -10"><span class='ocrx_word' id='word_1_628' title='bbox 1287 2021 1366 2051; x_wconf 77' lang='lat' dir='ltr'>silio</span> <span class='ocrx_word' id='word_1_629' title='bbox 1392 2024 1421 2051; x_wconf 90' lang='lat' dir='ltr'>et</span> <span class='ocrx_word' id='word_1_630' title='bbox 1443 2021 1541 2059; x_wconf 76' lang='lat' dir='ltr'>plena</span> <span class='ocrx_word' id='word_1_631' title='bbox 1570 2021 1813 2051; x_wconf 77' lang='lat' dir='ltr'>deliberatione</span> <span class='ocrx_word' id='word_1_632' title='bbox 1833 2020 2021 2057; x_wconf 83' lang='lat' dir='ltr'>nobiscum,</span> <span class='ocrx_word' id='word_1_633' title='bbox 2050 2023 2207 2059; x_wconf 85' lang='lat' dir='ltr'>presente</span> <span class='ocrx_word' id='word_1_634' title='bbox 2226 2030 2300 2060; x_wconf 85' lang='lat' dir='ltr'>pre·</span> 
     </span>
     <span class='ocr_line' id='line_1_88' title="bbox 1286 2074 2299 2114; baseline 0 -10"><span class='ocrx_word' id='word_1_635' title='bbox 1286 2075 1374 2105; x_wconf 90' lang='lat' dir='ltr'>dicto</span> <span class='ocrx_word' id='word_1_636' title='bbox 1392 2074 1517 2104; x_wconf 65' lang='grc'><strong>«11160110</strong></span> <span class='ocrx_word' id='word_1_637' title='bbox 1535 2083 1595 2113; x_wconf 85' lang='lat' dir='ltr'>pro</span> <span class='ocrx_word' id='word_1_638' title='bbox 1622 2083 1670 2110; x_wconf 75' lang='lat' dir='ltr'>se,</span> <span class='ocrx_word' id='word_1_639' title='bbox 1702 2083 1762 2112; x_wconf 88' lang='lat' dir='ltr'>pro</span> <span class='ocrx_word' id='word_1_640' title='bbox 1786 2074 1936 2113; x_wconf 86' lang='lat' dir='ltr'>predicto</span> <span class='ocrx_word' id='word_1_641' title='bbox 1956 2074 2120 2114; x_wconf 86' lang='lat' dir='ltr'>magistro</span> <span class='ocrx_word' id='word_1_642' title='bbox 2138 2074 2299 2110; x_wconf 83' lang='lat' dir='ltr'>Roberto,</span> 
     </span>
    </p>
   </div>
   <div class='ocr_carea' id='block_1_15' title="bbox 1285 2180 2299 2326">
    <p class='ocr_par' dir='ltr' id='par_1_16' title="bbox 1285 2180 2299 2326">
     <span class='ocr_line' id='line_1_89' title="bbox 1286 2180 2299 2219; baseline 0.001 -9"><span class='ocrx_word' id='word_1_643' title='bbox 1286 2181 1455 2210; x_wconf 78' lang='lat' dir='ltr'>aiulientia</span> <span class='ocrx_word' id='word_1_644' title='bbox 1468 2180 1601 2219; x_wconf 83' lang='lat' dir='ltr'>publica</span> <span class='ocrx_word' id='word_1_645' title='bbox 1616 2180 1656 2210; x_wconf 86' lang='lat' dir='ltr'>ad</span> <span class='ocrx_word' id='word_1_646' title='bbox 1668 2183 1861 2218; x_wconf 84' lang='lat' dir='ltr'>presentem</span> <span class='ocrx_word' id='word_1_647' title='bbox 1876 2180 2080 2210; x_wconf 84' lang='lat' dir='ltr'>audiendam</span> <span class='ocrx_word' id='word_1_648' title='bbox 2095 2181 2299 2211; x_wconf 82' lang='lat' dir='ltr'>sententiam</span> 
     </span>
     <span class='ocr_line' id='line_1_90' title="bbox 1285 2233 2298 2272; baseline 0 -8"><span class='ocrx_word' id='word_1_649' title='bbox 1285 2235 1406 2264; x_wconf 87' lang='lat' dir='ltr'>citatus</span> <span class='ocrx_word' id='word_1_650' title='bbox 1435 2234 1553 2269; x_wconf 76' lang='lat' dir='ltr'>suerit,</span> <span class='ocrx_word' id='word_1_651' title='bbox 1581 2233 1714 2263; x_wconf 78' lang='lat' dir='ltr'>nemine</span> <span class='ocrx_word' id='word_1_652' title='bbox 1743 2236 1975 2272; x_wconf 80' lang='lat' dir='ltr'>comparente,</span> <span class='ocrx_word' id='word_1_653' title='bbox 2005 2233 2078 2272; x_wconf 84' lang='lat' dir='ltr'>ejus</span> <span class='ocrx_word' id='word_1_654' title='bbox 2109 2233 2298 2264; x_wconf 85' lang='lat' dir='ltr'>absentiam</span> 
     </span>
     <span class='ocr_line' id='line_1_91' title="bbox 1285 2287 2298 2326; baseline -0.001 -9"><span class='ocrx_word' id='word_1_655' title='bbox 1285 2287 1399 2317; x_wconf 71' lang='lat' dir='ltr'>divina</span> <span class='ocrx_word' id='word_1_656' title='bbox 1438 2287 1588 2326; x_wconf 80' lang='lat' dir='ltr'>replente</span> <span class='ocrx_word' id='word_1_657' title='bbox 1623 2287 1805 2325; x_wconf 79' lang='lat' dir='ltr'>presentia,</span> <span class='ocrx_word' id='word_1_658' title='bbox 1847 2287 1957 2326; x_wconf 90' lang='lat' dir='ltr'>ipsius</span> <span class='ocrx_word' id='word_1_659' title='bbox 1991 2287 2200 2317; x_wconf 85' lang='lat' dir='ltr'>contumacia</span> <span class='ocrx_word' id='word_1_660' title='bbox 2231 2295 2298 2317; x_wconf 90' lang='lat' dir='ltr'>non</span> 
     </span>
    </p>
   </div>
   <div class='ocr_carea' id='block_1_16' title="bbox 1282 2393 2298 2963">
    <p class='ocr_par' dir='ltr' id='par_1_17' title="bbox 1282 2393 2298 2963">
     <span class='ocr_line' id='line_1_92' title="bbox 1283 2393 2297 2432; baseline 0.002 -9"><span class='ocrx_word' id='word_1_661' title='bbox 1283 2394 1407 2424; x_wconf 86' lang='lat' dir='ltr'>dictam</span> <span class='ocrx_word' id='word_1_662' title='bbox 1425 2394 1590 2432; x_wconf 83' lang='lat' dir='ltr'>capellam</span> <span class='ocrx_word' id='word_1_663' title='bbox 1607 2394 1715 2425; x_wconf 87' lang='lat' dir='ltr'>sancti</span> <span class='ocrx_word' id='word_1_664' title='bbox 1728 2394 1894 2424; x_wconf 64' lang='grc' dir='ltr'>ι101111111113</span> <span class='ocrx_word' id='word_1_665' title='bbox 1913 2394 2157 2424; x_wconf 86' lang='lat' dir='ltr'>restituendam</span> <span class='ocrx_word' id='word_1_666' title='bbox 2171 2393 2297 2425; x_wconf 61' lang='grc' dir='ltr'>ι11160110</span> 
     </span>
     <span class='ocr_line' id='line_1_93' title="bbox 1284 2447 2298 2486; baseline 0.002 -10"><span class='ocrx_word' id='word_1_667' title='bbox 1284 2447 1491 2486; x_wconf 65' lang='lat' dir='ltr'>sula-adicio,</span> <span class='ocrx_word' id='word_1_668' title='bbox 1512 2449 1542 2477; x_wconf 78' lang='lat' dir='ltr'>ct</span> <span class='ocrx_word' id='word_1_669' title='bbox 1564 2447 1672 2485; x_wconf 81' lang='lat' dir='ltr'>ipsam</span> <span class='ocrx_word' id='word_1_670' title='bbox 1693 2456 1752 2486; x_wconf 86' lang='lat' dir='ltr'>per</span> <span class='ocrx_word' id='word_1_671' title='bbox 1767 2447 1983 2477; x_wconf 79' lang='lat' dir='ltr'>diffinitivam</span> <span class='ocrx_word' id='word_1_672' title='bbox 2006 2447 2209 2477; x_wconf 82' lang='lat' dir='ltr'>sententiam</span> <span class='ocrx_word' id='word_1_673' title='bbox 2230 2455 2298 2478; x_wconf 85' lang='lat' dir='ltr'>res-</span> 
     </span>
     <span class='ocr_line' id='line_1_94' title="bbox 1283 2500 2298 2539; baseline 0.001 -9"><span class='ocrx_word' id='word_1_674' title='bbox 1283 2500 1440 2530; x_wconf 88' lang='lat' dir='ltr'>tituimus</span> <span class='ocrx_word' id='word_1_675' title='bbox 1461 2500 1582 2535; x_wconf 80' lang='lat' dir='ltr'>eidem,</span> <span class='ocrx_word' id='word_1_676' title='bbox 1601 2500 1811 2530; x_wconf 81' lang='lat' dir='ltr'>declarantes</span> <span class='ocrx_word' id='word_1_677' title='bbox 1841 2500 1950 2538; x_wconf 87' lang='lat' dir='ltr'>ipsam</span> <span class='ocrx_word' id='word_1_678' title='bbox 1972 2500 2014 2529; x_wconf 89' lang='lat' dir='ltr'>ad</span> <span class='ocrx_word' id='word_1_679' title='bbox 2032 2508 2107 2530; x_wconf 92' lang='lat' dir='ltr'>eum</span> <span class='ocrx_word' id='word_1_680' title='bbox 2127 2500 2298 2539; x_wconf 80' lang='lat' dir='ltr'>pertinere</span> 
     </span>
     <span class='ocr_line' id='line_1_95' title="bbox 1283 2553 2296 2593; baseline 0.002 -10"><span class='ocrx_word' id='word_1_681' title='bbox 1283 2554 1322 2583; x_wconf 89' lang='lat' dir='ltr'>de</span> <span class='ocrx_word' id='word_1_682' title='bbox 1343 2553 1418 2592; x_wconf 59' lang='grc' dir='ltr'>ι11116</span> <span class='ocrx_word' id='word_1_683' title='bbox 1439 2555 1469 2583; x_wconf 85' lang='lat' dir='ltr'>ct</span> <span class='ocrx_word' id='word_1_684' title='bbox 1494 2553 1559 2583; x_wconf 87' lang='lat' dir='ltr'>sibi</span> <span class='ocrx_word' id='word_1_685' title='bbox 1583 2553 1816 2591; x_wconf 87' lang='lat' dir='ltr'>adjudicantes</span> <span class='ocrx_word' id='word_1_686' title='bbox 1841 2553 1994 2589; x_wconf 79' lang='lat' dir='ltr'>eandem,</span> <span class='ocrx_word' id='word_1_687' title='bbox 2016 2553 2105 2583; x_wconf 83' lang='lat' dir='ltr'>dicto</span> <span class='ocrx_word' id='word_1_688' title='bbox 2131 2553 2296 2593; x_wconf 83' lang='lat' dir='ltr'>magistro</span> 
     </span>
     <span class='ocr_line' id='line_1_96' title="bbox 1283 2605 2298 2644; baseline 0.001 -8"><span class='ocrx_word' id='word_1_689' title='bbox 1283 2605 1430 2637; x_wconf 63' lang='lat' dir='ltr'>lioberto</span> <span class='ocrx_word' id='word_1_690' title='bbox 1449 2608 1479 2636; x_wconf 87' lang='lat' dir='ltr'>et</span> <span class='ocrx_word' id='word_1_691' title='bbox 1506 2605 1643 2636; x_wconf 87' lang='lat' dir='ltr'>cuilibet</span> <span class='ocrx_word' id='word_1_692' title='bbox 1663 2605 1721 2635; x_wconf 92' lang='lat' dir='ltr'>alii</span> <span class='ocrx_word' id='word_1_693' title='bbox 1750 2614 1851 2644; x_wconf 81' lang='lat' dir='ltr'>super</span> <span class='ocrx_word' id='word_1_694' title='bbox 1876 2606 1948 2644; x_wconf 79' lang='lat' dir='ltr'>ipsa</span> <span class='ocrx_word' id='word_1_695' title='bbox 1968 2609 2171 2644; x_wconf 86' lang='lat' dir='ltr'>perpetuum</span> <span class='ocrx_word' id='word_1_696' title='bbox 2195 2606 2298 2637; x_wconf 86' lang='lat' dir='ltr'>silen-</span> 
     </span>
     <span class='ocr_line' id='line_1_97' title="bbox 1282 2659 2297 2698; baseline 0.001 -9"><span class='ocrx_word' id='word_1_697' title='bbox 1282 2659 1366 2689; x_wconf 93' lang='lat' dir='ltr'>tium</span> <span class='ocrx_word' id='word_1_698' title='bbox 1395 2659 1607 2698; x_wconf 84' lang='lat' dir='ltr'>imponentes</span> <span class='ocrx_word' id='word_1_699' title='bbox 1630 2668 1665 2688; x_wconf 86' lang='lat' dir='ltr'>ac</span> <span class='ocrx_word' id='word_1_700' title='bbox 1684 2659 1901 2689; x_wconf 82' lang='lat' dir='ltr'>decernentes</span> <span class='ocrx_word' id='word_1_701' title='bbox 1931 2659 2064 2689; x_wconf 91' lang='lat' dir='ltr'>irritum</span> <span class='ocrx_word' id='word_1_702' title='bbox 2088 2660 2118 2689; x_wconf 82' lang='lat' dir='ltr'>ct</span> <span class='ocrx_word' id='word_1_703' title='bbox 2144 2659 2244 2690; x_wconf 87' lang='lat' dir='ltr'>inane</span> <span class='ocrx_word' id='word_1_704' title='bbox 2268 2660 2297 2690; x_wconf 88' lang='lat' dir='ltr'>si</span> 
     </span>
     <span class='ocr_line' id='line_1_98' title="bbox 1282 2711 2295 2752; baseline 0.002 -10"><span class='ocrx_word' id='word_1_705' title='bbox 1282 2712 1375 2751; x_wconf 83' lang='lat' dir='ltr'>quid,</span> <span class='ocrx_word' id='word_1_706' title='bbox 1393 2714 1467 2751; x_wconf 89' lang='lat' dir='ltr'>post</span> <span class='ocrx_word' id='word_1_707' title='bbox 1495 2712 1710 2742; x_wconf 84' lang='lat' dir='ltr'>collationem</span> <span class='ocrx_word' id='word_1_708' title='bbox 1736 2712 1824 2743; x_wconf 85' lang='lat' dir='ltr'>dicto</span> <span class='ocrx_word' id='word_1_709' title='bbox 1844 2711 1969 2743; x_wconf 83' lang='lat' dir='ltr'>Jacobo</span> <span class='ocrx_word' id='word_1_710' title='bbox 1989 2712 2028 2742; x_wconf 87' lang='lat' dir='ltr'>de</span> <span class='ocrx_word' id='word_1_711' title='bbox 2057 2712 2145 2743; x_wconf 87' lang='lat' dir='ltr'>dicta</span> <span class='ocrx_word' id='word_1_712' title='bbox 2164 2712 2295 2752; x_wconf 83' lang='lat' dir='ltr'>cape-lla</span> 
     </span>
     <span class='ocr_line' id='line_1_99' title="bbox 1283 2765 2295 2805; baseline 0.002 -11"><span class='ocrx_word' id='word_1_713' title='bbox 1283 2765 1416 2801; x_wconf 78' lang='lat' dir='ltr'>factam,</span> <span class='ocrx_word' id='word_1_714' title='bbox 1428 2766 1515 2795; x_wconf 87' lang='lat' dir='ltr'>circa</span> <span class='ocrx_word' id='word_1_715' title='bbox 1529 2765 1668 2795; x_wconf 86' lang='lat' dir='ltr'>eandem</span> <span class='ocrx_word' id='word_1_716' title='bbox 1683 2765 1717 2795; x_wconf 90' lang='lat' dir='ltr'>in</span> <span class='ocrx_word' id='word_1_717' title='bbox 1731 2765 1840 2804; x_wconf 88' lang='lat' dir='ltr'>ipsius</span> <span class='ocrx_word' id='word_1_718' title='bbox 1856 2765 2078 2804; x_wconf 85' lang='lat' dir='ltr'>prejudicium</span> <span class='ocrx_word' id='word_1_719' title='bbox 2093 2774 2110 2795; x_wconf 88' lang='lat' dir='ltr'>a</span> <span class='ocrx_word' id='word_1_720' title='bbox 2125 2774 2295 2805; x_wconf 82' lang='lat' dir='ltr'>quoquam</span> 
     </span>
     <span class='ocr_line' id='line_1_100' title="bbox 1282 2818 2294 2857; baseline 0.001 -9"><span class='ocrx_word' id='word_1_721' title='bbox 1282 2818 1391 2848; x_wconf 86' lang='lat' dir='ltr'>extitit</span> <span class='ocrx_word' id='word_1_722' title='bbox 1423 2820 1670 2856; x_wconf 87' lang='lat' dir='ltr'>attemptatum.</span> <span class='ocrx_word' id='word_1_723' title='bbox 1703 2818 2001 2857; x_wconf 83' lang='lat' dir='ltr'>Condempnamus</span> <span class='ocrx_word' id='word_1_724' title='bbox 2034 2819 2136 2848; x_wconf 85' lang='lat' dir='ltr'>etiam</span> <span class='ocrx_word' id='word_1_725' title='bbox 2166 2818 2294 2850; x_wconf 86' lang='lat' dir='ltr'>dictum</span> 
     </span>
     <span class='ocr_line' id='line_1_101' title="bbox 1282 2870 2296 2910; baseline 0.001 -10"><span class='ocrx_word' id='word_1_726' title='bbox 1282 2871 1483 2910; x_wconf 85' lang='lat' dir='ltr'>magistrum</span> <span class='ocrx_word' id='word_1_727' title='bbox 1508 2870 1695 2901; x_wconf 85' lang='lat' dir='ltr'>Robertum</span> <span class='ocrx_word' id='word_1_728' title='bbox 1718 2870 1826 2901; x_wconf 84' lang='lat' dir='ltr'>eidem</span> <span class='ocrx_word' id='word_1_729' title='bbox 1844 2870 1969 2901; x_wconf 83' lang='lat' dir='ltr'>Jacobo</span> <span class='ocrx_word' id='word_1_730' title='bbox 1987 2871 2020 2901; x_wconf 92' lang='lat' dir='ltr'>in</span> <span class='ocrx_word' id='word_1_731' title='bbox 2037 2871 2150 2901; x_wconf 82' lang='lat' dir='ltr'>decem</span> <span class='ocrx_word' id='word_1_732' title='bbox 2170 2872 2296 2902; x_wconf 77' lang='lat' dir='ltr'>marcis</span> 
     </span>
     <span class='ocr_line' id='line_1_102' title="bbox 1283 2923 2295 2963; baseline 0.002 -10"><span class='ocrx_word' id='word_1_733' title='bbox 1283 2924 1523 2963; x_wconf 76' lang='lat' dir='ltr'>sterlingorum</span> <span class='ocrx_word' id='word_1_734' title='bbox 1548 2931 1608 2962; x_wconf 83' lang='lat' dir='ltr'>pro</span> <span class='ocrx_word' id='word_1_735' title='bbox 1628 2923 1778 2963; x_wconf 85' lang='lat' dir='ltr'>quolibet</span> <span class='ocrx_word' id='word_1_736' title='bbox 1797 2932 1895 2960; x_wconf 84' lang='lat' dir='ltr'>anno,</span> <span class='ocrx_word' id='word_1_737' title='bbox 1914 2924 2082 2954; x_wconf 83' lang='lat' dir='ltr'>fructuum</span> <span class='ocrx_word' id='word_1_738' title='bbox 2108 2925 2254 2960; x_wconf 74' lang='lat' dir='ltr'>nomine,</span> <span class='ocrx_word' id='word_1_739' title='bbox 2276 2934 2295 2956; x_wconf 84' lang='lat' dir='ltr'>a</span> 
     </span>
    </p>
   </div>
  </div>
 </body>
</html>
