2519 3262
1032 213 1269 251 TROISIEME
1295 212 1460 250 ANNEE.

208 307 308 346 hujus
321 306 518 337 commende
532 315 640 336 annus
650 308 682 337 et
694 307 842 345 amplius
858 306 902 336 sit
915 306 1062 344 elapsus.
1075 304 1218 340 Quidam

209 360 311 391 etiam
335 359 421 389 alias
447 359 545 398 plura
568 359 731 390 beneficia
752 358 980 389 ecclesiastica
1007 366 1123 387 curam
1150 356 1219 386 ani-

208 421 340 443 marum
357 412 515 443 habentia
537 412 688 443 obtinere
703 413 898 442 noscuntur.
917 410 1003 446 Quia
1021 418 1099 439 vero
1118 417 1219 448 super

208 466 400 496 detentione
413 465 636 504 prioratuum,
653 467 908 503 personatuum,
920 463 1134 502 dignitatum,
1148 470 1218 500 pre-

207 519 405 555 bendarum,
437 518 657 549 ecclesiarum
690 520 721 548 et
749 516 990 547 beneficiorum
1024 514 1218 554 hujusmodi

208 580 284 601 cum
302 571 430 602 eisdem
448 571 593 605 clericis,
613 573 712 609 prout
729 570 932 608 accepimus,
951 577 1016 598 non
1035 570 1086 598 est
1105 569 1218 598 aucto-

209 625 306 655 ritate
335 625 426 655 sedis
449 624 633 663 apostolice
659 624 906 661 dispensatum,
931 621 1135 651 fraternitati
1162 622 1218 651 tue

208 677 409 707 mandamus
435 679 613 715 quatenus,
643 676 672 706 si
691 678 741 706 est
774 676 831 710 ita,
853 674 1066 704 venerabiles
1096 673 1218 704 fratres
1243 677 1245 684 '

208 733 343 761 nostros
370 731 548 768 episcopos
574 730 772 759 diocesanos
801 728 921 758 talium
947 727 1146 757 clericorum
1177 736 1218 757 ex

208 786 301 823 parte
319 785 435 813 nostra
456 791 595 813 moneas
614 784 646 812 et
660 782 800 811 inducas
813 783 849 811 ut
869 781 956 811 circa
971 789 1029 810 eos
1044 780 1218 810 observari

208 837 332 867 faciant
365 836 643 866 constitutionem
678 835 813 865 concilii
852 834 1033 873 generalis,
1066 834 1217 872 alioquin

207 890 295 920 circa
312 890 419 919 dictos
441 889 581 919 clericos
603 888 880 918 constitutionem
900 887 1095 926 hujusmodi
1114 886 1219 917 facias

207 942 391 977 observari,
419 941 695 976 contradictores,
725 941 923 971 auctoritate
951 942 1078 977 nostra,
1108 941 1220 979 appel-

206 995 331 1026 latione
366 995 568 1034 postposita,
611 994 867 1033 compescendo,
896 993 1114 1033 presentibus
1143 995 1219 1032 post

205 1049 391 1079 triennium
410 1048 552 1078 minime
568 1047 737 1077 valituris.
752 1048 878 1077 Datum
893 1047 982 1085 apud
1002 1046 1218 1078 Urbemvete-

205 1110 289 1138 rem,
309 1111 344 1131 111
360 1101 438 1132 idus
448 1101 548 1140 junii,
566 1109 652 1131 anno
668 1101 779 1131 tertio.
801 1110 816 1130 »

799 1274 925 1306 Orvieto,
941 1275 974 1301 27
990 1274 1048 1300 mai
1069 1274 1144 1301 1264.

298 1276 393 1307 1803

240 1359 378 1386 Jacobum
394 1360 427 1385 de
447 1359 531 1390 Briis,
547 1358 685 1385 clericum
703 1359 953 1393 consanguineum
970 1358 1084 1385 comitis
1101 1359 1220 1385 Warcn-

206 1405 281 1437 niae,
306 1406 494 1433 Cieestrensis
512 1406 648 1440 diocesis,
668 1407 788 1434 obtentu
811 1407 854 1438 G„
879 1415 901 1432 s.
925 1407 1038 1441 Georgii
1059 1407 1095 1432 ad
1116 1405 1218 1432 Vclum

205 1456 329 1481 Aureum
350 1454 461 1481 diaconi
481 1455 648 1488 cardinalis,
670 1456 794 1490 collegio
811 1455 1024 1490 capellanorum
1046 1454 1218 1489 apostolico-

206 1511 269 1530 rum
286 1507 435 1539 aggregat.
454 1504 533 1538 (Rae.
551 1505 595 1536 29,
611 1504 660 1531 sol.
678 1505 740 1537 185,
757 1509 788 1531 n⁰
802 1505 877 1535 853.)

247 1625 261 1643 ι(
280 1615 425 1645 Jacobum
444 1615 479 1644 (Ie
494 1615 587 1649 Briis,
609 1615 750 1645 clericum
766 1616 1019 1654 consanqninenm
1035 1615 1143 1645 nobilis
1159 1615 1219 1644 viri

207 1669 323 1697 comilis
344 1668 516 1702 Warennie,
537 1669 731 1699 Ciceslrenst's
743 1669 879 1698 diocesis.
897 1670 1044 1699 Scientia
1059 1677 1170 1699 mores
1185 1671 1217 1699 et

204 1739 254 1750 —.
281 1722 406 1752 Datum
435 1722 522 1760 apud
551 1722 841 1758 Urbemveterem,
870 1732 900 1752 vi
928 1722 1092 1752 kalendas
1115 1722 1215 1761 junii,

207 1783 293 1804 anno
310 1775 421 1805 tertio.
438 1785 452 1803 n

298 1951 394 1982 1804

797 1949 922 1976 Orvieto.
939 1950 972 1976 :2
986 1950 1049 1985 juin
1066 1951 1144 1978 1252.

240 2033 450 2061 Archidiacono
476 2035 615 2061 Gamerae
644 2034 671 2060 in
701 2034 823 2060 ecclesia
850 2034 1065 2067 Pampilonensi
1099 2037 1218 2063 mandat

204 2085 235 2109 ut
256 2083 373 2110 Petrum
390 2083 514 2109 Eximini
534 2085 553 2114 ¹,
573 2082 683 2110 nullum
699 2083 791 2110 adhuc
810 2083 979 2110 beneficium
995 2088 1171 2117 assecutum,
1188 2085 1218 2112 in

204 2131 326 2158 ecclesia
342 2132 527 2167 Albavvdensi,
552 2131 772 2166 Calaguritanae
788 2132 922 2163 diocesis,
945 2134 973 2160 in
990 2134 1161 2161 canonicum
1174 2142 1217 2161 re-

205 2180 260 2215 cipi
282 2180 368 2207 saciat
386 2189 451 2207 cum
470 2182 644 2215 praebenda.
664 2182 740 2214 (lina.
758 2183 802 2212 29,
818 2181 866 2208 sol.
889 2182 947 2213 185,
967 2188 996 2208 n⁰
1012 2183 1088 2218 854.)

248 2301 263 2321 (t
282 2291 508 2321 Archidiacono
529 2292 652 2322 Camere
668 2292 698 2321 ιή
715 2292 840 2322 ecclesia
852 2292 1096 2332 Pampilonensi.
1112 2293 1215 2324 Cons-

206 2345 290 2375 titus
306 2345 340 2374 in
363 2345 534 2383 presentia
556 2364 605 2376 —.
626 2346 750 2376 Datum
773 2346 861 2384 apud
878 2345 1169 2382 Urbemveterem,
1194 2357 1216 2378 x

206 2397 369 2427 kalendas
383 2397 473 2436 julii,
491 2407 577 2428 anno
592 2398 703 2428 tertio.
727 2408 741 2427 »

298 2575 394 2606 ,1305
799 2574 922 2606 Orviem,
942 2576 974 2603 13
985 2575 1048 2611 juin
1069 2577 1146 2604 1264.

243 2658 346 2684 Abbati
364 2657 534 2684 monasterii
557 2665 580 2684 s.
600 2657 698 2686 Satiri,
723 2657 910 2685 Bituricensis
925 2658 1060 2691 diocesis,
1076 2663 1103 2687 et
1124 2661 1213 2694 priori

208 2715 231 2733 s.
250 2707 395 2733 Amatoris
406 2707 666 2733 Autissiodorensis
679 2708 796 2734 mandat
807 2709 837 2734 ut
848 2707 1021 2742 magistrum
1035 2709 1217 2741 Michaclem,

208 2757 390 2790 capellanum
417 2755 675 2783 Autissiodorensis
693 2756 830 2791 episcopi,
853 2757 881 2783 in
897 2757 1018 2784 ecclesia
1040 2757 1217 2786 Autissiodo-

244 2870 264 2892 ¹.
282 2869 323 2893 En
337 2874 451 2899 marge:
471 2879 479 2890 α
494 2869 673 2900 Competenler
689 2872 778 2894 cantat
793 2873 818 2894 el
834 2872 960 2896 constr-uit
972 2875 995 2896 cl
1012 2873 1143 2901 latinizat,
1157 2874 1220 2906 [cyil

211 2914 298 2937 lamen
315 2913 444 2937 debiliter.
464 2922 474 2935 ›

2227 221 2283 249 283

1276 303 1353 329 rensi
1373 303 1402 329 in
1421 302 1590 329 canonicum
1613 311 1678 329 cum
1705 302 1866 337 praebenda
1887 302 1974 337 recipi
2000 303 2115 329 saciant.
2139 304 2219 335 (Ill-219.
2241 306 2283 333 ιζ),

1275 351 1323 378 fol.
1341 352 1400 383 185,
1417 357 1447 377 n⁰
1459 351 1536 383 855.)

1318 472 1332 490 «
1355 461 1468 491 Abbati
1488 461 1701 491 monasteriis.
1719 461 1830 497 Salii-i,
1849 461 2046 490 Bituricensis
2060 461 2196 496 diocesis,
2216 468 2242 491 ee
2258 486 2284 491 ..

1272 515 1374 553 priori
1399 524 1422 544 S.
1453 515 1610 543 Amatoris
1646 515 1927 544 Autissiodorensis.
1955 515 2006 544 Ad
2031 515 2217 545 faciendam
2241 516 2287 545 di-

1274 567 1361 598 lecto
1377 585 1426 595 —.
1443 567 1566 598 Datum
1581 568 1669 606 apud
1684 567 1973 602 Urbemveterem,
1988 568 2063 598 idus
2078 568 2178 606 junii,
2200 577 2286 597 anno

1273 621 1385 651 tertio.
1403 631 1418 650 »

1370 799 1467 830 180ss
1878 797 2001 827 Orvicto,
2018 798 2034 823 O
2051 797 2113 832 juin
2136 797 2212 823 1202.

1315 882 1407 909 Priori
1421 885 1447 909 et
1462 882 1587 917 capitulo
1600 882 1737 909 secularis
1749 882 1886 909 ecclesiae
1903 890 1930 910 s.
1949 882 2053 908 Mariae
2069 890 2154 916 supra
2167 881 2284 908 Pontem

1276 931 1462 958 Florentinae
1475 932 1593 958 mandat
1608 934 1648 961 ut,
1661 931 1683 957 si
1697 931 1849 964 voluerint,
1865 932 2006 964 Bendum,
2019 934 2119 957 natum
2135 931 2285 965 Andraeci,

1276 979 1352 1006 civis
1369 980 1540 1007 Florentini.
1560 981 1717 1007 dummodo
1730 980 1873 1015 originem
1892 980 2012 1007 traxerit
2026 981 2061 1006 de
2076 981 2185 1007 devotis
2200 981 2287 1008 eccle-

1275 1029 1385 1061 siae,in
1407 1029 1576 1056 canonicum
1592 1029 1731 1063 recipiant
1748 1038 1812 1056 cum
1824 1029 1995 1064 praebenda.
2013 1030 2088 1065 [sinu.
2106 1031 2149 1061 29,
2163 1030 2209 1056 sol.
2229 1030 2287 1062 185,

1275 1084 1305 1104 n⁰
1319 1078 1396 1112 856.)

1316 1201 1331 1219 α
1361 1190 1466 1219 Priori
1489 1195 1516 1220 et
1540 1191 1675 1231 capitulo
1699 1190 1844 1221 secularis
1872 1191 1991 1221 ecclesie
2013 1203 2037 1221 s.
2067 1192 2165 1222 Μαι-ιε
2191 1202 2287 1232 supra

1281 1243 1407 1274 Pontem
1428 1244 1616 1274 Florentiae.
1641 1245 1739 1275 Illam
1755 1245 1905 1284 gerimus
1925 1246 1964 1276 de
1987 1263 2036 1276 —.
2057 1246 2180 1276 Datum
2199 1247 2287 1284 apud

1281 1297 1570 1335 Urbemveterem,
1586 1307 1644 1328 vm
1660 1299 1736 1329 idus
1749 1299 1848 1338 junii,
1867 1307 1953 1329 anno
1969 1300 2077 1330 tertio.
2097 1310 2112 1327 ι)

1373 1481 1467 1512 1807
1867 1482 1991 1512 Orvieto,
2010 1484 2044 1510 30
2057 1483 2120 1518 juin
2138 1484 2214 1510 1202.

1317 1564 1455 1595 Landoni,
1479 1565 1613 1600 episcopo
1634 1566 1796 1601 Anagnino,
1827 1567 1955 1603 indulget
1974 1571 2003 1594 ut
2027 1569 2097 1594 duos
2119 1568 2238 1596 clericos
2258 1570 2284 1596 in

1278 1613 1400 1640 totidem
1434 1614 1563 1641 ecclesiis
1592 1615 1760 1649 Anagninae
1790 1616 1926 1646 civitatis,
1958 1616 2115 1643 cathedrali
2147 1618 2285 1644 duntaxat

1284 1666 1410 1697 excepta,
1432 1663 1459 1689 in
1475 1663 1594 1690 clericos
1612 1667 1639 1691 ct
1656 1664 1684 1690 in
1701 1664 1803 1691 fratres
1818 1665 1905 1699 recipi
1924 1665 2008 1692 saciat
2023 1666 2119 1699 cisque
2133 1666 2167 1692 de
2180 1666 2284 1692 beneti-

1280 1711 1331 1738 ciis
1347 1712 1505 1745 provideat.
1525 1713 1602 1747 (Rau.
1618 1714 1661 1743 29,
1679 1713 1727 1739 sol.
1749 1714 1798 1741 185
1814 1718 1853 1744 τῦ,
1866 1719 1895 1740 n⁰
1910 1715 1983 1746 857.)

1321 1834 1336 1852 ι(
1360 1823 1514 1859 Lmzdoni,
1544 1825 1684 1864 episcopo
1706 1825 1882 1864 Anaynz’no.
1911 1825 2110 1856 Devotionis
2131 1828 2186 1856 tue
2212 1835 2285 1864 pro·

1282 1877 1359 1907 bata
1375 1895 1422 1905 —.
1446 1878 1570 1908 Datum
1590 1879 1678 1916 apud
1700 1878 1989 1915 Urbemveterem,
2012 1889 2032 1908 11
2054 1879 2216 1910 kalendas
2235 1880 2285 1919 ju-

1274 1931 1322 1965 lii,
1341 1939 1427 1961 anno
1446 1931 1556 1962 tertio.
1573 1940 1590 1960 »

1366 2106 1462 2137 1808

1883 2107 2008 2138 Orvieto,
2025 2108 2041 2134 3
2056 2107 2118 2143 juin
2136 2109 2212 2135 1264.

1315 2189 1537 2224 Archiepiscopo
1554 2191 1701 2218 Brcmcnsi
1728 2191 1855 2227 indulget
1874 2195 1903 2219 ut
1920 2192 2057 2219 beneficia
2077 2193 2284 2227 ecclesiastica,

1282 2247 1346 2265 cum
1361 2247 1428 2265 cura
1439 2239 1482 2265 vel
1495 2239 1555 2266 sinc
1567 2248 1644 2268 cura.
1658 2248 1728 2274 quac
1743 2243 1823 2268 tanto
1834 2244 1963 2276 tempore
1978 2242 2005 2268 in
2022 2242 2167 2268 Bremensi
2180 2242 2284 2269 diocesi

1280 2295 1383 2314 vacare
1406 2289 1558 2323 contigerit
1578 2290 1651 2323 quod
1675 2290 1710 2316 ad
1731 2290 1829 2316 sedem
1845 2290 2033 2325 apostolicam
2054 2290 2093 2317 sit
2115 2299 2212 2318 corum
2229 2292 2285 2318 col-

1281 2336 1356 2364 latio
1378 2337 1521 2370 devoluta,
1540 2341 1653 2372 practer
1670 2339 1838 2373 dignitates,
1863 2340 1993 2366 conferre
2011 2339 2114 2367 valcat.
2141 2340 2220 2373 (Res.
2240 2342 2284 2372 22¹,

1276 2385 1328 2412 sol.
1344 2387 1393 2414 185
1406 2392 1443 2418 νο,
1461 2392 1490 2412 n⁰
1505 2387 1579 2421 858.)

1316 2506 1332 2527 «
1352 2496 1594 2536 Arclziepiscopo
1608 2496 1772 2526 Bremensi.
1790 2497 2012 2536 Exigentibus
2028 2500 2083 2529 tue
2097 2499 2286 2530 devotionis

1277 2567 1325 2580 —.
1346 2549 1471 2580 Datum
1489 2550 1576 2588 apud
1600 2549 1887 2587 Urbemveterem,
1907 2560 1942 2580 ιιι
1965 2560 2071 2582 nonas
2081 2552 2181 2591 junii,
2200 2562 2286 2584 anno

1273 2602 1384 2633 tertio.
1403 2613 1418 2632 ι)

1367 2782 1462 2813 1309
1875 2782 1998 2814 Orvieto,
2010 2783 2043 2809 22
2058 2783 2121 2818 juin
2141 2784 2215 2810 1204.

1316 2865 1455 2900 Episcopo
1468 2868 1494 2893 et
1509 2865 1632 2900 capitulo
1644 2865 1802 2892 (toneliensi
1815 2867 1932 2893 mandat
1943 2870 1971 2893 ut
1982 2868 2150 2894 liudericum
2161 2868 2286 2900 (lars-iac,

1279 2915 1487 2948 portionarium
1513 2914 1686 2941 Concliensis
1708 2915 1857 2949 ecclcsiae,
1882 2916 1926 2943 cui
1950 2924 2000 2950 per
2025 2916 2124 2951 viginti
2145 2926 2234 2944 annos
2260 2920 2286 2944 ct
