2519 3262
1112 265 1366 296 APPENDICE
1388 266 1431 295 Π.
2273 276 2305 303 71

232 357 313 384 rendi
330 357 421 392 patris
437 356 546 383 domini
564 356 720 390 Guillelmi,
738 357 815 384 tituli
831 366 854 384 s.
872 358 959 384 Marci
979 358 1130 392 presbiteri
1146 358 1244 385 cardi-

232 406 318 437 nalis,
337 413 387 433 seu
403 405 570 440 apostolicis
589 405 694 432 litteris
713 406 860 434 evidenter
876 409 1011 442 apparet:

267 456 297 483 ln
315 456 417 490 primis
439 456 554 483 seudum
570 456 673 483 Mathic
687 457 798 491 Aringi,

267 506 382 533 seudum
401 507 474 540 quod
493 506 545 533 fuit
564 506 640 533 Petri
660 507 829 537 Maeui-anzi,

266 560 343 583 terra
359 565 412 591 que
432 556 485 583 suit
503 565 525 584 s.
544 557 649 584 Mariae
666 558 699 584 de
716 558 848 589 Lariano,

266 606 383 634 seudum
396 607 514 639 boterii,

264 659 342 683 terra
358 665 411 692 que
430 657 483 684 fuit
496 658 639 691 quondum
657 658 791 692 magistri
807 658 936 693 Nycolai,

265 707 382 734 feudum
401 707 588 742 Symoncelli‚

264 757 381 784 seudum
403 758 520 792 Nycolai
537 758 633 785 Jacobi
650 758 777 791 Jannini,

265 807 381 834 sendum
398 808 518 843 Nycoiai
535 808 678 840 Porci-uni,

263 858 379 885 seudum
395 858 512 893 Nyeolai
533 859 609 886 Petri
624 858 722 892 Mai-ic,

263 908 378 935 seudum
396 910 470 943 quod
481 909 534 936 suit
550 909 673 936 Odilonis
689 909 795 943 Ogerii,

264 958 378 986 seudum
395 960 470 993 qnod
486 959 539 986 suit
556 958 691 986 Johannis
708 958 850 991 Massurii,

262 1008 378 1036 seudum
394 1010 469 1044 quod
486 1008 537 1036 fuit
554 1008 694 1036 Leonardi
710 1008 831 1035 Mancini
851 1008 1006 1041 Benedicti,

262 1058 376 1086 seudum
391 1060 467 1094 quod
483 1059 536 1086 fuit
553 1059 629 1086 Petri
647 1057 743 1090 Marie‚
762 1058 898 1085 Antonini
913 1061 939 1085 ct
958 1058 1076 1093 Nycolai
1098 1059 1191 1090 Necti,

259 1112 287 1136 et
302 1109 418 1136 seudum
439 1110 514 1144 quod
534 1109 584 1136 suit
602 1109 725 1135 Oddonis
748 1109 946 1135 Bouensenze.

254 1158 311 1189 ,Qui
327 1158 472 1193 sepefatus
486 1157 721 1192 archipresbiter,
738 1157 929 1185 incontinenti
945 1161 1007 1193 post
1021 1158 1129 1185 factum
1142 1157 1236 1184 inves-

223 1207 388 1239 timentum,
411 1215 512 1234 omnes
528 1210 555 1234 et
575 1206 703 1242 singulos
727 1207 956 1234 contradictores
972 1209 1000 1234 et
1022 1207 1154 1239 rebelles,
1176 1209 1235 1234 tam

223 1264 377 1283 commune
390 1265 477 1291 quain
493 1256 633 1290 speciales
644 1264 795 1290 personas,
808 1256 836 1282 iu
852 1255 978 1290 seriptis,
995 1257 1166 1283 auctoritate
1182 1265 1237 1290 qua

222 1305 404 1340 fungebatur,
423 1305 733 1332 excommunicationis
750 1304 863 1331 vinculo
883 1304 1042 1332 innodavit.
1062 1306 1154 1332 Tenor
1170 1314 1236 1332 vero

221 1354 401 1382 auctoritatis
418 1354 653 1388 archipresbiteri
665 1354 819 1381 memorati
835 1355 868 1381 de
883 1355 969 1381 verbo
984 1355 1021 1381 ad
1034 1355 1154 1382 verbnm
1169 1355 1235 1382 talis

221 1406 265 1432 est
277 1416 282 1431 ;

256 1508 269 1523 «
288 1498 393 1529 Laudo,
406 1499 579 1525 miseratione
595 1498 690 1524 divina
704 1499 844 1532 episcopus
858 1498 1031 1532 Anayniizus,
1046 1500 1070 1525 et
1085 1498 1233 1531 Nycolans,

220 1555 302 1581 nepos
313 1547 404 1580 felicis
418 1547 619 1574 recordationis
640 1547 742 1573 domitu·
760 1547 802 1577 Gi,
816 1555 901 1581 pape,
919 1547 1023 1573 domiui
1037 1555 1110 1581 pape
1123 1548 1235 1574 subdi«-

221 1604 300 1623 couus
317 1600 341 1623 et
356 1597 524 1631 capellanus,
546 1596 659 1622 discreto
679 1597 737 1622 viro
750 1616 774 1622 ..
803 1596 1037 1630 archipresbytero
1058 1604 1080 1623 s.
1101 1597 1236 1623 Jolimmis

221 1646 252 1672 de
271 1646 340 1672 Duce
365 1645 397 1673 de
420 1646 564 1679 Anassni'u,
581 1645 697 1672 sulutem
714 1646 740 1671 in
758 1646 881 1671 Domino.
903 1645 1019 1672 Noverit
1033 1645 1168 1672 discretio
1186 1648 1234 1672 tua

220 1702 270 1721 nos
289 1703 306 1721 a
322 1703 437 1722 summo
452 1694 587 1729 pontifice
605 1694 747 1728 recepisse
765 1693 877 1721 litteras
895 1697 926 1721 tn
943 1693 994 1721 hac
1010 1693 1104 1721 forma
1122 1701 1127 1720 ;

260 1799 274 1819 (<
292 1788 433 1819 Urbanus
451 1788 610 1828 episcopus
624 1792 680 1817 ecc.
696 1787 862 1817 venerabili
877 1787 975 1826 fratri
990 1788 1129 1827 episcopo
1150 1789 1232 1817 Aua-

218 1843 312 1882 9nino
327 1847 355 1872 et
368 1841 476 1871 dilecto
485 1841 554 1880 filio
569 1841 706 1881 Nycolao
721 1841 757 1871 de
769 1841 928 1878 Anapum,
942 1841 1101 1880 capellano
1115 1846 1230 1877 nostro,

218 1901 274 1927 etc.
294 1896 332 1926 In
349 1904 452 1926 causa
468 1904 532 1934 que
552 1895 640 1925 inter
653 1895 814 1924 dilectum
831 1894 941 1924 tilium
961 1919 966 1923 .
988 1917 993 1922 .
1011 1895 1232 1924 castellanum

219 1958 312 1980 rocce
332 1949 445 1980 nostre
471 1949 510 1979 de
533 1948 690 1984 Lariano,
715 1956 756 1978 ex
781 1950 874 1986 parte
898 1957 975 1983 una,
1002 1950 1033 1978 et
1054 1957 1232 1978 commune

218 2003 365 2034 civitatis
386 2001 532 2033 Velletri
555 2010 685 2032 necnon
709 2001 930 2040 quamplures
956 2001 1042 2032 alias
1067 2002 1232 2040 speciales

217 2065 380 2095 personas
398 2055 546 2086 civitatis
562 2055 714 2094 ejusdem
731 2063 833 2093 super
852 2063 890 2085 eo
910 2055 999 2094 quod
1017 2055 1083 2093 ipsi
1098 2056 1231 2085 temeri-

216 2112 283 2141 tate
306 2109 443 2149 propria
468 2108 632 2139 nonnulla
655 2108 765 2144 feuda,
792 2108 832 2138 ad
853 2108 963 2147 ipsam
983 2117 1115 2138 roccam
1140 2117 1229 2148 spec-

218 2163 334 2199 tantia,
354 2164 570 2201 occuparunt,
588 2162 733 2192 tenendo
757 2170 795 2191 ea
818 2161 851 2191 iu
870 2161 1022 2200 ejusdem
1046 2170 1140 2192 rocce
1158 2171 1231 2200 pre-

213 2217 379 2255 Judicium
404 2217 576 2254 occupata,
603 2224 644 2246 ex
664 2215 781 2251 altera,
805 2216 878 2245 orta
896 2215 1025 2251 existit,
1051 2217 1229 2254 postquam

216 2270 361 2300 dilectus
375 2269 468 2299 filius
480 2270 595 2299 noster
608 2270 661 2304 R„
678 2277 705 2298 s.
723 2268 843 2307 Angeli
858 2268 1020 2298 diaconus
1032 2269 1226 2299 cardinalis.

217 2332 317 2362 super
334 2322 513 2362 premissis
532 2322 703 2352 etiterum
725 2322 764 2351 de
782 2322 941 2352 mandato
957 2322 1072 2352 nostro
1092 2322 1169 2352 fecit
1185 2322 1229 2351 di-

215 2377 358 2416 ligenter
374 2375 513 2414 inquiri,
535 2375 697 2405 dilectum
722 2375 831 2404 tilium
849 2376 1004 2405 nostrum
1021 2374 1072 2410 G„
1092 2375 1183 2405 tituli
1200 2384 1226 2405 s.

217 2430 319 2460 Marci
338 2429 564 2469 presbiterum
583 2428 801 2464 cardinalem,
827 2428 984 2458 dedimus
1001 2428 1155 2467 partibus
1173 2438 1228 2458 au-

215 2484 370 2519 ditorem,
387 2482 454 2512 sibi
470 2482 605 2513 oraculo
619 2482 694 2512 vive
710 2482 803 2512 vocis
815 2482 931 2520 sepius
947 2482 1179 2512 demandando
1192 2484 1227 2513 ut

216 2537 388 2576 negotium
411 2536 523 2574 ipsum
540 2544 599 2574 per
615 2535 832 2565 diffinitivam
847 2535 1051 2565 sententiam
1069 2536 1228 2566 termina-

216 2591 277 2620 ret.
291 2590 383 2620 Idem
397 2590 508 2620 autem
521 2588 688 2627 presbiter
698 2588 892 2624 cardinalis
907 2588 1085 2627 premissis
1098 2588 1227 2619 citatio-

215 2643 316 2673 nibus
326 2642 424 2673 factis
438 2642 472 2672 in
482 2642 654 2672 audIentia
663 2641 809 2680 publica,
820 2643 857 2672 ut
867 2643 917 2672 est
927 2641 1045 2678 moris,
1057 2650 1093 2671 ac
1102 2642 1226 2672 utrius·

215 2705 279 2736 que
306 2695 414 2736 partis
438 2694 714 2734 procuratoribus
737 2703 850 2725 coram
872 2695 946 2733 ipso
963 2695 1178 2734 presentibus
1196 2697 1226 2726 et

216 2750 381 2780 instanter
399 2747 480 2778 ferri
502 2747 704 2778 sententiam
721 2747 984 2786 postulantibus,
1002 2749 1226 2779 attestationi-

215 2803 279 2844 bus
297 2810 430 2842 quoque
454 2801 489 2831 iu
510 2800 744 2840 inquisitione,
766 2810 868 2839 quam
887 2801 1038 2840 prefatus
1064 2802 1226 2832 diaconus

216 2855 398 2887 cardinalis
415 2854 535 2885 ultimo
548 2854 621 2884 fieri
635 2853 723 2889 fecit,
740 2854 895 2892 receptis,
916 2854 1083 2893 dictisque
1101 2855 1135 2884 iu
1151 2855 1226 2893 ipsa

215 2909 381 2940 contentis
400 2916 529 2939 necnon
548 2906 694 2937 rubricis
712 2915 770 2946 per
787 2915 1001 2938 communem
1019 2908 1224 2938 examinato-

214 2972 283 2993 rem
307 2961 512 3002 approbatis,
533 2960 678 2999 aliisque
697 2959 854 2990 omnibus
876 2969 940 2999 que
960 2960 995 2990 in
1006 2960 1135 2999 Judicio
1149 2970 1223 3000 pro-

1302 358 1401 389 ducta
1419 360 1450 389 et
1470 359 1610 398 probata
1628 360 1763 397 fuerint,
1783 362 1866 392 visis
1886 371 1922 393 ac
1937 363 2115 402 diligenter
2131 365 2304 404 inspectis,

1301 421 1337 442 ac
1353 412 1441 450 juris
1458 412 1575 442 ordine
1593 415 1737 449 servato,
1761 414 1978 446 diffinitivam
1999 425 2058 455 pro
2080 417 2168 448 dicto
2186 442 2191 447 .
2213 441 2219 447 .
2239 428 2306 450 cas-

1300 465 1425 495 tellano
1449 474 1509 495 seu
1538 475 1634 496 rocca
1660 467 1810 505 predicta
1837 471 2039 500 sententiam
2069 472 2306 511 promulgavit,

1301 518 1550 557 condempnans
1571 519 1635 557 ipsi
1649 520 1700 550 vel
1714 521 1823 550 eidem
1839 531 1932 553 rocce
1947 532 2123 554 commune
2138 534 2174 555 ac
2193 534 2304 564 perso-

1300 580 1360 601 nas
1377 571 1526 610 prefatas
1540 572 1573 602 in
1591 573 1757 604 fructibus
1776 575 1887 605 medio
1904 578 2054 614 tempore
2076 577 2152 608 inde
2170 587 2303 618 percep-

1299 625 1343 654 tis
1360 625 1446 654 acin
1464 625 1625 664 expensis
1644 634 1703 664 pro
1722 629 1816 665 parte
1836 628 1945 666 ipsius
1962 638 2054 660 rocce
2076 630 2173 661 sactis
2189 632 2222 661 iu
2235 632 2305 667 lite,

1299 686 1442 716 quorum
1461 687 1672 717 quarumque
1692 680 1899 710 taxationem
1918 681 1983 711 sibi
2005 682 2244 714 nichilominus
2259 694 2306 715 re-

1299 731 1457 766 servavit,
1474 734 1573 769 prout
1586 732 1618 761 in
1629 731 1763 770 publico
1774 733 1998 765 instrumento
2012 735 2161 766 confecto
2172 738 2303 774 exinde,

1299 784 1429 822 signato
1449 784 1562 823 sigillo
1580 785 1661 815 dieti
1675 786 1855 824 presbiteri
1873 788 2066 824 cardinalis,
2083 789 2218 827 plenius
2232 800 2306 820 con-

1297 837 1435 867 tinetur.
1452 837 1524 868 Nos
1540 837 1664 876 itaque,
1683 839 1793 877 ipsius
1806 840 1980 870 castellani
1999 842 2305 880 supplicationibus

1298 890 1463 926 inclinati,
1488 891 1691 922 sententiani
1715 892 1824 930 ipsam
1846 894 1984 931 provide
2004 894 2118 929 latam,
2144 898 2251 926 ratam
2274 899 2304 926 et

1297 943 1428 973 firmam
1445 943 1618 980 habentes,
1635 953 1719 978 eam,
1736 945 2023 976 nonobstantibus
2038 947 2306 988 quibuscumque

1297 996 1583 1034 appellationibus
1601 998 1708 1036 parfis
1726 998 1876 1034 adverse,
1900 1008 1983 1038 quas
2002 1000 2140 1030 frivolas
2156 1001 2304 1031 decerni-

1297 1057 1383 1085 mus,
1403 1050 1602 1080 auctoritate
1627 1051 1818 1081 litterarum
1838 1052 1990 1090 ipsarum
2009 1054 2169 1084 duximus
2192 1055 2306 1084 confir-

1297 1103 1465 1133 mandam.
1495 1103 1658 1138 Quocirca
1684 1104 1880 1135 discretioni
1902 1107 2014 1136 vestre
2034 1115 2093 1145 per
2121 1109 2305 1146 apostolica

1296 1156 1421 1195 scripta
1432 1157 1633 1187 mandamus
1650 1160 1816 1197 quatenus
1829 1167 1889 1189 vos
1904 1159 1956 1189 vel
1969 1160 2052 1190 alter
2065 1162 2213 1191 vestrum
2231 1170 2304 1200 pre-

1295 1209 1419 1240 dictam
1438 1211 1651 1247 sententiam,
1668 1221 1727 1250 per
1744 1221 1803 1242 vos
1818 1212 1870 1242 vel
1883 1213 1987 1242 alium
2004 1215 2059 1244 aut
2073 1214 2168 1249 alios,
2185 1224 2304 1246 execu-

1294 1263 1379 1293 tioni
1405 1264 1616 1301 mandantes,
1639 1265 1828 1303 predictum
1848 1291 1853 1296 .
1874 1290 1880 1296 .
1905 1267 2139 1304 castellanum,
2170 1269 2303 1299 nomine

1294 1316 1404 1355 ipsius
1417 1326 1522 1351 rocce,
1536 1317 1568 1347 in
1579 1318 1832 1356 possessionem
1843 1319 2009 1350 dictorum
2023 1321 2198 1351 feudorum
2210 1322 2304 1360 acju-

1294 1370 1382 1400 rium
1396 1372 1426 1400 et
1437 1371 1718 1409 pertinentiarum
1735 1380 1873 1402 suarum
1884 1373 2052 1403 inducatis
2069 1376 2099 1403 et
2114 1374 2304 1405 defendatis

1294 1423 1479 1453 inductum.
1497 1424 1769 1455 Contradictores
1786 1443 1834 1453 —.
1855 1426 1931 1456 Non
1949 1426 2164 1456 obstantibus
2186 1445 2235 1463 ——,
2256 1428 2302 1457 in-

1293 1477 1411 1507 vocato
1428 1477 1469 1507 ad
1488 1477 1531 1514 id,
1549 1477 1578 1507 si
1597 1487 1682 1516 opus
1705 1477 1818 1512 fuerit,
1833 1479 1962 1509 auxilio
1979 1479 2106 1509 brachii
2125 1481 2302 1511 secularis.

1293 1531 1388 1566 Quod
1401 1531 1429 1560 si
1443 1539 1507 1560 non
1519 1531 1616 1561 ambo
1629 1531 1695 1561 hiis
1708 1532 1915 1570 exequendis
1928 1533 2108 1571 potueritis
2125 1534 2302 1570 interesse,

1293 1583 1378 1613 alter
1390 1585 1540 1614 vestrum
1553 1593 1590 1614 ea
1607 1584 1848 1615 nichilominus
1861 1587 2056 1624 excipiatur.
2073 1587 2196 1617 Datum
2216 1588 2304 1626 apud

1292 1636 1582 1673 Urbemveterem,
1595 1648 1616 1667 11
1632 1637 1708 1667 idus
1724 1638 1855 1676 aprilis,
1867 1639 2083 1677 pontificatus
2096 1640 2203 1670 nostri
2216 1649 2301 1671 anno

1293 1690 1403 1720 tertio.
1427 1699 1441 1718 J)

1328 1785 1340 1799 υ
1359 1774 1495 1805 Quocirca
1510 1775 1676 1802 discretioni
1693 1778 1739 1802 tue
1755 1785 1810 1810 qua
1829 1776 1977 1810 fungimur
1992 1777 2162 1804 auctoritate
2177 1780 2301 1805 manda—

1291 1831 1354 1850 mus
1370 1827 1510 1857 quatenus
1535 1825 1570 1851 ad
1596 1825 1690 1851 locum
1713 1826 1851 1852 accedens
1874 1826 2045 1860 predictum,
2061 1849 2066 1853 .
2083 1849 2088 1854 .
2108 1828 2300 1854 castellanum

1290 1873 1324 1899 de
1354 1873 1487 1906 Lariano,
1512 1874 1629 1900 nomine
1656 1873 1748 1907 ipsius
1766 1882 1859 1908 roece,
1877 1875 1905 1901 in
1922 1876 2135 1909 possessionem
2154 1877 2299 1903 <lictorum

1291 1921 1440 1948 feudorum
1454 1930 1486 1949 uc
1500 1923 1607 1957 jurium
1620 1925 1645 1949 et
1663 1923 1904 1957 pertinentiarum
1917 1932 2034 1951 suarum
2051 1925 2221 1952 auctoritate
2238 1934 2301 1952 nos-

1289 1974 1334 1998 tra
1352 1971 1469 1998 inducas
1486 1974 1514 1999 et
1539 1972 1687 1999 inductum
1709 1972 1857 1999 defendas.
1879 1974 2110 2000 Contradictores
2130 1989 2173 2000 —.
2198 1975 2300 2001 Datum

1290 2021 1430 2056 Anugnie,
1450 2029 1471 2047 11
1488 2029 1578 2048 nonas
1593 2021 1678 2056 junii.
1700 2031 1713 2046 »τ

1325 2116 1338 2130 α
1357 2106 1397 2131 Ad
1420 2114 1473 2140 que
1489 2106 1617 2140 predicta
1633 2106 1871 2133 investimentum
1892 2110 1919 2134 et
1938 2108 2113 2134 sententiam
2130 2116 2301 2135 excommu-

1288 2155 1440 2181 nicationis
1468 2155 1506 2181 hii
1537 2157 1626 2182 testes
1653 2154 1847 2183 interfuerunt
1867 2157 1960 2190 rogati
1982 2165 1987 2184 ς
2013 2156 2156 2183 Jobannes
2185 2158 2297 2184 Domini

1257 2221 1258 2232 i
1288 2205 1472 2231 Mactaleonis
1492 2205 1525 2231 de
1548 2205 1688 2239 Anagnia,
1719 2205 1843 2240 Angelus
1864 2206 1898 2231 de
1925 2206 2062 2237 Fumone,
2087 2207 2298 2233 Alexandrinus

1288 2254 1451 2280 Lonhardus
1472 2254 1631 2280 servientes
1648 2254 1724 2281 dicte
1742 2262 1836 2288 rocco,
1854 2255 1993 2289 magister
2013 2256 2117 2282 Paulus
2136 2256 2297 2288 Ferrarius,

1286 2303 1407 2330 Jacobus
1428 2303 1554 2337 Rogerii,
1577 2303 1797 2330 Bartholomeus
1819 2304 1976 2338 Raynonis,
2001 2304 2144 2332 Johannes
2161 2306 2195 2331 de
2212 2306 2296 2336 Rosa,

1287 2352 1456 2379 Laurentius
1472 2352 1547 2379 l‘etri
1564 2352 1730 2386 Sauguinei,
1745 2352 1849 2379 Paulus
1865 2353 1899 2379 de
1916 2354 2035 2386 Arzono,
2049 2354 2169 2380 Jacobus
2186 2354 2219 2380 de
2236 2354 2298 2381 l‘al-

1287 2401 1374 2428 liano.
1388 2401 1596 2428 Verumtamen
1614 2401 1672 2435 ipse
1682 2402 1802 2428 Jacobus
1815 2404 1842 2428 et
1858 2401 1925 2428 dieti
1943 2402 2100 2429 servientes
2114 2411 2169 2429 non
2180 2403 2295 2430 suerunt

1287 2453 1435 2485 presentes
1456 2450 1661 2477 investimento
1687 2450 1762 2477 sarto
1788 2452 1822 2477 de
1846 2453 1923 2477 terra
1949 2459 2034 2485 quem
2054 2454 2131 2478 tenet
2161 2452 2296 2479 domiuus

1286 2499 1450 2534 Radulphus
1468 2500 1501 2525 de
1519 2498 1720 2525 Montesortino
1739 2500 1789 2526 sed
1803 2499 1867 2526 aliis
1889 2500 1939 2526 sic.

1321 2549 1353 2575 Et
1373 2556 1425 2582 ego
1449 2548 1578 2583 Magnus,
1596 2548 1688 2575 dictus
1712 2548 1812 2579 Judcr,
1833 2551 2015 2576 sacrosancte
2032 2550 2158 2577 Romane
2175 2550 2295 2577 ecclesie

1286 2598 1425 2627 notarius,
1442 2597 1575 2632 predictis
1591 2597 1723 2624 omnibus
1740 2597 1855 2624 intertui
1870 2600 1896 2625 et
1913 2599 1947 2625 de
1962 2599 2098 2625 mandato
2114 2599 2181 2625 dicti
2198 2598 2296 2625 arrhi-

1285 2647 1437 2681 presbitcri
1456 2646 1567 2681 publica
1585 2655 1671 2673 manu
1687 2647 1842 2681 subscripsi
1858 2650 2030 2682 assuetoquc
2046 2647 2129 2682 signo
2143 2647 2264 2681 signavi.
2281 2657 2295 2672 »

1375 2787 1473 2818 2986
1884 2783 2008 2816 (inicio,
2024 2784 2056 2811 13
2068 2783 2129 2818 juin
2143 2783 2222 2810 1264.

1320 2867 1430 2892 Decano
1447 2865 1585 2892 eeclesiae
1605 2873 1627 2891 s.
1647 2863 1783 2898 Stephani
1799 2863 1947 2890 Trecensis
1964 2866 1991 2889 et
2013 2864 2153 2898 magistro
2170 2863 2293 2891 Johanni

1284 2915 1409 2946 Garsiae,
1424 2914 1562 2941 canonico
1578 2913 1722 2943 Trecensi,
1736 2913 1855 2939 mundat
1867 2915 1897 2940 ut
1911 2913 2176 2940 excommunicatos
2188 2913 2292 2940 denun-

1284 2964 1356 2991 tient
1370 2964 1505 2990 abbatem
1525 2962 1692 2989 monasterii
1715 2970 1737 2988 s.
1763 2961 1899 2989 Johannis
1922 2961 1950 2988 in
1973 2961 2093 2989 Abbatia
2111 2961 2292 2990 Laudunensi
