2519 3262
1059 276 1312 307 APPENDICE
1335 276 1378 307 ΙΙ.
2215 287 2250 315 41

792 368 917 401 Viterbe,
934 369 950 395 2
969 367 1025 394 mai
1044 369 1119 395 1202.

272 368 372 399 2900

216 450 319 477 Abbati
336 450 465 478 Cistercii
477 451 592 486 ejusque
603 452 788 478 coabbatibus
804 454 832 478 et
846 452 1033 478 conventibus
1051 451 1189 478 universis

181 500 379 526 Cisterciensis
397 500 504 526 ordinis
525 500 653 533 indulget
672 503 701 527 ut
719 501 812 527 nullus
829 500 978 535 episeopus
994 501 1129 527 adversus
1141 508 1189 527 eos

181 547 348 579 sententias,
368 548 395 574 10
415 548 544 575 fraudem
566 549 781 584 privilegiorum
807 549 1042 583 apostolicorum,
1064 549 1188 583 promul-

180 604 247 631 gare
263 600 438 631 praesumat.
458 598 556 633 (Auca.
581 599 651 624 Nar.
670 606 683 624 i.
701 598 763 631 254,
779 603 807 624 11⁰
822 598 879 629 25.)

221 708 236 727 «
258 698 397 728 Urbanus
409 700 577 740 episcopus,
592 711 694 729 servus
707 710 860 730 servorum
875 700 937 736 Dei,
951 699 1070 729 dilectis
1082 700 1166 739 siliis.
1180 722 1186 728 .

180 751 286 781 abbati
302 752 443 782 Cislercii
454 754 577 793 ejusque
591 753 783 783 coabbatibus
792 758 818 782 et
838 752 1029 782 conventibus
1044 753 1188 782 anim-sis

180 805 389 835 cisterciensis
403 806 529 842 ordinis,
547 807 672 836 salutem
687 811 713 836 e!
728 806 927 846 apostolicam
941 805 1185 836 benedic-timim.

179 859 264 888 Cum
281 868 299 889 a
316 859 413 889 nobis
428 877 478 890 —.
496 860 546 890 Ex
566 862 659 898 parte
677 860 845 898 siquidem
865 861 975 889 vestra
995 859 1057 889 11111
1071 868 1187 898 propo-

181 912 284 942 situm
300 921 411 943 coram
429 913 526 943 nobis
543 913 631 952 quod
648 913 802 943 nonnulli
818 912 1036 942 ecclesiarum
1053 912 1186 951 prelati,

180 966 303 996 vestris
336 965 551 996 libertatibus
582 966 783 1002 invidentes,
810 974 885 995 cum
915 965 965 995 eis
997 974 1061 995 non
1091 966 1189 996 liceat

180 1026 221 1047 ex
241 1019 423 1057 apostolice
438 1019 529 1049 sedis
546 1019 675 1049 indulto
694 1019 727 1048 in
750 1027 809 1048 vos
828 1018 1188 1049 excommunicationis

178 1071 232 1101 vel
263 1072 433 1102 interdicti
462 1071 647 1102 sententias
674 1071 900 1110 promulgare,
927 1071 959 1101 in
990 1071 1186 1108 familiares,

179 1124 366 1155 servientes
385 1126 417 1154 et
438 1124 669 1154 benefactores
693 1133 730 1154 ac
753 1124 831 1155 illos
851 1124 907 1163 qui
924 1124 1054 1155 molunt
1071 1125 1103 1155 in
1122 1134 1189 1155 1110-

179 1178 323 1208 lendinis
337 1177 390 1208 vel
403 1178 549 1216 coquunt.
564 1177 596 1207 iu
612 1177 721 1208 furnis
733 1178 855 1209 vestris
875 1178 1000 1217 quique
1015 1179 1188 1209 vendendo

179 1239 239 1261 seu
256 1230 397 1261 emendo
411 1230 507 1261 vobis
526 1231 788 1265 communicant,
807 1232 993 1262 sententias
1014 1232 1189 1270 proferunt

177 1286 392 1319 memoratas
412 1283 527 1323 sicque
546 1293 614 1314 non
637 1284 704 1314 vim
724 1286 756 1315 et
774 1285 975 1324 potestatem
994 1285 1187 1324 privilegio-

176 1346 251 1366 rum
271 1339 459 1368 vestrorum
477 1338 534 1368 sed
551 1337 624 1368 sola
641 1337 743 1368 verba
760 1339 946 1373 servantes,
966 1347 1025 1369 vos
1042 1339 1186 1378 quodam

176 1390 275 1420 modo
289 1391 592 1423 excommunicant,
611 1391 690 1421 dum
701 1391 797 1421 vobis
809 1391 1057 1422 communicare
1071 1392 1188 1422 fideles

178 1452 242 1474 non
264 1443 395 1480 sinunt;
413 1452 454 1474 ex
469 1452 535 1482 quo
552 1444 637 1474 illud
650 1444 761 1474 evenit
774 1445 1013 1475 inconveniens
1023 1446 1070 1480 ut,
1086 1455 1188 1484 quan-

175 1498 247 1526 tum
268 1496 309 1526 ad
324 1496 396 1532 hoc,
412 1496 557 1535 Judicari
580 1497 763 1527 videamini
786 1497 913 1536 judicio
935 1498 1132 1534 Judeorum,
1157 1500 1188 1529 et

177 1550 234 1588 qui
258 1549 354 1580 vobis
371 1550 620 1580 communicant
636 1550 670 1580 in
690 1551 851 1589 predictis
875 1551 1034 1590 majorem
1059 1560 1187 1582 excom·

181 1602 444 1633 municationem
461 1603 633 1633 incurrant
655 1612 753 1642 quam
775 1604 1077 1634 excommunicatis
1098 1613 1187 1635 com—

180 1656 380 1686 municando
400 1655 532 1686 fuerant
551 1656 732 1686 incursuri.
757 1657 866 1692 Quare
888 1657 985 1687 nobis
1013 1657 1188 1688 humiliter

187 1708 406 1748 supplicastis
425 1710 460 1739 ut
482 1709 658 1748 providere
683 1710 788 1748 quieti
809 1712 918 1740 vestre
937 1712 1075 1749 paterna
1095 1711 1185 1741 solli-

181 1762 329 1792 citudine
346 1771 553 1793 curaremus.
578 1763 649 1793 Nos
665 1763 768 1802 igitur
788 1764 911 1794 vestris
930 1764 1186 1803 supplicationi-

180 1815 244 1846 bus
260 1815 424 1850 1061101111,
445 1824 484 1846 ne
506 1816 582 1855 quis
604 1816 810 1855 prelatorum
832 1817 983 1855 ipsorum
999 1818 1187 1848 sententias

179 1869 314 1899 easdem
334 1869 367 1899 in
385 1868 537 1899 fraudem
556 1870 813 1909 privilegiorum
833 1871 1017 1908 apostolice
1039 1871 1130 1901 sedis
1146 1872 1186 1901 de

181 1921 290 1950 cetero
311 1920 525 1959 promulgare
545 1924 730 1959 presumat,
754 1923 794 1952 ad
822 1923 928 1953 instar
947 1923 1057 1953 felicis
1080 1932 1186 1954 recor-

180 1973 326 2003 dationis
344 1974 529 2004 Innocentii
550 1976 581 2005 et
599 1975 796 2011 Alexandri,
816 1977 1091 2017 predecessorum
1113 1985 1185 2007 nos·

179 2028 308 2057 trorum
326 2028 554 2058 Romanorum
566 2028 776 2067 pontificum,
789 2030 987 2060 auctoritate
1003 2030 1188 2068 apostolica

180 2079 384 2115 inhibemus,
396 2080 617 2111 decernentes
634 2090 690 2111 eas
708 2082 824 2112 irritas
838 2084 869 2112 et
885 2083 1015 2119 inanes,
1029 2083 1057 2112 si
1073 2085 1187 2113 contra

179 2133 418 2163 inhibitionem
451 2133 644 2172 hujusmodi
676 2135 801 2166 fuerint
836 2136 1058 2175 promulgate.
1092 2137 1186 2167 Nulli

178 2195 255 2225 ergo
279 2205 327 2217 —.
351 2187 385 2218 Si
407 2187 483 2226 quis
506 2205 555 2216 —-.
579 2188 704 2218 Datum
726 2189 883 2225 Viterbii,
904 2198 935 2219 vi
960 2199 1065 2219 nonas
1092 2190 1185 2226 maii,

185 2241 401 2278 pontificatus
417 2241 522 2271 nostri
541 2250 626 2272 anno
649 2242 758 2280 primo
779 2267 784 2272 .
806 2246 812 2265 ¹
834 2253 848 2272 »

269 2411 363 2441 2901

787 2410 912 2443 Viterbe‚
930 2412 945 2436 8
961 2412 1017 2438 mai
1038 2413 1115 2439 1202.

221 2493 401 2527 Praeeeptori
419 2496 446 2520 et
461 2493 596 2520 fratribus
615 2494 716 2521 domus
736 2495 852 2522 Militiae
869 2495 978 2530 Templi
993 2496 1021 2522 in
1037 2496 1188 2531 Aquitania

178 2542 327 2569 libertates
340 2544 367 2569 et
379 2541 581 2569 immunitates
597 2543 759 2571 confirmat.
776 2545 872 2576 (Aaou.
890 2545 960 2571 Nar.
977 2553 991 2571 L
1005 2546 1068 2578 254,
1084 2552 1115 2572 11⁰
1130 2547 1186 2580 ⁵27.)

223 2656 237 2675 1(
256 2645 396 2675 Urbanus
408 2645 573 2685 episcopus,
585 2655 687 2675 seruus
698 2655 849 2675 servorum
863 2645 928 2682 Dei,
939 2646 1057 2676 dilectis
1075 2647 1150 2687 filiis
1162 2672 1167 2678 .
1181 2670 1187 2676 .

177 2699 358 2739 preceptori
374 2703 401 2727 et
415 2698 566 2737 fratribus
582 2698 685 2728 domus
702 2698 811 2728 Militie
828 2699 943 2739 Templi
958 2700 988 2729 in
1007 2700 1188 2740 Aquitania,

177 2752 306 2781 salutem
326 2756 352 2781 e!
379 2751 578 2791 apostolicam
606 2751 849 2782 benediccionem.
872 2752 955 2783 Cum
977 2761 995 2782 a
1018 2753 1115 2783 nobis
1139 2772 1188 2783 —.

184 2806 308 2836 Datum
338 2804 495 2840 viterbii,
526 2815 583 2835 vui
610 2805 686 2835 idus
712 2805 803 2842 maii,
836 2806 1051 2844 pontificatus
1082 2807 1190 2837 nostri

209 2927 230 2950 1.
249 2926 327 2950 Cette
345 2925 422 2949 bulle
438 2927 480 2949 est
501 2925 653 2949 conservee
671 2925 742 2949 dans
759 2932 797 2949 un
818 2925 943 2950 vidimus
959 2926 991 2950 de
1009 2926 1137 2951 l'ofsicial
1156 2927 1188 2951 de

178 2971 266 2997 Laon¹
287 2970 350 2994 date
370 2970 403 2994 de
419 2969 573 2993 novembre
591 2970 658 2994 ¹399.

307 3015 449 3043 Unnam
472 3014 524 3047 lV,
545 3017 565 3041 t.
587 3014 638 3045 lv,
662 3016 725 3049 Req.
745 3015 804 3041 ord.

1247 377 1332 399 anno
1345 369 1465 407 primo.
1484 379 1498 397 i)
1518 370 1620 407 (Balla
1637 376 1756 400 verenae
1769 381 1828 411 par
1841 372 1890 402 dus
1905 373 1964 403 lars
1983 373 2017 403 de
2033 375 2094 403 soie
2106 375 2204 414 jaune
2224 382 2249 406 et

1246 422 1363 461 roiiqe.)

1335 575 1432 605 2902

1856 578 1976 609 [terim
1993 579 2081 605 9111111
2104 581 2179 607 1202.

1279 656 1380 683 Abbati
1402 659 1426 683 et
1444 657 1595 683 conventui
1614 667 1636 685 s.
1654 659 1786 686 (lei-niani
1807 661 1840 686 de
1858 661 1948 688 l’ratis
1968 662 2138 689 parisiensis
2160 664 2252 691 indul-

1243 708 1291 739 get
1315 707 1344 732 ut
1364 706 1392 732 in
1409 706 1502 732 causis
1522 707 1556 732 ud
1573 706 1779 734 exhibitionem
1805 709 2021 745 privilegiorum
2043 715 2070 738 et
2097 712 2251 747 indulgen-

1243 753 1348 780 tiarum
1368 754 1488 781 11111111111·
1511 756 1735 790 compellantur,
1752 758 1889 791 quamdiu
1905 759 1996 792 parati
2016 760 2117 787 fuerint
2137 761 2164 787 in
2186 770 2250 788 1110-

1244 803 1371 830 nasterio
1388 803 1476 838 judici
1495 806 1523 830 et
1544 805 1708 831 adversario
1732 814 1829 832 coram
1857 807 1998 842 aliquibus
2027 809 2106 835 lionis
2134 810 2200 836 viris
2216 812 2250 837 <le

1244 851 1312 886 ipsis
1328 852 1515 887 indulgentiis
1525 856 1551 880 et
1568 854 1725 889 privilegiis
1742 855 1826 882 sideni
1841 856 1942 883 facere.
1955 858 2054 892 (Minu.
2073 858 2144 885 Nar.
2166 859 2250 891 62131,

1243 909 1273 927 no
1288 902 1344 934 26.)

1284 1007 1298 1026 «
1323 997 1462 1028 Urbanus
1476 1000 1642 1039 episeopus,
1656 1011 1758 1030 servits
1768 1012 1921 1032 set-uorum
1938 1003 2001 1039 Dei,
2017 1003 2133 1034 dilectis
2142 1005 2228 1045 filiis.
2243 1029 2248 1034 .

1244 1051 1346 1080 abbati
1364 1058 1390 1081 ee
1411 1054 1571 1082 conventui
1585 1056 1760 1084 monasterii
1775 1066 1799 1086 s.
1818 1056 1960 1086 Germani
1979 1057 2013 1087 de
2034 1059 2138 1087 l’rcitis
2163 1059 2251 1088 Pari-

1243 1105 1357 1141 siensis,
1379 1105 1496 1135 ordinis
1515 1117 1538 1136 s.
1564 1107 1735 1145 Benedicti,
1757 1108 1796 1138 ad
1813 1108 1979 1140 Romanam
2002 1111 2153 1141 ecclesiam
2169 1111 2251 1142 nullo

1243 1158 1341 1187 medio
1364 1160 1558 1198 pertinentis,
1584 1160 1709 1190 salutem
1735 1167 1761 1191 ec
1784 1163 1982 1203 apostolicam
2006 1164 2251 1195 benedictionem.

1244 1212 1321 1242 Hiis
1343 1221 1407 1251 que
1428 1213 1524 1244 vobis
1543 1216 1575 1244 et
1596 1216 1800 1246 monasterio
1823 1219 1935 1247 vestro
1958 1218 2056 1248 utilia
2076 1219 2252 1258 perpendi-

1244 1274 1319 1295 mus
1336 1268 1426 1297 tanto
1444 1267 1606 1298 libentius
1619 1268 1744 1299 favoris
1756 1269 2019 1301 benivolentiam
2039 1272 2254 1311 impertimur

1243 1321 1368 1358 quanto
1395 1329 1453 1350 vos
1469 1321 1577 1359 gratia
1594 1322 1830 1362 prosequimur
1847 1324 2015 1362 ampliori.
2036 1326 2119 1355 Cum
2138 1326 2252 1364 igitur,

1244 1371 1331 1402 sicut.
1355 1372 1452 1403 nobis
1471 1374 1662 1412 significare
1685 1376 1841 1411 curastis,
1863 1385 2102 1416 nonnunquam
2126 1379 2252 1409 contin-

1243 1427 1297 1464 gat
1312 1434 1372 1456 vos
1386 1427 1417 1456 et
1430 1426 1560 1465 priores
1575 1436 1612 1458 ac
1627 1429 1808 1459 monachos
1823 1430 2033 1468 prioratuum
2050 1431 2089 1461 ad
2104 1433 2253 1462 vestrum

1244 1479 1490 1510 monasterium
1508 1480 1606 1519 pleno
1624 1481 1699 1520 jure
1714 1483 1953 1521 spectantium,
1966 1485 2033 1514 tam
2054 1485 2252 1515 auctoritate

1245 1532 1416 1562 ordinaria
1434 1542 1534 1572 quam
1553 1534 1653 1565 etiam
1676 1535 1839 1574 delegata,
1869 1545 1970 1575 super
1987 1537 2133 1568 diversis
2157 1547 2253 1577 ques-

1243 1585 1394 1616 tionibus
1411 1588 1579 1617 conveniri
1597 1589 1629 1618 et
1645 1597 1686 1618 ex
1702 1589 1815 1619 causis
1834 1591 1939 1620 variis
1955 1592 2082 1630 requiri
2096 1594 2254 1622 111061611-

1244 1639 1332 1668 datis
1351 1639 1529 1678 privilegia
1543 1641 1574 1670 et
1588 1640 1814 1680 indulgentias
1831 1643 1954 1682 quibus
1973 1652 2032 1674 vos
2050 1645 2146 1675 sedes
2159 1654 2255 1684 apos-

1244 1692 1344 1722 tolica
1371 1693 1605 1728 communivit,
1638 1704 1675 1725 ac
1703 1704 1743 1725 ex
1763 1697 1956 1727 ostensione
1980 1697 2132 1736 ipsorum
2154 1707 2254 1737 grave

1244 1745 1340 1775 vobis
1353 1746 1528 1777 immineat
1538 1748 1789 1785 detrimentum,
1799 1749 1973 1780 subveniri
1983 1750 2254 1790 vobissuperhoc

1244 1799 1436 1836 provisione
1467 1800 1653 1838 apostolica
1679 1810 1753 1831 cum
1786 1802 1948 1833 instantia
1976 1803 2156 1841 petivistis.
2182 1805 2253 1834 Nos

1244 1851 1358 1890 igitur,
1377 1853 1500 1882 vestris
1511 1854 1991 1892 supplicationibusinclinati,
2005 1856 2045 1886 ad
2057 1857 2163 1886 instar
2179 1857 2251 1886 feli-

1244 1905 1292 1935 cis
1303 1906 1547 1936 recordationis
1560 1907 1743 1937 Alexandri
1756 1917 1850 1946 pape,
1867 1909 2117 1947 predecessoris
2133 1910 2252 1946 nostri,

1243 1959 1441 1988 auctoritate
1462 1959 1558 1989 vobis
1575 1961 1784 1998 presentium
1801 1961 2015 2000 indulgemus
2036 1964 2072 1992 ut
2091 1963 2124 1992 in
2141 1963 2253 1993 causis

1242 2011 1447 2050 hujusmodi,
1469 2021 1680 2052 quacumque
1700 2014 1900 2045 auctoritate
1922 2016 2074 2053 agantur,
2098 2016 2138 2045 ad
2164 2016 2254 2045 exhi-

1243 2064 1405 2095 bitionem
1429 2066 1684 2105 privilegiorum
1711 2067 1763 2098 vel
1788 2068 2075 2107 indulgentiarum
2103 2069 2252 2108 ipsarum

1243 2118 1402 2157 compelli
1419 2128 1484 2149 non
1502 2120 1641 2158 possitis
1656 2120 1765 2157 inviti,
1780 2122 1928 2160 quandiu
1946 2122 2053 2160 parati
2073 2122 2206 2152 fueritis
2220 2123 2254 2152 in

1243 2173 1354 2202 vestro
1365 2173 1570 2203 monasterio
1581 2173 1687 2212 judici
1699 2176 1729 2204 et
1742 2174 1946 2212 adversario,
1958 2184 2069 2205 coram
2083 2175 2254 2214 aliquibus

1243 2225 1341 2255 bonis
1354 2225 1449 2262 11116,
1463 2226 1570 2256 facere
1581 2227 1652 2256 sine
1665 2227 1779 2257 fraude
1793 2229 1859 2258 tam
1875 2228 1914 2258 de
1932 2228 2023 2258 bulla
2034 2238 2133 2268 quam
2150 2229 2189 2259 de
2203 2238 2255 2259 ca-

1243 2279 1363 2317 pitulis
1374 2279 1659 2318 indulgentiarum
1671 2282 1701 2311 et
1711 2281 1966 2320 privilegiorum
1979 2282 2128 2320 ipsorum
2141 2291 2251 2312 neces·

1244 2332 1346 2362 sariis
1362 2333 1393 2362 et
1411 2333 1554 2363 articulo
1571 2342 1673 2372 super
1690 2343 1754 2372 quo
1770 2343 1905 2364 causam
1923 2335 1975 2373 agi
1988 2335 2175 2374 contigerit,
2189 2335 2254 2374 ple-

1244 2394 1322 2415 nam
1339 2385 1450 2416 fidem.
1470 2386 1564 2416 Nulli
1584 2396 1661 2425 ergo
1678 2405 1725 2417 —.
1744 2388 1777 2418 Si
1795 2387 1872 2426 quis
1886 2405 1934 2417 -—.
1955 2388 2076 2417 Datum
2095 2387 2251 2424 Yiterbii,

1245 2449 1288 2468 vii
1308 2438 1383 2469 idus
1402 2439 1492 2474 maii,
1513 2440 1725 2477 pontificatus
1748 2440 1853 2470 nostri
1873 2449 1959 2470 anno
1979 2441 2098 2478 primo.
2120 2450 2134 2469 »

1334 2596 1434 2627 2903

1828 2598 1952 2629 Yiterbe,
1975 2599 2003 2626 11
2028 2598 2085 2625 mai
2105 2601 2180 2627 1202.

1280 2677 1426 2704 Universis
1435 2679 1586 2706 abbatibus
1597 2679 1795 2707 Cisterciensis
1805 2681 1913 2709 ordinis
1926 2682 2053 2718 iudulget
2066 2686 2095 2711 ut
2107 2684 2255 2719 delegatis

1245 2726 1370 2760 aliquam
1402 2727 1562 2760 portionem
1594 2728 1703 2755 solvere
1733 2729 1853 2756 minime
1880 2733 2042 2758 teneantur.
2059 2732 2211 2767 (Attffltlx'lo
2227 2741 2255 2761 01

1246 2777 1338 2801 Suro
1357 2784 1373 2802 A
1395 2776 1487 2807 110110,
1509 2776 1589 2803 100116
1607 2777 1742 2813 Fiastra.)

1283 2882 1296 2896 (t
1315 2872 1461 2899 Universis
1485 2876 1634 2907 presentes
1659 2874 1770 2901 litteras
1792 2875 1975 2911 inspecturis,
2000 2886 2062 2910 nos,
2089 2878 2175 2906 frater
2192 2880 2254 2915 Th„

1248 2921 1434 2948 miseratione
1450 2922 1546 2949 dlvina
1563 2923 1743 2951 llertusensis
1762 2924 1922 2960 opiscopus,
1940 2927 2064 2954 salutem
2079 2928 2107 2955 in
2123 2929 2255 2957 Domino.

1248 2970 1363 2997 Noverit
1385 2970 1558 2998 universitas
1584 2974 1679 2999 vestra
1696 2981 1746 3000 nos
1770 2973 1874 3001 vidisse
1897 2976 1971 3009 apud
1993 2976 2163 3004 (listercium
2182 2978 2258 3006 litte-

2117 3028 2134 3053 6
