2519 3262
1040 185 1279 224 TROISIEME
1308 185 1470 222 ANNEE.

302 279 395 309 1397
786 277 911 309 Orvieto,
932 276 1055 311 &juillet
1075 276 1151 303 1264.

243 361 439 395 infrascriptis
473 362 592 388 mandat
620 363 650 388 ut
677 361 837 388 sententias
862 359 1172 387 excommunicationis
1201 360 1224 386 si

206 418 278 445 quae
305 411 332 437 in
359 410 469 437 Heliam
499 411 532 437 de
555 411 686 440 Caturco,
710 410 883 436 canonicum
913 409 1119 441 Parisiensem,
1146 416 1225 435 occa-

207 459 287 486 sione
310 460 386 486 Petri
411 459 543 490 nossem,
573 459 746 493 professoris
770 458 948 493 theologicae
974 458 1131 488 facultatis,
1149 458 1224 484 latae

207 511 285 541 sunt,
306 509 444 536 relaxent.
463 509 542 543 (Rau.
557 509 601 539 29,
616 508 665 535 fol.
680 509 730 536 2οΤ
748 514 788 538 v⁰‚
807 508 938 542 n01047.)

247 624 262 644 (t
275 637 281 642 .
297 638 302 642 .
321 604 451 654 officiali
474 615 601 654 majoris
620 614 828 643 archidiaconi
845 613 1011 649 liemcrzsis,
1029 618 1058 642 et
1078 612 1223 651 maqistro

207 667 388 707 Raymundo
402 667 438 697 de
455 667 599 704 caturco,
622 667 767 696 canonico
786 666 907 696 ecclesie
925 666 961 696 de
978 665 1144 699 Guormzz'o,
1162 665 1223 694 Ro-

207 720 411 759 thomayensis
448 720 584 749 diocesis.
618 721 669 750 Ex
703 722 797 758 parte
825 719 939 750 dilecti
974 719 1034 748 filii
1067 718 1223 756 magistri

206 773 316 812 Helye
346 774 385 803 de
409 774 563 808 Caturco⁷
582 773 735 803 canonici
754 772 974 808 Parisiensis‚
995 771 1093 801 nobis
1110 771 1222 801 extitit

207 827 402 856 intimatum
428 826 535 865 quod.
554 850 560 855 .
578 826 672 865 prior
696 826 803 856 sancti
828 825 988 864 Dyonisii
1014 825 1047 854 in
1066 825 1220 860 Francia,

207 881 378 915 executor,
393 881 429 909 nt
448 879 591 915 dicebat,
608 879 774 909 sententie
785 879 851 908 late
870 887 929 916 per
943 877 1103 908 dilectum
1115 877 1223 907 filium

208 934 362 963 nostrum
389 932 434 967 J.‚
455 934 650 962 sanctorum
668 932 790 962 Cosme
814 933 846 962 et
862 931 1022 961 Damiani
1044 931 1222 960 diaconum

207 985 427 1019 cardinalem,
453 986 612 1015 contra..
645 984 821 1021 decanum,
845 986 877 1014 et
906 984 1093 1023 capitulum
1124 983 1222 1014 Pari-

207 1039 341 1069 sienses
357 1047 418 1077 pro
433 1039 598 1077 magistro
618 1039 718 1069 Petro
737 1037 901 1073 Rosselli,
918 1037 1113 1076 professore
1132 1037 1222 1067 theo-

207 1092 315 1130 logice
345 1091 529 1127 facultatis,
551 1100 653 1130 super
672 1091 864 1130 receptione
890 1100 928 1121 ac
950 1091 1144 1129 provisione
1162 1099 1223 1120 sua

207 1145 243 1174 in
260 1145 448 1175 Parisiensi
465 1145 609 1175 ecclesia
625 1154 642 1175 a
664 1145 743 1175 sede
760 1144 948 1183 apostolica
964 1144 1156 1183 deputatus,
1175 1144 1223 1174 di-

206 1206 324 1228 versas
343 1198 377 1228 in
397 1199 662 1229 contradictores
682 1200 714 1228 et
734 1198 879 1228 rebelles
898 1198 1101 1237 generaliter
1120 1200 1151 1228 et
1170 1207 1224 1228 no-

208 1251 364 1282 minatim
382 1251 415 1281 in
439 1251 573 1290 aliquos
591 1251 966 1287 excommunicationis,
986 1252 1224 1290 suspensionis

208 1306 240 1335 et
257 1304 429 1335 interdicti
445 1305 644 1341 sententias,
662 1306 739 1343 post
761 1305 1024 1343 appellationem
1045 1305 1086 1334 ad
1108 1305 1223 1335 sedem

208 1358 431 1396 apostolicam
459 1358 684 1397 interjectam,
705 1358 803 1388 duxit
820 1367 880 1396 pro
897 1366 957 1387 sue
975 1357 1161 1387 voluntatis
1187 1358 1222 1388 11-

207 1410 278 1441 bito
302 1411 533 1449 proferendas.
553 1412 663 1446 Quare
682 1420 740 1450 per
764 1411 878 1450 ipsum
892 1411 1095 1449 magistrum
1107 1412 1148 1440 H.
1170 1420 1223 1441 no-

207 1464 261 1494 bis
274 1465 337 1494 suit
355 1464 530 1495 humiliter
548 1464 779 1503 supplicatum
790 1466 836 1500 ut,
856 1473 896 1494 ne
912 1466 1028 1494 contra
1043 1472 1131 1499 eum⁷
1151 1473 1223 1502 pre-

208 1519 304 1548 textu
322 1518 569 1548 sententiarum
588 1518 783 1551 earundem,
799 1518 980 1556 quicquam
998 1517 1031 1547 in
1050 1519 1224 1556 posterum

209 1580 228 1601 a
246 1580 416 1610 quoquam
442 1571 529 1601 obici
556 1571 679 1607 valeat,
699 1572 730 1601 et
749 1572 784 1600 ut
804 1580 865 1600 sua
882 1571 915 1600 in
933 1571 1000 1600 hiis
1018 1571 1226 1601 conscientia

210 1626 366 1655 servetur
383 1624 493 1659 illesa,
512 1624 690 1663 providere
715 1624 748 1653 111
765 1624 825 1653 hac
842 1626 937 1663 parte
954 1624 1020 1653 sibi
1039 1625 1226 1663 apostolica

210 1679 441 1709 sollicitudine
466 1687 675 1708 curaremus.
693 1678 763 1708 Nos
788 1679 891 1717 igitur
911 1678 1036 1716 ipsum,
1064 1678 1225 1717 gratiosis

210 1733 282 1762 suis
308 1732 524 1770 exigentibus
551 1732 694 1767 meritis,
710 1733 850 1770 paterna
866 1731 1096 1761 benivolentia
1111 1740 1226 1770 prose—

210 1788 364 1824 quentes,
396 1786 469 1824 ejus
493 1785 804 1824 supplicationibus
832 1785 999 1821 inclinati,
1027 1785 1226 1815 discretioni

210 1840 321 1868 vestre
345 1839 545 1868 mandamus
563 1838 723 1877 quatinus
740 1847 800 1868 vos
818 1838 871 1868 vel
885 1838 970 1868 alter
984 1839 1148 1873 vestrum,
1167 1847 1226 1877 per

210 1900 270 1922 vos
280 1891 332 1921 vel
346 1900 406 1930 per
423 1892 541 1928 alium,
561 1891 601 1921 ab
619 1892 694 1930 ipso
712 1891 874 1930 magistro
889 1891 1225 1930 receptojurainento

211 1945 251 1974 de
270 1946 417 1983 parendo
436 1945 605 1975 mandatis
622 1945 775 1980 ecclesie,
794 1945 962 1983 predictas
975 1945 1224 1983 suspensionis,

211 1999 575 2028 excommunicationis
607 2000 640 2029 et
670 1998 842 2028 interdicti
869 1998 1067 2033 sententias,
1098 1998 1126 2027 si
1162 2006 1226 2036 que

210 2052 347 2088 fuerim,
381 2052 492 2090 quoad
514 2052 658 2082 eundem
685 2051 887 2090 magistrum
913 2052 968 2088 H„
989 2051 1062 2081 sine
1081 2051 1222 2081 difficul-

211 2106 280 2135 tate
298 2105 450 2144 qualibet
477 2105 683 2139 relaxantes,
703 2114 779 2135 cnm
801 2113 839 2135 eo
857 2113 959 2143 super
975 2105 1226 2144 irregularitate

211 2159 356 2197 siquam
377 2167 413 2189 se
440 2159 664 2189 immiscendo
683 2158 809 2188 divinis
828 2159 997 2188 contraxit
1015 2158 1149 2193 exinde,
1167 2167 1227 2188 nec

213 2220 279 2242 non
298 2212 388 2250 quod
411 2212 610 2242 decanatum
637 2213 668 2242 et
691 2211 895 2251 prebendam
923 2212 1170 2242 Laudunenses
1187 2212 1227 2241 de

213 2265 338 2304 quibus
364 2265 431 2295 sibi
461 2265 572 2295 medio
597 2267 750 2303 tempore
779 2264 941 2294 duximus
967 2265 1225 2303 providendum,

214 2318 396 2348 sententiis
420 2319 453 2348 et
480 2318 559 2348 aliis
582 2318 744 2357 predictis
767 2326 981 2357 nequaquam
999 2317 1226 2355 obstantibus,

212 2372 322 2411 possit
346 2371 437 2402 licite
466 2372 623 2407 retinere,
648 2380 723 2401 cum
753 2371 900 2401 velimus
917 2371 1007 2410 quod
1032 2371 1228 2410 hujusmodi

214 2424 301 2454 sacta
326 2424 393 2454 sibi
410 2424 561 2462 provisio
578 2433 616 2454 ac
633 2424 663 2454 si
679 2424 766 2454 dicte
791 2424 958 2454 sententie
978 2424 1046 2454 late
1066 2424 1228 2462 aliquate-

214 2486 278 2507 nus
301 2486 366 2507 non
385 2477 543 2513 fuissent,
565 2476 666 2507 robur
684 2477 806 2507 habeat
822 2477 1007 2512 firmitatis,
1029 2477 1229 2508 auctoritate

214 2532 330 2561 nostra
363 2530 603 2560 nichilominus
634 2530 853 2569 dispensetis.
884 2531 1011 2561 Datum
1042 2531 1132 2569 apud
1168 2531 1229 2561 Ur-

214 2584 454 2619 bemveterem‚
476 2592 498 2613 11
520 2592 626 2613 nonas
642 2583 731 2622 julii,
750 2591 837 2613 anno
859 2584 972 2614 tertio.
994 2594 1009 2613 »

307 2759 324 2789 1
331 2758 404 2789 998

792 2755 917 2786 Orvieto,
932 2757 947 2782 7
961 2756 1057 2792 juillet
1078 2756 1156 2783 1264.

252 2840 354 2868 Abbati
371 2839 556 2867 Cisterciensi
570 2841 599 2866 et
616 2839 743 2874 capitulo
758 2839 887 2874 generali
905 2840 1014 2867 ordinis
1030 2839 1231 2867 Cisterciensis

216 2891 336 2917 mandat
354 2892 385 2917 ut
407 2890 441 2916 de
469 2889 551 2916 bonis
567 2889 675 2916 ordinis
703 2889 735 2916 G.
755 2888 832 2916 tituli
858 2897 881 2915 s.
899 2889 1045 2916 Laurentii
1068 2889 1097 2916 in
1123 2889 1231 2916 Lucina

341 2939 480 2966 URBAIN
503 2937 555 2969 IV,
574 2939 596 2964 t.
618 2936 672 2969 111,
695 2938 759 2971 Rey.
781 2937 842 2964 ord.

2236 199 2291 226 321

1282 275 1451 310 presbytero
1475 274 1625 301 cardinali.
1654 275 1846 308 provisionem
1868 284 1995 302 annuam
2016 277 2292 312 quadringentarum

1282 331 1446 350 marcarum
1464 323 1576 358 argenti
1594 323 1768 357 persolvant.
1783 324 1860 353 (Rae.
1876 325 1920 352 29,
1936 325 1984 351 fol.
1999 326 2050 352 207
2069 334 2108 356 vo,
2123 333 2151 352 11⁰
2171 328 2258 361 1048.)

1321 442 1335 459 (‹
1357 431 1474 460 Dilecto
1489 430 1557 468 silio
1579 453 1585 459 .
1602 456 1607 461 .
1622 431 1724 459 abbaci
1743 431 1947 463 Ci'ste1·cicnsi,
1965 437 1991 461 el
2013 432 2146 471 capitulo
2158 433 2295 471 (senerah

1281 484 1396 513 ordinis
1424 483 1641 514 Cium-cizensis.
1659 484 1922 515 Considerantes
1954 485 1986 514 in
2007 485 2084 515 sinu
2103 504 2150 515 —.
2170 487 2294 516 Datum

1281 537 1370 576 apud
1389 537 1678 573 Urbemveterem,
1698 538 1796 568 nonis
1811 538 1901 576 julii,
1920 547 2006 568 anno
2021 539 2133 569 tertio.
2152 552 2166 566 »

1372 698 1469 728 1939
1873 697 1999 730 ers-icto,
2013 697 2048 723 30
2060 697 2122 731 juin
2144 698 2220 725 1204.

1317 781 1456 815 Episcopo
1487 781 1642 807 Biterrensi
1671 781 1796 815 indulget
1826 784 1853 807 ut
1881 789 1969 808 unum
1994 791 2007 808 c
2029 781 2141 808 clericis
2171 782 2259 816 ipsius
2279 792 2294 808 a

1280 830 1388 856 ‹lecano
1414 832 1442 856 et
1462 830 1588 864 capitulo
1605 830 1743 857 ecclesiae
1763 830 1933 857 Biterrensis
1957 831 2043 864 recipi
2061 831 2147 857 faciat,
2165 831 2192 857 in
2211 839 2293 857 cano⁴

1280 880 1391 912 nicum,
1416 880 1466 906 sub
1498 880 1711 913 exspectatione
1747 880 1935 913 praeben-lae.
1968 880 2044 913 (Rem.
2077 881 2121 910 29,
2154 879 2202 906 fol.
2233 880 2293 910 2³08,

1281 933 1310 954 n⁰
1330 928 1419 959 1049.)

1323 1034 1512 1074 «Episcopo
1539 1034 1720 1063 Biterrensi.
1751 1034 1858 1064 Tuam
1882 1034 2034 1064 volentes
2063 1033 2227 1064 honorare
2244 1053 2292 1065 ——.

1280 1088 1406 1118 Datum
1433 1087 1522 1127 apud
1546 1087 1837 1122 Urbemveterem‚
1859 1097 1880 1116 11
1910 1087 2074 1117 kalendas
2097 1087 2188 1126 julii,
2207 1096 2293 1118 anno

1280 1142 1393 1172 tertio.
1414 1152 1428 1169 >1

1372 1302 1469 1333 2000

1842 1300 1967 1332 Orvieto,
1991 1300 2126 1335 t4juillet
2146 1301 2222 1327 1201.

1318 1385 1474 1419 Stephano,
1491 1386 1599 1411 ‹Vlecano
1614 1385 1752 1414 Tullensi,
1775 1384 1912 1411 familiari
1929 1385 2098 1418 apostolico,
2121 1385 2249 1419 indulget
2266 1387 2296 1412 ut

1281 1434 1309 1460 in
1326 1434 1456 1461 absentia
1475 1434 1583 1461 fructus
1600 1434 1828 1468 praebendarum
1850 1434 1984 1460 Metensis
2003 1437 2029 1460 ct
2050 1434 2235 1460 Virdunensis
2249 1442 2296 1460 ec-

1282 1483 1748 1517 clesiaruin,quarun1canonieus
1766 1482 1873 1510 existit.
1890 1491 1955 1509 cnm
1968 1483 2133 1517 integritate
2151 1483 2295 1517 percipere

1282 1533 1386 1559 valeat.
1408 1533 1488 1566 (ΒΕΘ.
1509 1534 1552 1559 29,
1574 1532 1621 1559 sol.
1641 1532 1702 1559 208,
1722 1536 1754 1558 11⁰
1775 1532 1863 1559 luzo]

1324 1637 1527 1675 «Stephano,
1555 1636 1667 1665 decimo
1708 1635 1851 1667 Tullensi,
1878 1634 2030 1673 familiari
2052 1640 2166 1664 nostro.
2193 1635 2296 1665 Grata

1283 1690 1474 1720 devotionis
1487 1689 1650 1728 obsequia
1668 1707 1714 1718 —.
1733 1689 1856 1719 Datum
1869 1689 1957 1727 apud
1970 1688 2258 1721 Urbemveterem.
2274 1699 2295 1717 11

1284 1743 1360 1773 idus
1374 1742 1464 1781 julii,
1482 1751 1567 1772 anno
1586 1743 1698 1772 tertio
1718 1753 1732 1769 η
1777 1754 1781 1760 -

1375 1894 1468 1924 2001

1845 1892 1969 1923 0111010,
1993 1892 2022 1919 14
2035 1892 2130 1927 juillet
2149 1893 2223 1919 1201.

1318 1978 1461 2004 Decanum
1480 1977 1617 2003 ecclesiae
1638 1976 1873 2003 Montist'alconis,
1896 1976 2044 2003 Remensis
2062 1976 2196 2008 diocesis,
2218 1984 2297 2011 prae-

1282 2027 1375 2054 dictae
1395 2026 1588 2061 indulgentiae
1605 2027 1721 2060 deputat
1741 2029 1983 2053 conservatorem.
2005 2027 2083 2060 (Rau.
2105 2027 2150 2057 29,
2168 2026 2204 2052 sol
2235 2028 2297 2059 208,

1283 2081 1314 2102 n⁰
1333 2077 1423 2108 1051.)

1325 2194 1340 2212 <t
1358 2183 1478 2212 Decimo
1512 2182 1631 2212 ecclesie
1669 2181 1925 2220 illontisfiilcoriis,
1971 2180 2120 2210 [ternensis
2163 2179 2296 2210 diocesis.

1283 2238 1387 2268 Grata
1403 2236 1594 2267 devotionis
1611 2235 1774 2274 obsequia
1792 2253 1836 2264 —.
1856 2235 1980 2265 Datum
1998 2236 2032 2263 ut
2050 2242 2162 2272 supra.
2184 2243 2198 2261 1)

1865 2395 1990 2426 Orvieto,
2008 2395 2024 2421 si
2037 2395 2132 2430 juillet
2151 2395 2226 2421 1204.

1376 2401 1474 2432 2002

1323 2484 1468 2511 Bochai-do
1493 2484 1527 2510 de
1551 2481 1849 2512 Monte-Morenciaeo,
1871 2480 2007 2507 canonico
2031 2479 2189 2511 Briocensi,
2217 2487 2298 2505 man·

1286 2535 1335 2561 dat
1349 2537 1379 2561 ut
1391 2533 1541 2560 Nicolaum
1551 2533 1584 2558 de
1595 2531 1769 2566 Petrigneio,
1788 2538 1944 2564 pauperem
1958 2529 2095 2555 clericum
2111 2529 2301 2563 Andegaven-

1286 2592 1359 2615 sem,
1379 2583 1407 2610 in
1428 2581 1605 2609 monasterio
1622 2580 1760 2607 ecclesiae
1779 2588 1801 2606 s.
1820 2578 1923 2606 Mariae
1947 2578 2172 2613 Andegavensis,
2191 2577 2300 2604 ordinis

1288 2641 1311 2660 s.
1327 2632 1484 2659 Benedicti,
1500 2631 1527 2657 iu
1545 2639 1599 2665 quo
1615 2632 1679 2656 sunt
1703 2628 1834 2656 canonici
1857 2627 2002 2655 seculares
2026 2627 2206 2662 praebendas
2232 2626 2302 2653 inibi

1287 2681 1448 2709 obtinentes
1474 2688 1595 2714 quarum
1611 2678 1728 2705 collatio
1751 2678 1787 2704 ad
1803 2677 1981 2704 abbatissam
2001 2679 2029 2703 et
2042 2679 2217 2703 conventum
2231 2675 2304 2711 ejus-

1287 2731 1353 2757 dem
1381 2728 1549 2756 monasterii
1578 2727 1712 2761 pertinet.
1735 2726 1763 2752 in
1795 2726 1980 2758 canonicum,
2007 2726 2059 2752 sub
2089 2725 2302 2759 exspectatione

1288 2779 1480 2814 praebendae,
1495 2777 1582 2811 recipi
1607 2776 1702 2803 saciat.
1723 2775 1801 2809 (Rau.
1817 2776 1862 2805 29,
1878 2774 1928 2802 fol.
1945 2776 2008 2808 208,
2024 2780 2054 2800 n⁰
2074 2774 2164 2803 1052.)

1330 2896 1344 2915 ((
1364 2884 1526 2915 Boclzardo
1547 2883 1581 2913 de
1606 2882 1927 2914 Monte-illorenciaco,
1958 2881 2103 2910 canonico
2133 2880 2302 2910 llrioccnsi.

2144 2933 2177 2959 41
