2519 3262
1077 186 1318 224 Tuoisifflus
1347 185 1508 222 ANNJL‘E.

292 290 306 308 «
328 280 447 309 Oceano
464 284 490 308 el
520 278 653 319 capitulo
678 278 798 308 ecclesie
825 289 849 308 s.
884 277 989 307 Thomc
1014 277 1257 315 sir-qenlincnsis.

252 333 478 372 Supplicastis
494 332 591 362 nobis
602 341 660 371 per
674 349 721 360 —.
738 332 860 362 Datum
875 330 963 369 apud
975 329 1263 364 Urbemveterem,
1293 352 1294 370 3

254 395 273 415 v
292 386 456 416 kalendas
471 385 677 421 novembriS,
696 394 782 414 anno
802 384 912 414 tertio.
932 392 948 411 »

807 553 932 586 Uri-icit),
948 553 977 579 ltj
993 552 1095 578 sex-rior
1115 552 1192 579 1204.

349 558 444 589 1376

287 640 447 672 Bonefacio,
465 638 679 672 archiepiscopo
704 635 913 663 Cautuariensi.
930 635 1119 670 supplicante,
1135 636 1263 662 decernit
1291 632 1292 667 ἶ

253 689 481 715 wintoniensem
495 687 661 721 episcopum
677 694 773 712 coram
788 685 958 711 officialibus
970 684 1263 719 archiepiscopalibus

251 737 362 764 evocari
378 744 473 771 posse.
487 735 624 770 quamdiu
643 733 874 768 archiepiscopus
896 733 924 759 in
945 733 1064 760 Francia
1082 742 1193 759 moram
1221 733 1265 760 sa-

250 794 312 812 cere
333 787 462 819 cogatur,
492 786 601 810 statuto
630 783 672 810 vel
696 782 846 817 privilegio
869 783 1013 809 contrario
1043 790 1099 809 non
1120 783 1263 809 obstante.

251 834 332 867 (Rae.
353 835 399 867 29,
414 833 463 859 sol.
484 832 544 866 123,
561 837 592 858 n⁰
608 832 659 859 420·
676 832 684 866 )

291 951 306 966 «
341 939 510 978 Bonefacio
539 938 765 978 archiepiscopo
801 937 1029 968 cantuariensi.
1061 937 1155 968 Sicut
1190 946 1264 976 por-

250 994 341 1024 recta
355 992 453 1023 nobis
469 1001 510 1023 ex
524 993 617 1031 parte
630 994 687 1022 tua
700 991 817 1030 petitio
830 991 1034 1027 continebat,
1053 999 1114 1020 nos
1128 999 1264 1021 venera-

250 1045 311 1076 bili
328 1046 424 1076 fratri
438 1047 553 1076 nostro
571 1070 576 1075 .
597 1044 1034 1083 .Wintoniensiepiscop0‚
1052 1044 1263 1083 suffraganeo

249 1101 317 1133 tuo,
330 1099 490 1129 duximus
504 1098 747 1137 indulgendum
762 1099 808 1134 ut,
821 1097 983 1136 quamdiu
1000 1105 1112 1127 coram
1128 1098 1160 1127 te
1169 1105 1264 1136 para-

250 1154 305 1183 tus
322 1154 411 1183 esset
424 1152 463 1183 de
474 1161 509 1182 se
522 1151 807 1191 conquerentibus
820 1150 992 1190 justitiam
1008 1150 1178 1184 exhibere,
1197 1158 1264 1180 non

250 1207 365 1245 posset
379 1214 491 1236 coram
511 1205 717 1236 officialibus
737 1207 793 1235 aut
812 1204 1082 1243 quibuscumque
1099 1203 1263 1243 delegatis

250 1259 320 1289 tuis
337 1259 536 1289 auctoritate
557 1260 612 1289 tua
638 1259 671 1288 in
688 1258 854 1297 judicium
874 1258 1017 1288 evocari.
1037 1257 1147 1292 Quare
1166 1256 1264 1287 nobis

252 1313 427 1343 humiliter
456 1312 656 1351 supplicasti
686 1313 734 1348 ut,
755 1320 830 1341 cum
848 1311 928 1341 talis
955 1311 1075 1340 indulti
1092 1312 1261 1348 pretextu,

252 1366 426 1405 prorogari
439 1366 652 1404 quandoque,
665 1365 834 1394 interdum
850 1373 927 1394 vero
942 1364 1095 1402 deperire
1114 1363 1264 1394 totaliter

249 1419 382 1457 justitia
410 1419 615 1455 dinoscatur,
649 1427 833 1457 congruum
857 1426 958 1456 super
987 1418 1047 1447 hoc
1074 1417 1262 1447 remedium

253 1481 420 1510 apponere
436 1472 475 1502 de
490 1472 734 1510 circumspecta
750 1471 1035 1509 sedisapostolice
1048 1470 1263 1508 providentia

252 1533 459 1555 curaremus.
476 1525 545 1555 Nos
558 1524 683 1562 itaque,
697 1523 765 1553 tuis
775 1522 1083 1561 supplicatIOnibus
1094 1522 1261 1558 inclinati,

252 1577 642 1616 tibiquan'lditupropter
652 1578 803 1606 exortam
816 1585 921 1614 nuper
932 1575 1157 1605 turbationem
1168 1575 1261 1614 regni

252 1631 385 1670 Anglie‚
404 1631 500 1670 cujus
519 1630 693 1660 occasione
712 1630 753 1660 ad
770 1638 909 1668 regnum
930 1630 1042 1667 ipsum
1060 1629 1100 1658 ad
1123 1636 1263 1667 presens

252 1684 408 1714 accedere
426 1692 542 1714 secure
561 1692 627 1714 non
643 1684 750 1722 potes,
773 1684 803 1712 te
825 1682 948 1712 morari
969 1681 1146 1721 contigerit
1166 1682 1262 1711 extra

254 1737 349 1773 illud,
368 1737 565 1767 auctoritate
583 1737 792 1775 presentium
815 1735 1030 1774 indulgemus
1052 1737 1086 1766 ut
1112 1735 1263 1765 nomina-

252 1792 306 1820 tus
325 1791 518 1828 episcoprm,
535 1790 664 1828 prefato
684 1789 814 1819 indulto
839 1789 890 1818 vel
910 1789 977 1818 alio
994 1787 1145 1826 quolibet
1159 1787 1262 1826 juris-
1290 1784 1291 1791 ¹

251 1843 434 1873 dictionem
450 1845 482 1873 et
499 1845 699 1881 potestatem
717 1850 802 1881 quos
822 1842 855 1871 in
875 1851 962 1877 eum,
978 1842 1052 1880 jure
1069 1841 1262 1879 metropoli-

250 1897 327 1932 tico,
345 1896 467 1927 habere
478 1897 676 1931 dinosceris,
691 1897 882 1930 enervante,
895 1903 1107 1934 nequaquam
1127 1894 1263 1924 obstan·
1289 1912 1290 1915 =

249 1950 353 1985 tibus,
387 1949 495 1988 possit
520 1957 633 1979 coram
659 1949 727 1979 tuis
752 1948 957 1978 officialibus
979 1950 1010 1978 et
1037 1947 1201 1986 delegatis
1222 1948 1263 1977 ad

246 2003 412 2041 judicium
427 2002 559 2032 evocari
575 2004 607 2032 et
623 2003 778 2032 teneatur
794 2010 907 2031 coram
934 2001 1004 2030 illis
1025 2001 1064 2031 de
1076 2009 1111 2031 se
1123 2009 1263 2039 conque-

250 2055 403 2086 rentibus
417 2055 587 2094 justitiam
602 2055 772 2086 exhibere.
792 2054 886 2085 Nulli
904 2063 982 2093 ergo
998 2056 1110 2085 nostre
1128 2063 1260 2084 conces-

250 2109 357 2139 sionis
368 2110 428 2139 etc.
443 2126 492 2138 ——.
503 2109 627 2139 Datum
638 2108 726 2147 apud
737 2107 1027 2143 Urbemveterem,
1041 2117 1084 2136 xv
1099 2108 1262 2138 kalendas

252 2162 376 2195 martii,
395 2170 481 2192 anno
502 2162 614 2192 tertio.
638 2171 652 2190 ›>

799 2328 922 2359 Orvicto,
940 2331 974 2356 25
990 2328 1093 2356 fevricr
1111 2329 1188 2356 1202.

344 2331 438 2361 1377

286 2414 505 2448 Archiepiscopo
515 2414 715 2441 Cantuariensi
728 2414 856 2448 indulget
867 2416 905 2443 ut.
919 2415 986 2440 dum
1001 2414 1137 2441 Franciae
1148 2422 1263 2441 moram

252 2463 360 2496 fecerit,
378 2465 477 2489 contra
492 2463 596 2497 ipsum,
613 2463 761 2494 officiales,
775 2462 949 2498 capellanos,
965 2463 1084 2490 clericos
1100 2463 1263 2490 etfamilia-

252 2520 296 2539 res
313 2511 413 2546 ipsius,
433 2520 488 2538 non
509 2512 599 2546 possit
615 2511 643 2538 in
663 2512 770 2548 judicio
788 2512 831 2538 vel
848 2512 1089 2548 extrajudicium,
1116 2512 1192 2539 int'ra
1213 2520 1262 2539 re—

251 2569 338 2596 guum
355 2561 556 2595 Anglicanum,
572 2568 622 2595 per
633 2569 825 2596 quoscumque
840 2562 964 2596 procedi.
981 2562 1058 2597 (Rau.
1075 2562 1118 2593 29,
1136 2561 1184 2589 fol.
1202 2562 1263 2596 123,

253 2616 284 2637 n⁰
300 2611 376 2643 427.)

292 2728 308 2748 «
324 2717 503 2756 Bonefacio,
520 2716 749 2756 archiepiscopo
772 2716 999 2747 Cantuaricnsi.
1021 2718 1106 2748 Cum
1127 2719 1265 2756 propter

252 2771 456 2801 turbationis
472 2770 656 2809 procellam
674 2779 774 2809 quam
794 2770 953 2800 inimicus
977 2770 1077 2801 homo
1104 2770 1139 2801 in
1162 2779 1264 2810 regno

253 2824 372 2863 Anglie
396 2823 458 2854 hoc
478 2825 639 2862 tempore,
660 2816 809 2862 'peccatis
826 2822 1053 2862 exigentibus,
1073 2823 1263 2861 suscitavit,

254 2885 394 2916 reguum
409 2877 522 2916 ipsum
540 2884 656 2906 secure
672 2876 798 2906 intrare
826 2884 986 2915 nequeas,
1002 2877 1058 2906 aut
1074 2875 1159 2907 inibi
1176 2885 1263 2907 com·

2273 201 2326 229 191

1294 280 1296 299 ι’
1321 276 1454 311 morari,
1484 284 1556 311 noS,
1579 278 1633 306 tue
1662 278 1862 315 tuorumque
1889 277 1994 315 quieti
2019 280 2157 316 paterna
2177 281 2328 311 volentes

1319 328 1495 367 diligentia
1516 329 1705 366 providere,
1733 330 1799 359 tuis
1826 330 2134 367 supplicationibus
2162 333 2326 369 inclinati,

1292 378 1293 439 i
1318 382 1353 410 ut
1381 382 1578 411 auctoritate
1609 382 1797 420 apostolica
1828 383 1879 412 vel
1901 383 2002 412 etiam
2024 384 2194 414 ordinaria
2215 389 2329 416 contra

1292 440 1293 490 t
1320 436 1360 467 te,
1390 434 1567 470 officiales,
1596 435 1799 473 capellanos,
1834 435 1975 465 clericos
1995 438 2025 465 et
2048 437 2233 467 familiares
2255 441 2329 468 tuos

1291 524 1293 535 .
1318 488 1426 516 tecum
1440 489 1535 517 extra
1549 488 1675 517 dictum
1695 489 2033 526 regnuin,occasione
2051 489 2244 527 hujusmodi
2262 493 2326 521 tur-

1317 540 1476 577 bationis,
1499 543 1685 575 manentes,
1707 541 1871 579 quamdiu
1890 543 2026 580 propter
2046 542 2105 572 hoc
2127 544 2222 572 extia
2242 544 2329 574 idem

1317 602 1456 631 regnum
1485 602 1614 623 moram
1634 594 1819 628 traxeritis,
1850 603 1914 624 non
1935 595 2043 633 possit
2072 596 2104 624 in
2128 596 2254 634 judicio
2275 596 2326 626 vel

1317 652 1412 680 extra
1425 650 1603 688 judicium,
1618 651 1705 680 infra
1718 659 1856 690 regnum
1874 651 1996 689 ipsum,
2016 661 2074 690 per
2097 661 2328 692 quoscumque

1317 703 1462 741 procedi,
1474 704 1673 733 auctoritate
1686 705 1895 742 presentium
1906 704 2132 743 indulgemus,
2150 715 2329 744 processus

1317 756 1345 785 si
1363 765 1447 795 quos
1474 755 1558 786 forte
1577 759 1692 786 contra
1710 758 1878 795 presentis
1898 758 2019 788 indulti
2045 760 2193 788 tenorem
2213 759 2327 789 haberi

1317 810 1506 848 contigerit,
1530 810 1748 840 decernentes
1778 811 1907 840 nullius
1936 812 2082 841 existere
2109 812 2280 843 firmitatis
2297 817 2328 843 et.

1317 862 1447 893 viribus
1464 863 1600 893 omnino
1621 872 1745 893 carere.
1764 863 1859 893 Nulli
1873 872 1950 903 ergo
1969 866 2082 894 nostre
2098 866 2328 895 concessionis

1316 917 1365 946 etc
1378 933 1425 945 —.
1444 916 1568 946 Datum
1580 916 1668 955 apud
1680 916 1968 953 Urbemveterem,
1981 926 2012 946 vi
2026 917 2188 948 kalendas
2200 919 2325 955 martii7

1316 978 1402 999 anno
1421 969 1534 999 tertio.
1556 979 1570 998 n

1410 1141 1506 1172 1378

1862 1141 1986 1173 Orvieto,
2005 1140 2036 1166 lo·
2055 1140 2155 1167 l'evrier
2180 1141 2256 1166 leot.

1354 1223 1576 1258 Archiepiscopo
1586 1223 1786 1251 Cantuariensi
1799 1224 1926 1259 indulget
1941 1227 1981 1253 ut.
1998 1224 2129 1259 quotiens
2143 1233 2213 1258 opus
2230 1224 2326 1252 tuerit.

1315 1272 1722 1308 religiososquorumcumque
1734 1273 1866 1300 ordinum
1881 1281 1991 1300 necnon
2007 1276 2033 1300 et
2051 1272 2170 1300 clericos
2185 1273 2326 1300 seculares

1315 1322 1403 1356 ipsius
1416 1323 1538 1349 diocesis
1557 1322 1730 1357 compellere
1742 1322 1835 1350 valeat
1848 1323 1883 1349 ad
1895 1322 2048 1350 citationes
2064 1322 2208 1348 faciendus
2225 1325 2251 1349 et
2265 1330 2327 1349 scn-

1315 1371 1422 1397 tcntias
1439 1380 1470 1398 ac
1488 1372 1623 1398 mandata
1640 1371 1729 1405 ipsius
1743 1372 1902 1398 executioni
1915 1371 2104 1397 mandandas.
2119 1371 2197 1405 (una.
2216 1372 2258 1401 zv,
2280 1371 2326 1398 sol.

1289 1429 1291 1454 3
1318 1420 1376 1449 123,
1393 1424 1424 1446 [ιο
1438 1420 1512 1454 428.)

1356 1538 1370 1555 (ι
1393 1527 1566 1566 Bonifacio,
1590 1527 1818 1566 archiepiscopo
1844 1527 2067 1556 Canticaricnsi.
2087 1527 2137 1556 Ex
2156 1528 2249 1564 parte
2271 1529 2327 1556 tua

1318 1580 1379 1610 t'uit
1391 1581 1602 1619 propositum
1614 1589 1724 1610 coram
1734 1580 1831 1610 nobis
1842 1581 1929 1619 quod
1942 1583 1989 1616 tu,
2002 1582 2097 1610 extra
2109 1588 2247 1618 regnum
2259 1582 2324 1610 An·

1315 1634 1392 1672 glie,
1405 1635 1542 1672 propter
1553 1633 1797 1663 dissentionem
1809 1633 1954 1671 nuperin
1965 1642 2065 1672 regno
2078 1633 2150 1671 ipso
2160 1635 2324 1669 exortam,

1317 1687 1481 1722 existens,
1493 1695 1557 1716 non
1570 1687 1701 1716 invenis
1714 1694 1876 1724 personas
1887 1686 2126 1725 ydoneasquas
2137 1698 2197 1726 pro
2208 1688 2327 1718 facien·

1315 1741 1367 1770 dis
1387 1739 1607 1770 citationibus
1629 1741 1661 1769 et
1681 1739 1858 1769 sententiis
1877 1748 1913 1769 ac
1935 1741 2105 1770 mandatis
2122 1742 2189 1772 tuis
2208 1750 2327 1771 execu-

1315 1794 1400 1824 tioni
1420 1793 1633 1829 mandandis,
1662 1793 1703 1822 ad
1722 1801 1861 1831 regnum
1880 1793 1991 1831 ipsum
2013 1794 2128 1831 possis
2152 1795 2326 1825 commode

1316 1847 1495 1877 destinare.
1514 1847 1624 1881 Quare
1650 1846 1819 1884 provideri
1846 1845 1906 1875 tibi
1934 1854 2035 1884 super
2052 1846 2112 1876 lloc
2136 1856 2194 1886 per
2213 1848 2325 1877 sedem

1316 1900 1535 1938 apostolicam
1555 1899 1755 1938 suppliciter
1770 1899 1912 1938 petiisti.
1929 1900 1999 1929 Nos
2019 1900 2145 1939 itaque,
2164 1900 2232 1930 tuis
2253 1909 2327 1939 sup-

1316 1953 1555 1992 plicationibus
1567 1953 1731 1988 inclinati,
1747 1952 1983 1991 compellendi,
1995 1953 2153 1991 quotiens
2163 1962 2247 1992 opus
2259 1954 2327 1984 sue-

1315 2007 1369 2041 rit.
1386 2007 1564 2046 religiosos
1584 2006 1833 2042 CisterciensiS,
1854 2007 2034 2042 Minorum,
2058 2007 2324 2043 Predicatorum,

1316 2060 1562 2096 Cluniacensis‚
1589 2060 1928 2095 Premonstratensis⁷
1952 2061 1983 2089 et
2005 2060 2151 2090 aliorum
2170 2069 2327 2098 quorum—

1315 2123 1457 2153 cumque
1469 2114 1637 2149 ordiuum‚
1651 2112 1927 2143 Cartusiensibus
1940 2115 2071 2143 tantum
2081 2113 2242 2152 exceptis,
2254 2122 2327 2144 nec—

1316 2176 1381 2197 non
1407 2168 1438 2197 et
1469 2167 1606 2197 clericos
1625 2166 1795 2196 seculares
1814 2168 1870 2196 tue
1887 2166 2057 2205 provincie
2075 2166 2116 2196 ad
2132 2165 2326 2204 hujusmodi

1315 2220 1492 2250 citationes
1511 2220 1682 2250 faciendas
1707 2228 1742 2249 ac
1761 2220 1957 2258 exequenda
1983 2219 2170 2249 sententias
2188 2220 2218 2248 et
2236 2227 2326 2248 man-

1316 2274 1392 2304 data
1417 2264 1567 2312 predicta
1594 2282 1654 2312 per
1678 2281 1854 2303 censuram
1877 2272 2154 2307 ecclesiasticam,
2180 2271 2325 2310 appella:-

1314 2328 1405 2357 tione
1430 2327 1570 2361 remota,
1599 2325 1814 2355 concedimus
1838 2325 2045 2355 facultatem.
2066 2325 2141 2354 Non
2169 2324 2324 2354 obstante

1315 2380 1344 2410 si
1361 2380 1489 2410 eisdem
1509 2379 1679 2418 religiosis
1703 2395 1750 2408 —.
1781 2378 1904 2408 Datum
1926 2377 2014 2416 apud
2035 2377 2325 2413 Urbemveterem,

1315 2442 1359 2464 xv
1378 2433 1540 2463 kalendas
1557 2432 1682 2469 martii,
1705 2440 1791 2461 anno
1812 2431 1923 2461 tertio.
1946 2441 1960 2460 ))

1847 2599 1972 2631 Orvieto,
1993 2599 2026 2626 3l
2042 2599 2156 2635 janvicr
2179 2600 2256 2626 1203.

1407 2603 1503 2634 1379

1352 2686 1468 2713 cantori
1485 2685 1624 2712 ecclcsiae
1640 2693 1663 2711 s.
1681 2684 1774 2711 Mariae
1792 2684 1984 2717 Erfordensis,
1996 2684 2178 2719 Maguntinae
2193 2683 2326 2711 diocesis.

1316 2735 1436 2761 mandat
1461 2737 1502 2767 ut,
1524 2734 1642 2760 obtentu
1667 2733 1843 2760 marchionis
1860 2732 2021 2764 Misnensis,
2040 2732 2214 2767 magistrum
2230 2732 2327 2759 Alber-

1316 2786 1377 2811 tum
1387 2784 1420 2810 de
1432 2784 1535 2814 Burne,
1550 2782 1719 2809 canonicum
1728 2782 2005 2816 Merseburgensem,
2019 2782 2047 2808 iu
2058 2781 2183 2808 ecclesia
2195 2782 2326 2815 Cycensi.

1316 2831 1561 2867 Nuemburgensis
1584 2831 1716 2859 diocesis.
1734 2831 1762 2857 in
1780 2830 1951 2858 canonicum
1966 2830 2053 2865 recipi
2074 2830 2170 2857 saciat.
2189 2830 2265 2863 (Rau.
2282 2831 2327 2862 29,

1319 2881 1368 2909 fol.
1386 2882 1446 2912 123,
1463 2886 1493 2907 n⁰
1506 2881 1557 2907 429
1574 2881 1583 2914 )
