2519 3262
195 273 234 303 66
900 271 978 302 LES
1001 272 1244 304 REGISTRES
1266 273 1482 304 D'URBAIN
1506 274 1563 304 [V.

197 365 305 396 eidem
318 365 405 403 apud
418 365 530 395 sedem
541 364 760 403 apostolicam
772 366 964 402 constituto,
979 375 1036 405 per
1045 366 1203 396 dilectum

197 418 306 449 filium
330 418 616 454 Bartholomeum,
639 417 794 448 abbatem
817 419 981 449 secularis
1009 419 1149 450 ecclesie
1177 428 1203 449 s.

197 472 364 503 Theodori
382 472 421 502 de
439 471 570 505 Trebi&
586 471 760 511 Anagniae
778 472 936 508 diocesis,
955 474 987 503 et
1005 473 1204 511 magistrum

197 526 396 561 oliverium,
426 525 620 563 capellanos
641 526 787 561 nostros,
809 526 843 556 in
869 526 987 565 vigilia
1012 526 1044 556 b.
1072 526 1204 557 Nicolai

197 579 352 618 proximo
380 578 552 617 preterita,
575 579 662 618 apud
684 578 961 610 Urbemveterem
979 580 1139 610 duximus
1159 580 1205 609 in<

194 632 401 671 jungendum
418 632 455 662 ut
471 635 594 662 extunc
610 632 698 662 infra
712 634 780 663 tres
803 633 1009 672 septimanas
1028 634 1136 663 exiret
1152 642 1204 664 cu-

197 686 294 722 riam,
322 684 410 715 infra
432 685 517 715 alias
539 685 687 724 quinque
710 686 930 725 septimanas,
952 687 1118 725 predictas
1138 688 1205 717 tres

196 738 391 769 immediate
408 740 599 778 sequentes,
619 739 659 768 ad
673 739 793 769 dictam
812 739 1063 770 ttutlienensem
1080 740 1204 770 reditu-

196 800 254 822 rus
274 791 450 822 ecclesiam
468 793 499 822 et
516 800 658 822 examen
678 792 913 831 inquisitionis
929 793 1123 831 hujusmodi
1152 801 1203 823 su-

194 844 341 880 biturus,
376 844 525 883 injuncto
552 844 739 874 venerabili
769 845 862 874 fratri
892 847 1020 881 nostro,
1047 846 1204 884 episcopo

194 897 392 933 Biterrensi,
411 899 443 927 et
460 897 593 927 dilectis
611 897 691 927 filiis
709 898 836 928 cantori
856 898 1059 928 Nivernensi
1078 908 1115 928 ac
1133 908 1201 929 ma-

195 951 300 990 gistro
310 950 454 980 Hem-ico
467 950 506 980 de
518 950 713 987 Virziliaco,
726 951 886 981 canonico
898 951 1203 986 Autissiodorensi,

194 1004 316 1034 clerico
344 1003 513 1034 carissimi
537 1003 570 1033 in
591 1003 725 1033 CliriSto
747 1004 809 1033 filii
827 1004 932 1034 nostri
954 1005 1045 1043 regis
1060 1005 1205 1035 Franco-

194 1066 269 1087 rum
284 1056 440 1092 illustris,
456 1058 491 1086 ut
504 1057 729 1095 personaliter
740 1057 778 1086 ad
789 1059 1009 1088 memoratam
1027 1058 1203 1088 ecclesiam

193 1110 444 1141 Rutlienensem
458 1110 654 1140 accedentes
668 1111 699 1140 et
714 1110 876 1141 habentes
891 1119 949 1149 pre
963 1111 1070 1141 oculis
1092 1112 1203 1141 solum

192 1164 313 1200 Deum,
330 1163 429 1194 citato
441 1163 558 1194 eodem
575 1163 733 1202 episcopo
749 1163 972 1201 Rutbenensi,
988 1165 1063 1203 post
1075 1165 1202 1203 predic-

192 1218 245 1247 tas
258 1218 330 1247 octo
341 1216 560 1255 septimanas,
574 1218 610 1246 ut
622 1216 710 1246 infra
722 1219 847 1248 certum
860 1218 1042 1248 terminum
1051 1226 1203 1257 peremp-

191 1271 317 1301 torium
335 1269 375 1300 ab
400 1269 450 1300 eis
473 1269 538 1300 sibi
555 1270 800 1309 prefigendum,
820 1280 932 1301 coram
950 1271 999 1301 eis
1016 1280 1118 1310 super
1135 1271 1201 1302 hiis

191 1323 415 1363 personaliter
433 1332 626 1362 comparere
644 1325 787 1361 curaret,
808 1326 942 1360 extunc,
961 1325 1032 1354 sive
1050 1325 1202 1355 citationi

191 1378 324 1417 pareret
353 1377 424 1407 sive
448 1385 525 1414 non,
554 1377 781 1416 appellatione
807 1378 959 1418 predicta
983 1379 1054 1408 sive
1082 1379 1202 1417 quavis

191 1431 258 1461 alia
269 1439 395 1460 necnon
406 1431 521 1462 eadem
533 1431 894 1462 excommunicationis
906 1433 1073 1462 sententia
1085 1432 1201 1462 vicarii

191 1486 223 1515 et
251 1483 408 1514 officialis
437 1484 630 1514 eorumdem
654 1486 685 1514 et
704 1485 824 1523 quovis
844 1493 1004 1523 processu
1035 1485 1201 1515 dictorum

191 1537 416 1576 Mymatensis
441 1538 472 1567 et
499 1536 697 1567 Sabiiiensis
726 1537 963 1576 episcoporum
987 1546 1201 1576 nequaquam

191 1590 415 1626 obstantibus,
434 1590 718 1629 superjamdictis
739 1591 893 1621 articulis
912 1593 942 1621 et
960 1591 1201 1621 nichilominus

191 1652 292 1682 super
309 1642 518 1682 quibuslibet
536 1643 624 1680 aliis,
642 1645 767 1674 statum
784 1644 893 1682 ipsius
910 1644 1059 1682 episcopi
1076 1644 1200 1675 131111110-

191 1697 305 1727 nensis
322 1696 606 1736 confingentibus,
624 1697 652 1726 si
672 1698 784 1727 tamen
802 1706 904 1736 super
922 1697 1000 1727 aliis
1018 1706 1093 1727 eum
1113 1698 1200 1736 apud

189 1749 295 1780 bonos
325 1751 356 1780 et
383 1758 502 1788 graves
529 1758 589 1787 per
604 1749 864 1788 inquisiti0nem
893 1759 989 1780 suam
1009 1751 1200 1781 invenerint

191 1803 411 1839 diffamatum,
438 1803 649 1842 inquirerent
677 1803 823 1834 sollicite
843 1804 1030 1839 veritatem,
1057 1804 1142 1834 alias
1167 1804 1200 1834 in

194 1857 267 1895 ipso
282 1856 528 1895 negotio‚juxta
539 1856 766 1895 predictarum
779 1857 980 1888 directarum
993 1858 1033 1887 ud
1045 1858 1200 1888 eumdem

192 1909 438 1948 lt'Iymatensem
452 1909 648 1948 episcopum
661 1910 851 1940 litterarum
868 1911 1110 1941 continentiam
1127 1920 1201 1950 pro—

192 1964 332 1993 cessuri.
347 1964 410 1993 8011
429 1964 609 2002 episcopus
624 1964 838 2000 Biterrensis,
859 1966 975 1995 cantor
990 1968 1021 1995 et
1040 1965 1200 2003 magister

193 2016 343 2054 predicti,
371 2016 557 2047 deserentes
581 2017 695 2047 forsan
711 2017 839 2048 homini
856 2018 932 2056 plus
949 2027 1048 2056 quam
1070 2019 1149 2055 Deo,
1168 2019 1199 2048 in

192 2069 383 2107 hujusmodi
401 2069 633 2108 inquisitionis
658 2071 790 2109 negotio
807 2071 986 2109 procedere
1011 2081 1076 2102 non
1107 2081 1200 2102 cura-

192 2124 280 2156 runt,
311 2131 503 2161 quanquam
533 2123 622 2152 idem
641 2124 820 2162 episcopus
839 2124 1043 2154 Uitel-sensis
1072 2125 1200 2162 pluries

191 2175 313 2205 d1xerit
341 2176 428 2214 quod
445 2177 581 2214 paratus
602 2178 672 2206 erat
689 2177 868 2214 procedere
886 2177 919 2207 iu
940 2178 1071 2215 negotio
1087 2187 1202 2216 supra—

192 2229 289 2265 dicto,
306 2229 419 2268 sicque
435 2229 602 2268 negotium
616 2229 726 2268 ipsum
740 2232 888 2260 remanet
902 2231 1100 2261 iudet-istun.
1116 2232 1201 2266 Quia

193 2290 269 2312 vero
299 2282 333 2311 iu
360 2282 538 2312 desideriis
557 2282 684 2312 nostris
703 2283 830 2321 geritur
848 2284 881 2313 ut
897 2283 1084 2322 predictum
1101 2293 1200 2322 nego-

193 2335 275 2365 tium
298 2335 439 2365 eelerem
466 2337 497 2365 et
515 2335 686 2366 salubrem
708 2338 934 2374 consetpiatur
949 2337 1110 2372 ellectum,
1133 2338 1199 2367 ‹lis-

191 2388 330 2419 cretioni
347 2390 456 2419 vestre
476 2397 535 2427 per
555 2389 739 2427 apostolica
756 2389 881 2428 scripta
897 2390 1098 2420 mandamus
1119 2399 1200 2429 qua-

188 2443 284 2472 tenus
300 2442 495 2481 episcopum
510 2442 749 2478 Ulterrensem,
765 2445 934 2473 cantorem
949 2445 979 2473 et
999 2443 1196 2481 magistrum

188 2495 371 2526 Henricum
383 2495 560 2534 predictos,
573 2504 612 2525 ex
625 2496 716 2534 parte
727 2496 854 2532 nostra,
866 2496 1087 2535 peremptorie
1098 2497 1199 2527 citare

189 2549 313 2579 curetis
330 2549 377 2584 ut,
392 2548 479 2578 infra
494 2548 577 2578 duos
594 2557 727 2579 menses
741 2550 815 2588 post
830 2549 1025 2579 citationem
1040 2551 1196 2585 vestram,

187 2602 407 2641 personaliter
442 2601 626 2640 apostolico
658 2610 694 2632 se
726 2602 917 2641 conspectui
954 2604 1197 2641 representeut,

187 2663 305 2693 penam
326 2655 531 2694 promeritis
548 2656 725 2695 recepturi.
750 2656 848 2686 Diem
870 2664 948 2686 vero
966 2656 1138 2687 citationis
1167 2658 1199 2687 et

186 2708 327 2738 sormam
354 2710 386 2738 et
415 2708 575 2747 quicquid
604 2717 705 2747 super
734 2709 794 2739 hoc
811 2709 978 2740 duxeritis
1003 2709 1196 2739 faciendum

187 2760 284 2791 nobis
309 2769 368 2799 per
384 2762 513 2791 vestras
536 2761 677 2795 litteras,
693 2761 812 2792 harum
831 2762 954 2792 seriem
975 2762 1196 2799 continentes,

185 2814 349 2844 studeatis
376 2814 520 2844 fideliter
546 2815 713 2845 intimare.
735 2815 831 2851 Quod
858 2815 885 2845 si
912 2824 975 2845 nou
1005 2824 1122 2846 omnes
1147 2833 1194 2846 —.

184 2866 305 2897 Datum
319 2867 406 2905 apud
420 2866 703 2903 Urbemvetcrem,
720 2877 740 2897 11
757 2868 833 2898 idus
847 2867 1005 2901 octobris,
1023 2868 1196 2907 pontifica—

184 2920 238 2949 tus
257 2920 362 2950 nostri
381 2928 467 2950 auuo
488 2920 596 2951 tertio.
620 2930 634 2949 1)

1351 368 1446 399 2971
1789 367 1914 399 Ori-leto,
1940 368 1973 396 18
1987 369 2102 396 octobre
2123 370 2202 398 1263.

1299 452 1442 486 Episcopo
1459 451 1635 479 Norwicensi
1651 453 1771 479 mandat
1786 452 1924 479 terminet
1945 461 2111 487 processum
2131 454 2207 481 inter
2221 454 2273 481 ab-

1263 501 1402 528 batissam
1417 503 1445 528 et
1460 504 1634 528 conventum
1652 501 1822 528 monasterii
1839 510 1861 528 s.
1879 501 2029 528 Trinitatis
2043 503 2078 528 de
2091 502 2227 534 Cadomo,
2243 510 2276 529 ex

1263 558 1317 576 una
1331 552 1422 584 parte,
1439 552 1465 576 ct
1484 552 1626 577 rectorem
1642 550 1782 576 ecelesiae
1796 551 1830 577 de
1842 550 1990 581 1101510110,-
2004 550 2195 578 Norwicensis
2211 551 2266 578 dio-

1263 599 1346 630 cesis,
1371 607 1403 626 ex
1419 599 1520 630 altera,
1539 598 1584 625 rel
1598 607 1715 626 causam
1734 598 1907 626 instructam
1922 600 1959 626 ad
1973 600 2071 626 sedem
2085 600 2274 634 apostolicam

1262 648 1404 675 remittat.
1424 649 1510 683 (Anca
1539 656 1576 674 nu
1596 649 1757 681 Cama-mos,
1773 646 1856 676 fonds
1872 647 2008 682 Trinite.)

1304 750 1318 768 <1
1343 737 1484 768 Urbanus
1512 738 1681 778 episcopus,
1713 747 1815 767 seruus
1842 747 1997 768 servorum
2026 737 2092 774 Dei,
2112 737 2278 767 venerabili

1261 793 1356 832 [πται-ἱ
1375 793 1516 832 episcopo
1532 790 1720 820 Norwicensi
1737 790 1864 820 salutem
1879 797 1906 821 el
1921 790 2122 830 apostolicam
2142 790 2278 820 benedic-

1264 847 1385 876 tionem.
1403 846 1531 876 Dilecte
1547 846 1580 875 111
1596 845 1729 875 Christo
1740 844 1826 874 filie.
1841 868 1846 873 .
1862 843 2037 874 abbatissa
2051 846 2277 875 etconventus

1263 899 1459 930 monasterii
1483 908 1509 929 s.
1534 898 1713 929 Trinitatis
1738 897 1778 928 de
1803 897 1962 934 Cadomo,
1981 897 2110 928 ordinis
2127 906 2153 928 s.
2172 898 2276 928 Bene-

1262 953 1355 989 dicti,
1390 952 1571 983 {aiocensis
1592 952 1750 987 diocesis,
1776 960 1836 981 sua
1859 950 1956 981 nobis
1976 951 2136 990 petitione
2165 959 2278 981 mons-

1261 1007 1393 1037 trarunt
1408 1006 1506 1045 quod.
1520 1014 1593 1036 cum
1607 1005 1767 1044 magister
1779 1005 1877 1043 Hugo
1890 1005 1930 1034 de
1940 1004 2152 1043 Cortebrege,
2169 1006 2277 1034 rector

1263 1059 1403 1090 ecclesie
1420 1060 1460 1089 de
1477 1058 1895 1094 Horstede,Norwicensis
1910 1058 2066 1094 diocesiS,
2086 1057 2170 1088 salso
2187 1066 2278 1088 asse-

1262 1122 1340 1143 rens
1359 1113 1447 1151 quod
1464 1113 1579 1143 eedem
1595 1112 1766 1142 abbatissa
1785 1113 1816 1142 et
1833 1113 2017 1141 conventus
2035 1120 2181 1141 annuam
2195 1119 2276 1149 pen-

1262 1166 1392 1196 sionem
1411 1166 1559 1204 quinque
1576 1165 1788 1195 marcharum
1809 1164 1950 1202 argenti,
1975 1174 2077 1204 quam
2098 1173 2140 1195 ex
2159 1164 2276 1195 eadem

1262 1219 1403 1250 ecclesia
1419 1219 1541 1249 debent
1557 1218 1742 1257 percipere,
1755 1217 1795 1248 ab
1814 1219 1888 1257 ipso
1907 1219 2033 1248 rectore
2050 1219 2166 1248 contra
2179 1217 2278 1257 justi-

1261 1273 1342 1304 tiam
1355 1271 1545 1311 exigebant,
1560 1272 1729 1310 predictas
1747 1271 1951 1302 abbatissam
1963 1272 1994 1302 et
2008 1273 2210 1301 conventum
2225 1279 2278 1301 su-

1260 1335 1320 1365 per
1333 1326 1395 1355 hoc
1410 1334 1521 1356 coram
1536 1324 1696 1364 magistro
1708 1324 1861 1354 ,iohanne
1874 1324 2124 1363 Duggewerche
2139 1324 2272 1359 clerteo,

1261 1379 1359 1410 cuitu
1374 1379 1572 1409 auctoritate
1591 1377 1968 1416 ordinariahujusmodi
1982 1386 2117 1408 causam
2137 1378 2278 1408 commi—

1260 1441 1365 1468 seras,
1377 1431 1603 1468 convenisset,
1617 1431 1772 1469 dicteque
1785 1430 1956 1461 abbatissa
1970 1433 2001 1461 et
2014 1432 2277 1461 conventusree-

1260 1487 1367 1516 torem
1380 1486 1491 1524 ipsum
1507 1493 1566 1524 pro
1582 1493 1619 1515 eo
1639 1485 1727 1523 quod
1740 1484 1830 1514 idem
1845 1484 1949 1523 ipsas
1971 1493 2034 1523 que
2049 1485 2143 1514 erant
2156 1484 2189 1514 in
2202 1492 2278 1523 pos-

1259 1540 1411 1570 sessione
1428 1538 1482 1568 vel
1501 1538 1598 1577 quasi
1613 1537 1823 1577 percipiendi
1840 1537 2037 1576 pensionem
2056 1537 2220 1576 prefatam
2240 1537 2275 1567 in

1259 1593 1400 1624 ecclesia
1428 1592 1589 1630 predicta,
1626 1591 1745 1621 eadem
1772 1591 1935 1629 pensione
1963 1592 2079 1620 contra
2106 1590 2276 1630 justitiam

1259 1647 1431 1686 spoliarat,
1448 1645 1670 1675 incontinenti
1687 1653 1799 1675 coram
1817 1644 1980 1683 magistro
1993 1644 2146 1675 Johanne
2162 1652 2277 1674 recon-

1259 1700 1431 1730 venissent
1443 1699 1573 1734 eodem,
1586 1699 1658 1737 ipse
1677 1698 1819 1728 clericus
1834 1698 1989 1728 detinens
2000 1697 2234 1728 conventionis
2243 1699 2276 1728 et

1261 1752 1531 1784 reconventionis
1548 1751 1740 1791 liuJusmodi
1757 1759 1879 1781 causas
1896 1750 2025 1781 diutius
2044 1751 2078 1780 in
2095 1758 2276 1789 suspenso,

1259 1808 1294 1838 in
1318 1807 1367 1838 eis
1389 1806 1568 1846 procedere
1589 1814 1654 1836 non
1678 1805 1808 1834 curavit
1827 1805 1973 1835 triennio
1998 1805 2029 1834 et
2044 1803 2192 1843 amptius
2204 1803 2275 1843 jam

1259 1861 1386 1899 elapso,
1399 1860 1432 1889 111
1447 1859 1611 1889 dictarum
1629 1857 1799 1888 abbatisse
1811 1859 1841 1888 et
1853 1859 2039 1888 conventus
2050 1857 2275 1896 prejudicium

1258 1916 1289 1944 et
1307 1920 1500 1952 gravamen,
1517 1919 1712 1951 quanquam
1729 1919 1787 1950 per
1807 1911 1901 1950 ipsas
1919 1919 1985 1941 non
2005 1910 2144 1945 steterit,
2164 1919 2182 1940 a
2200 1910 2272 1949 qui-

1258 1967 1321 1997 bus
1345 1968 1413 1997 tam
1435 1966 1523 1996 idem
1546 1965 1688 1995 clericus
1706 1972 1806 2003 quam
1822 1966 1860 1994 tu
1876 1964 1990 1994 fuistis
2005 1972 2107 2002 super
2122 1963 2184 1993 hoc
2201 1963 2275 2001 plu-

1258 2021 1326 2051 ries
1338 2019 1501 2059 legitimis
1511 2017 1789 2058 procuratoribus
1800 2017 1973 2048 humiliter
1984 2016 2150 2056 requisiti.
2161 2016 2275 2052 Quare

1258 2074 1384 2113 prefate
1400 2072 1571 2103 abbatissa
1589 2073 1620 2102 et
1633 2073 1819 2102 conventus
1834 2070 1931 2101 nobis
1949 2070 2124 2100 humiliter
2143 2069 2272 2109 suppli-

1258 2129 1375 2157 carunt
1398 2128 1444 2161 ut,
1465 2134 1539 2156 cum
1565 2126 1701 2164 propter
1723 2124 1891 2163 [predictij
1915 2124 2056 2154 rectoris
2074 2123 2271 2163 potentiam,

1257 2180 1488 2211 cavillationes
1507 2181 1537 2210 et
1555 2178 1766 2216 subterfugia
1783 2186 1849 2208 non
1866 2177 1997 2216 possint
2015 2178 2130 2207 eontra
2143 2185 2219 2207 eum
2236 2177 2272 2207 in

1258 2234 1326 2264 illis
1348 2233 1499 2272 partibus
1517 2240 1613 2262 suam
1630 2231 1800 2270 justitiam
1823 2231 1986 2267 obtinere,
2012 2231 2062 2260 eis
2088 2239 2189 2269 super
2212 2230 2272 2261 boc

1257 2287 1433 2326 providere
1462 2287 1598 2324 paterna
1618 2285 1847 2315 sollicitudine
1876 2292 2084 2314 curaremus.
2109 2283 2272 2319 Quocirca

1258 2339 1460 2369 fraternitati
1481 2340 1534 2368 tue
1552 2347 1610 2377 per
1625 2337 1811 2376 apostolica
1830 2337 1955 2375 scripta
1972 2337 2174 2367 mandamus
2189 2345 2272 2376 qua-

1257 2395 1365 2429 tenus,
1390 2393 1418 2422 si
1445 2394 1494 2422 est
1520 2392 1576 2427 ita,
1608 2391 1641 2420 111
1664 2390 1776 2420 causis
1803 2390 1963 2428 predictis
1995 2391 2113 2428 previa
2143 2390 2272 2421 ratione

1258 2445 1452 2485 procedens,
1466 2445 1542 2474 illas
1555 2444 1642 2474 infra
1655 2452 1715 2474 sex
1729 2452 1863 2474 menses
1875 2445 1946 2482 post
1962 2444 2186 2482 receptionem
2198 2453 2270 2483 pre-

1257 2500 1413 2535 sentium,
1430 2498 1558 2537 judicio
1577 2498 1642 2532 rel,
1658 2497 1685 2526 si
1702 2497 1741 2527 de
1757 2496 1930 2527 voluntate
1961 2497 2108 2536 partium
2138 2506 2272 2536 proces-

1256 2553 1346 2588 serit,
1388 2551 1564 2582 concordia
1596 2551 1777 2581 terminare
1810 2559 1981 2589 procures,
2022 2550 2149 2581 faciens
2181 2551 2269 2591 quod

1257 2605 1446 2637 decreveris
1458 2613 1517 2644 per
1531 2612 1708 2634 censuram
1720 2603 1985 2634 eeclesiasticam
1999 2603 2140 2634 firmiter
2156 2603 2272 2635 obser—

1256 2659 1337 2690 vari.
1355 2659 1472 2689 Testes
1489 2659 1600 2688 autem
1621 2657 1677 2696 qui
1701 2656 1825 2687 fuerint
1843 2656 2008 2687 nominati
2024 2674 2073 2686 —.
2091 2656 2266 2696 Alioquin,

1255 2713 1284 2744 si
1307 2714 1442 2752 propter
1459 2711 1653 2750 potentiam,
1671 2710 1906 2740 cavillationes
1927 2711 1958 2740 et
1976 2709 2187 2749 subterfugia
2207 2709 2268 2740 hu-

1251 2765 1401 2805 jusmodi
1429 2773 1528 2795 cause
1555 2764 1703 2803 predicte
1735 2772 1800 2793 non
1830 2764 1987 2802 poterunt
2014 2762 2201 2799 terminari,
2231 2764 2267 2793 tu

1255 2820 1375 2850 extunc
1399 2826 1518 2848 causas
1541 2817 1686 2852 easdem,
1707 2817 1890 2847 instructas
1907 2816 1960 2846 vel
1982 2824 2048 2846 non
2070 2815 2264 2852 instructas,

1254 2873 1295 2904 ad
1313 2871 1495 2912 apostolice
1514 2871 1603 2901 setus
1622 2870 1775 2900 remittas
1794 2877 1949 2906 examen,
1969 2869 2098 2908 prefixo
2113 2868 2266 2908 partibus

1253 2926 1396 2957 termino
1421 2924 1649 2964 peremptorio
1673 2923 1874 2963 competenti
1893 2931 1958 2962 quo
1981 2931 2041 2961 per
2061 2931 2096 2953 se
2118 2922 2171 2953 vel
2187 2931 2266 2962 pro-

1253 2981 1424 3011 curatores
1448 2978 1586 3009 idoneos
1609 2979 1723 3008 nostro
1747 2985 1782 3007 se
1807 2977 2000 3015 conspectui
2020 2977 2268 3015 representem„
