2519 3262
157 224 215 253 102
908 213 1151 246 REGISTRES
1184 213 1400 244 D'URBAIN
1431 214 1490 244 IV.

156 306 275 336 ritates
294 303 475 343 prestande
493 302 580 332 dicte
592 302 629 332 B.
642 300 828 335 comitisse,
845 298 906 329 tibi
928 299 1001 329 sine
1015 297 1165 337 qualibet
1196 318 1197 322 ,

154 358 353 389 difficultate
372 357 566 387 reddantur.
585 355 671 385 Sane
690 353 832 392 predicti
848 353 1094 391 procuratores,
1112 359 1168 381 no-
1198 359 1199 362 ¹

156 412 246 443 mine
264 413 321 442 tuo
345 412 377 441 et
396 410 547 450 ejusdem
565 409 602 439 B.
621 407 805 443 comitisse,
821 406 988 446 premissa
1004 404 1118 435 onmia
1136 405 1167 434 et

156 464 290 503 singula
302 463 560 503 premissorum,
572 461 818 492 interveniente
831 459 1014 497 sollempni
1029 457 1169 496 stipula·
1198 467 1199 471 ¹

154 518 257 554 tione,
281 525 416 547 servare
436 525 479 546 ac
508 516 549 546 ad
574 524 612 545 ea
631 513 841 544 observanda
860 513 949 542 idem
971 512 1168 551 procurator

119 595 123 598 ⁴
154 573 235 601 tuus
264 572 294 601 te
313 569 522 608 heredesque
539 570 615 598 tuos
634 569 665 597 et
693 566 807 597 omnia
838 565 925 596 bona
955 567 1024 595 tua.
1045 563 1168 603 prefati

154 633 234 655 vero
252 624 488 663 procuratores
516 621 603 651 dicte
623 621 659 651 B.
686 619 860 650 comitisse
884 619 994 657 ipsam
1021 620 1052 648 et
1081 617 1169 648 bona

156 686 218 707 sua
230 686 265 707 ac
279 677 419 707 heredes
436 675 556 713 ipsius,
570 673 791 712 stipulatione
804 672 911 702 simili
924 671 1168 702 interveniente

157 730 349 768 sollempni,
364 728 425 758 sul)
439 728 541 758 certis
552 735 639 766 pena
654 728 685 756 et
700 726 819 762 forma,
832 725 1073 755 nichilominus
1087 724 1168 754 obli-

157 786 288 822 garunt,
301 784 398 821 prout
408 782 442 811 in
453 781 678 811 instrumento
688 779 825 818 publico
836 779 913 809 inde
926 778 1089 812 confecto,
1100 777 1168 816 ple-

157 836 234 866 nius
253 835 453 865 continetur.
474 834 544 864 Nos
565 833 690 872 itaque,
710 832 779 862 tuis
796 830 1105 870 supplicationibus
1120 830 1171 860 in-

156 889 284 924 clinati,
304 887 579 921 transactionem,
605 885 887 924 compositionem
912 893 973 915 seu
995 884 1169 923 pactiones

155 942 349 982 huJ'usmodi
373 942 464 971 ratas
494 942 524 970 et
556 940 671 970 firmas
696 938 869 975 habentes,
890 946 947 968 eas
971 938 1170 968 auctoritate

157 995 342 1035 apostolica
357 994 597 1024 confirmamus
616 994 678 1022 610.
702 1000 809 1031 usque
829 991 1090 1022 communimus.
1111 991 1170 1021 Ce—

156 1052 267 1079 terum
284 1050 314 1078 te
330 1050 361 1078 et
378 1047 518 1077 heredes
547 1048 577 1076 et
603 1053 817 1075 successores
837 1046 913 1075 tuos
941 1053 976 1074 ac
1003 1044 1170 1083 prefatam

157 1102 435 1132 Cameracensem
457 1099 646 1131 ecclesiam.
666 1100 847 1137 postquam
863 1098 974 1128 eidem
1004 1098 1041 1128 B.
1070 1097 1170 1127 comi—

156 1155 240 1185 tisse
274 1155 313 1184 de
333 1153 527 1193 hujusmodi
552 1161 685 1182 summa
708 1152 813 1182 trium
841 1151 976 1181 milium
1004 1150 1170 1181 librarum

156 1207 392 1238 turonensium
420 1207 519 1236 fuerit
539 1206 688 1244 plenarie
713 1204 937 1240 satisfactum,
971 1205 1074 1234 atoto
1099 1213 1172 1243 pre-

158 1261 245 1291 dicto
264 1261 424 1291 tredecim
444 1260 573 1290 milium
604 1258 769 1288 librarum
796 1257 909 1288 debito
937 1257 1064 1287 liberos
1097 1266 1171 1288 esse

158 1315 383 1350 decernimus,
400 1315 431 1343 et
452 1315 482 1343 te
502 1321 538 1342 ac
557 1312 650 1350 ipsos
668 1311 819 1347 heredes,
843 1319 1057 1341 successores
1072 1313 1102 1341 et
1121 1319 1171 1341 ec-

158 1368 295 1398 clesiam
315 1367 354 1397 ad
376 1367 482 1406 ipsius
500 1365 603 1396 debiti
630 1365 835 1395 solutionem
860 1364 1075 1403 aliquatenus
1105 1373 1171 1394 non

158 1421 279 1451 tenert

199 1474 363 1504 Tenorem
384 1481 462 1502 vcro
483 1472 593 1510 ipsius
613 1472 831 1501 instrumenti
858 1471 897 1501 de
920 1470 1022 1501 verbo
1041 1471 1080 1500 ad
1099 1479 1171 1501 ver·

158 1527 237 1557 bum
257 1525 472 1565 presentibus
492 1525 596 1555 inseri
617 1525 770 1559 fecimus,
791 1525 846 1563 qui
860 1524 939 1554 talis
958 1526 1007 1554 est
1029 1535 1034 1554 z

200 1591 214 1609 «
233 1581 270 1610 In
303 1579 437 1609 nomine
458 1578 594 1609 Domini
622 1587 729 1608 amen.
751 1578 835 1607 (lum
857 1577 938 1607 olim
967 1577 1172 1607 venerabilis

158 1635 251 1672 pater
270 1634 340 1669 W.‚
362 1632 617 1663 Cameracensis
639 1632 829 1670 episcopus.
851 1632 1027 1661 confessus
1050 1632 1173 1662 suisset

160 1689 189 1717 et
207 1686 456 1725 recognovisset
474 1694 508 1715 sc
522 1685 642 1715 debere
660 1694 695 1715 ac
715 1685 846 1715 solvere
861 1685 980 1719 teneri,
997 1685 1172 1715 occasione

160 1740 331 1770 comitisse
342 1739 563 1769 Flandrensis
576 1748 612 1768 ac
625 1738 806 1769 comitatus
819 1738 1171 1777 Flamlrie.quon(la1n

160 1793 264 1823 nobili
284 1793 356 1823 viro
369 1792 505 1822 domino
524 1792 650 1822 Thome
668 1792 707 1821 de
724 1791 891 1822 Sabaudia
911 1791 1025 1821 comiti
1048 1794 1172 1822 certam

159 1846 300 1885 pecunie
322 1846 556 1884 quantitatem,
578 1845 707 1875 scilicet
731 1844 893 1875 tredecim
916 1845 1050 1875 milium
1074 1845 1173 1875 libra-

160 1908 234 1929 rum
263 1901 414 1929 turonen.
441 1900 471 1928 et
490 1900 626 1936 propter
652 1898 712 1927 hoc
738 1898 849 1927 omnia
867 1898 953 1927 bona
981 1907 1043 1928 sua
1062 1898 1172 1928 eidem

160 1952 274 1982 comiti
307 1951 499 1989 specialiter
531 1951 727 1989 obligasset.
760 1953 859 1989 prout
898 1951 929 1981 in
967 1951 1092 1981 litteris
1124 1952 1173 1990 ip-

161 2006 234 2035 sius
251 2004 401 2043 episcopi
427 2004 541 2042 sigillo
575 2004 729 2039 munitis,
753 2003 887 2041 plenius
915 2004 1116 2039 continetur,
1137 2014 1173 2035 ac

160 2057 376 2097 postmodum
399 2057 508 2087 dictus
527 2065 639 2086 comcs
671 2057 704 2086 in
734 2057 931 2087 inlirmitate
958 2057 996 2087 de
1028 2066 1092 2096 qua
1110 2058 1172 2088 fuit

161 2112 327 2145 mortuus,
348 2110 562 2146 constitutus,
582 2110 716 2140 domine
732 2110 876 2140 Beatrici
894 2110 1076 2147 comitisse,
1095 2113 1173 2141 tunc

162 2164 259 2194 uxori
278 2173 348 2200 sue,
362 2164 508 2202 presenti
522 2165 549 2193 ct
566 2163 764 2202 acceptanti,
777 2163 876 2193 titulo
890 2164 1083 2193 donationis
1099 2173 1173 2194 con-

161 2217 320 2247 cessis-stt
342 2218 373 2246 et.
390 2225 490 2246 causa
511 2216 631 2246 mortis
653 2216 761 2246 eidem
782 2216 939 2246 donasset
959 2219 987 2246 et
1004 2217 1078 2255 jure
1096 2217 1174 2247 lidci

162 2270 336 2300 commissi
352 2271 382 2299 et
401 2269 501 2307 legati
518 2269 628 2299 eidem
645 2268 779 2299 domine
798 2269 991 2308 reliquisset
1014 2273 1045 2300 et
1067 2270 1173 2309 legas-

162 2325 210 2353 set
228 2323 304 2361 jura
321 2324 353 2353 ct
373 2323 522 2353 actiones
541 2331 604 2361 que
624 2322 689 2361 ipsi
711 2322 823 2352 comiti
845 2323 1077 2361 competebant
1101 2333 1175 2354 con-

163 2379 212 2406 tra
230 2376 356 2406 dictum
374 2376 651 2406 Cameracensem
671 2376 868 2414 episcopum
887 2378 919 2406 et
938 2376 1102 2415 quidquid
1123 2377 1174 2416 ju-

164 2430 210 2459 ris
238 2431 353 2459 contra
384 2428 497 2467 ipsum
529 2428 672 2458 habebat
701 2429 734 2458 in
764 2429 877 2458 causis
905 2438 989 2468 quas
1024 2432 1173 2461 moverat

163 2484 193 2511 ct
221 2490 354 2511 movere
378 2481 583 2517 intendebat,
611 2481 787 2511 occasione
816 2482 1045 2521 cujuscunque.
1070 2482 1175 2513 debiti

164 2535 203 2564 ad
222 2535 308 2573 quod
325 2534 435 2564 dictus
451 2534 630 2572 episcopus
647 2535 756 2565 eidem
773 2535 901 2571 comiti,
918 2544 958 2566 ex
975 2544 1174 2575 quacunspie

164 2596 276 2623 causa,
307 2589 476 2617 teneretur
507 2587 682 2618 occasione
718 2588 804 2618 dicte
836 2588 970 2619 domine
1002 2589 1175 2620 comitisse

168 2640 385 2676 Flandrensis
400 2642 430 2670 et
450 2640 629 2670 comitatus
647 2640 816 2674 Flandrie.
836 2643 868 2671 et
888 2642 1038 2672 actiones
1054 2644 1083 2672 et
1100 2642 1175 2681 jura

166 2693 313 2731 predicta
335 2693 483 2731 predicte
510 2693 643 2724 domine
670 2694 706 2724 Β.
730 2694 901 2731 cessisset,
927 2696 959 2725 et
981 2695 1174 2726 mandasset

168 2746 276 2784 ipsam
293 2746 556 2784 procuratricem
579 2747 611 2776 in
635 2755 704 2776 rem
727 2756 822 2777 suam
841 2748 873 2777 in
889 2748 1052 2786 predictis
1071 2750 1175 2779 omni-

167 2798 228 2828 bus
258 2799 420 2829 faciendis
448 2808 484 2829 ac.
507 2800 758 2830 concessionem
779 2800 973 2839 hujusmodi
994 2801 1176 2832 1161003111-

165 2851 242 2881 liter
261 2851 425 2882 voluisset
441 2851 551 2882 valere
567 2852 655 2882 idem
673 2854 871 2892 comesjure
890 2854 1058 2893 simplicis
1077 2855 1175 2885 dona-

166 2904 269 2935 tionis
298 2906 330 2935 et
359 2905 446 2935 inter
472 2905 567 2934 vivos
600 2905 683 2936 facte
700 2906 751 2936 vel
770 2915 870 2937 causa
888 2907 1008 2938 mortis
1025 2917 1084 2938 seu
1098 2908 1173 2947 jure

1198 411 1199 424 l

1198 433 1200 449 i

1228 297 1330 336 legati
1352 297 1405 327 vel
1427 297 1505 328 fidei
1523 297 1698 328 commissi
1714 298 1768 329 vel
1787 306 1987 338 quocunque
2006 299 2073 329 alio
2089 298 2165 338 jure
2187 300 2243 330 aut

1228 350 1328 380 modo
1349 359 1414 389 quo
1431 350 1577 381 validior
1599 352 1689 381 esset
1711 352 1767 382 aut
1790 354 1919 382 censeri
1940 353 2055 390 posset
2079 360 2117 382 ac
2141 352 2243 382 etiam

1229 403 1391 442 reputari,
1415 405 1515 442 prout
1544 404 1579 434 in
1606 404 1731 434 litteris
1758 405 1839 435 dicti
1863 405 2010 439 comitis,
2030 405 2104 444 ejus
2129 404 2244 444 sigillo

1229 457 1384 491 munitis,
1404 456 1540 495 plenius
1564 457 1771 493 continetur3
1801 466 1877 488 cum
1901 458 2003 488 etiam
2031 466 2133 496 super
2155 457 2246 488 dicta

1216 510 1370 548 ‚pecunie
1390 510 1579 548 quantitate
1598 510 1720 541 fuisset
1740 511 1877 541 demum
1894 512 1964 541 tam
1983 511 2101 541 eodem
2121 511 2244 541 comite

1229 563 1364 593 vivente
1392 563 1480 593 inter
1504 563 1618 602 ipsum
1643 565 1675 594 et
1700 563 1872 602 prefatum
1903 564 2113 602 episcopum,
2141 572 2245 602 quam

1230 616 1346 647 eodem
1370 617 1491 647 comite
1517 617 1686 654 defuncto,
1712 617 1799 648 inter
1820 617 1945 648 dictam
1963 617 2136 647 dominam
2155 618 2191 647 B.
2213 618 2246 647 et

1230 669 1419 708 predictum
1462 670 1661 709 episcopum
1696 672 1769 701 orta
1801 670 1943 701 materia
1978 670 2179 709 questionis,
2210 670 2247 700 in

1231 732 1331 753 causa
1346 723 1541 762 hujusmodi
1558 724 1599 754 ad
1613 724 1727 754 sedem
1743 724 1964 763 apostolicam
1980 724 2131 763 legitime
2146 723 2244 754 (levo-

1230 777 1312 811 luta,
1333 777 1570 808 sanctissimus
1588 779 1684 816 pater
1708 777 1867 808 dominus
1891 777 2050 808 Urbanus
2070 785 2157 816 papa
2179 776 2247 807 1111

1230 830 1459 861 venerabilem
1472 832 1603 870 patrem
1618 831 1793 861 dominum
1805 831 2000 870 Symonem,
2019 831 2113 861 tituli
2130 831 2246 860 sancte

1231 884 1356 915 Cecilie
1376 884 1616 923 presbyterum
1639 884 1857 921 cardinalem,
1878 884 2046 914 concessit
2068 883 2154 922 ipsis
2173 891 2249 922 par-

1230 937 1323 968 tibus
1344 938 1545 968 auditorem.
1574 938 1726 977 Cumque
1757 938 1957 976 aliquandiu
1982 937 2102 968 suisset
2131 944 2246 966 coram

1232 991 1348 1022 eodem
1374 991 1538 1021 cardinali
1567 991 1602 1021 in
1630 991 1764 1030 negotio
1786 991 1860 1030 ipso
1880 999 2091 1030 processum,
2110 989 2248 1020 tandem

1231 1044 1394 1084 magister
1421 1044 1592 1075 Gerardus
1620 1045 1660 1075 de
1685 1045 1802 1081 Linea,
1828 1046 2027 1084 procurator
2049 1043 2130 1074 dicti
2159 1042 2247 1082 epis-

1232 1098 1307 1137 copi
1323 1098 1593 1132 Cameracensis,
1609 1107 1670 1137 pro
1688 1099 1762 1137 ipso
1781 1098 1939 1137 episcopo
1959 1099 1989 1128 et
2006 1097 2079 1136 ejus
2098 1096 2246 1133 nomine,

1232 1161 1274 1182 ex
1292 1154 1386 1190 parte
1402 1160 1481 1186 111111,
1498 1153 1529 1182 et
1548 1152 1707 1182 dominus
1728 1151 1904 1182 Rolandus
1919 1151 1958 1181 de
1976 1151 2137 1185 Lavania,
2153 1158 2250 1181 cano-

1233 1206 1329 1235 nicus
1357 1204 1623 1242 Cameracensis,
1656 1206 1818 1245 magister
1849 1205 2026 1236 Rolandus
2055 1204 2094 1234 de
2126 1204 2249 1234 Parma

1232 1260 1264 1290 et
1286 1258 1449 1297 magister
1471 1258 1642 1289 Giffredus
1674 1259 1714 1289 (16
1736 1259 1884 1288 Yezano.
1905 1259 2142 1297 procuratores
2158 1256 2247 1286 dicte

1233 1312 1368 1343 domine
1387 1312 1437 1348 R,
1459 1320 1519 1350 pro
1533 1311 1607 1349 ipsa
1626 1313 1657 1341 et
1675 1312 1748 1350 ejus
1762 1311 1910 1345 nomine,
1929 1319 1971 1341 ex
1989 1311 2107 1346 altera,
2127 1309 2249 1340 haben-

1232 1368 1283 1396 tes
1300 1365 1417 1395 adhoc
1441 1365 1599 1395 mandata
1618 1365 1770 1403 legitima
1789 1366 1820 1394 et
1847 1364 2064 1400 sufficientia,
2086 1364 2185 1402 prout
2213 1362 2249 1393 in

1233 1420 1386 1458 ipsorum
1405 1417 1701 1457 procurationibus
1719 1425 1779 1447 seu
1796 1417 1966 1447 mandatis
1986 1417 2130 1447 inferius
2146 1425 2248 1447 anno-

1233 1472 1314 1502 tatis
1326 1471 1461 1510 plenius
1480 1471 1683 1508 continetur,
1697 1471 1851 1501 volentes
1865 1471 1973 1501 vitare
1986 1470 2175 1509 litigiorum
2192 1478 2249 1499 an-

1234 1525 1361 1555 fractus
1384 1526 1416 1554 et
1442 1524 1532 1554 viam
1552 1524 1646 1562 pacis
1675 1525 1705 1554 et
1737 1523 1913 1554 concordie
1939 1524 1974 1553 in
1997 1523 2086 1553 dicto
2113 1523 2248 1562 negotio

1235 1579 1410 1617 eligentes,
1423 1578 1564 1608 insimul
1576 1579 1825 1616 transegerunt,
1838 1578 2101 1616 composuerunt
2111 1578 2142 1607 et
2158 1576 2249 1615 pacti

1236 1632 1371 1662 fuerunt
1388 1632 1421 1661 in
1436 1631 1523 1661 hunc
1537 1631 1675 1661 modum
1691 1650 1728 1653 —
1748 1631 1766 1660 ¹.
1785 1631 1941 1661 Predicta
1956 1632 2069 1660 autem
2087 1630 2201 1660 omnia
2216 1631 2249 1660 et

1235 1686 1369 1725 singula
1386 1685 1496 1715 dictus
1512 1685 1675 1724 magister
1684 1684 1856 1715 Gerardus
1872 1684 1912 1714 de
1928 1684 2044 1719 Linea,
2056 1684 2250 1722 procurato-

1234 1740 1284 1770 rio
1312 1739 1447 1769 nomine
1464 1738 1544 1768 dicti
1569 1737 1720 1777 episcopi
1736 1737 2006 1774 Cameracensis,
2024 1737 2166 1776 prefatis
2192 1736 2248 1767 do-

1234 1793 1325 1823 mino
1344 1792 1510 1827 Rolando,
1521 1791 1697 1830 magistris
1707 1791 1862 1822 Holando
1880 1792 1909 1821 et
1922 1790 2083 1827 Giss'redo,
2095 1790 2183 1820 dicte
2193 1790 2250 1820 do-

1234 1846 1324 1876 mine
1343 1845 1507 1876 Beatricis
1531 1844 1821 1883 procuratoribus,
1850 1844 2084 1882 procuratorio
2112 1843 2248 1874 nomine

1235 1900 1343 1938 ipsius
1363 1899 1510 1934 domine,
1537 1898 1705 1937 solempni
1738 1898 1960 1936 stipulatione
1989 1897 2246 1933 interveniente,

1234 1952 1390 1991 promisit
1402 1954 1431 1982 et
1445 1951 1607 1990 obligavit
1621 1951 1748 1981 dictum
1759 1951 1957 1990 episcopum
1970 1952 2001 1981 et
2013 1950 2154 1980 heredes
2167 1958 2248 1981 suos

1235 2008 1264 2035 et
1282 2005 1394 2035 omnia
1410 2005 1497 2035 bona
1519 2014 1580 2034 sua
1598 2004 1865 2043 patrimonialia,
1885 2004 2057 2042 presentia
2072 2005 2103 2034 et
2124 2003 2248 2037 sutura,

1236 2059 1298 2088 sul)
1317 2067 1402 2097 pena
1433 2058 1527 2088 mille
1554 2057 1767 2087 marcharum
1797 2057 2042 2096 sterlingorum
2075 2056 2250 2086 solvenda-

1235 2121 1309 2142 rum
1326 2112 1412 2141 dicte
1431 2111 1565 2141 domine
1583 2119 1642 2150 per
1658 2111 1785 2141 dictum
1807 2111 2004 2149 episcopum
2027 2109 2153 2140 totiens
2169 2118 2250 2148 quo-

1235 2166 1323 2195 tiens
1340 2167 1453 2195 contra
1471 2164 1623 2203 predicta
1650 2164 1763 2194 omnia
1778 2164 1831 2194 vel
1851 2164 1981 2202 aliquid
1997 2172 2038 2194 ex
2056 2163 2106 2193 cis
2124 2171 2250 2193 memo·

1236 2220 1346 2248 ratum
1370 2217 1629 2256 episcopumve]
1641 2217 1781 2247 heredes
1800 2225 1880 2247 suos
1895 2217 2011 2247 venire
2027 2217 2247 2255 contingeret,

1236 2271 1335 2301 dictis
1355 2271 1594 2303 transactione,
1622 2271 1718 2309 pacto
1736 2272 1766 2300 et
1786 2270 2031 2308 compositione
2062 2269 2095 2298 in
2121 2277 2182 2299 sno
2201 2269 2250 2299 ni-

1237 2324 1440 2354 chilominus
1453 2324 1571 2354 robore
1582 2323 1765 2354 duraturis.
1778 2323 1817 2353 Et
1829 2323 1990 2353 similiter
2000 2322 2080 2353 dicti
2091 2322 2250 2352 dominus

1236 2378 1422 2412 Rolandus,
1449 2378 1610 2416 magister
1634 2377 1811 2408 Rolandus
1828 2378 1859 2406 et
1883 2376 2048 2415 magister
2063 2375 2247 2410 Gitl'redus.

1236 2431 1469 2470 Iourocuratorio
1500 2430 1635 2460 nomine
1668 2430 1796 2468 prefate
1826 2430 1961 2460 domine
1993 2429 2159 2460 Beatricis
2189 2436 2249 2467 pro

1238 2486 1310 2523 ipsa
1323 2484 1471 2519 domina,
1485 2484 1573 2514 dicto
1593 2483 1755 2522 magistro
1775 2483 1935 2519 Gerardo,
1948 2482 2160 2521 procuratori
2179 2490 2251 2521 pre-

1238 2538 1296 2568 fati
1313 2537 1474 2576 episcopi,
1494 2537 1646 2575 ejusdem
1665 2537 1814 2575 episcopi
1836 2536 1984 2572 nomine,
2001 2535 2171 2574 solempni
2194 2535 2252 2565 sti-

1237 2591 1409 2630 pulatione
1434 2590 1692 2623 interveniente,
1712 2590 1942 2628 promiserunt
1966 2589 2055 2628 qnod
2081 2589 2169 2619 dicta
2193 2588 2250 2618 do-

1237 2645 1327 2674 mina
1346 2645 1382 2674 13.
1400 2642 1593 2673 observabit
1617 2643 1730 2673 omnia
1747 2643 1898 2681 predicta
1916 2645 1947 2673 et
1969 2645 2085 2672 contra
2112 2650 2178 2672 non
2195 2649 2249 2672 ve-

1238 2697 1317 2731 niet,
1331 2696 1394 2726 sul)
1408 2705 1493 2735 pena
1510 2696 1603 2726 mille
1622 2696 1846 2726 marcharum.
1862 2695 2043 2735 obligando
2061 2703 2164 2734 super
2182 2694 2250 2724 hiis

1238 2750 1350 2780 01111113
1370 2749 1455 2780 bona
1472 2750 1559 2780 dicte
1575 2749 1721 2779 domine.
1743 2748 1882 2779 mobilia
1902 2750 1932 2779 et
1955 2747 2156 2780 immobilia.
2175 2755 2249 2786 pre-

1238 2803 1345 2834 sentia
1365 2804 1395 2833 et
1415 2802 1537 2839 sutura,
1557 2803 1602 2832 ita
1628 2802 1716 2841 quod
1736 2802 1823 2832 dicta
1850 2810 1935 2840 pena
1951 2802 2076 2832 totiens
2097 2800 2251 2831 commit-

1272 2879 1292 2902 1.
1311 2878 1429 2902 Suivcnt
1451 2877 1492 2901 les
1512 2877 1673 2901 conditions
1686 2876 1720 2901 de
1735 2876 1762 2901 la
1777 2877 1967 2903 transaction,
1984 2876 2143 2907 exprim-§es
2161 2875 2175 2899 a
2195 2882 2248 2906 peu

1208 2926 1209 2932 ¹
1239 2918 1303 2948 pres
1317 2918 1389 2942 dans
1405 2917 1445 2941 les
1461 2919 1564 2941 memes
1583 2920 1687 2941 termes
1702 2923 1756 2948 que
1773 2916 1840 2947 plus
1858 2916 1938 2940 haut.
