2519 3262
166 218 206 248 98
917 214 1161 247 REGISTRES
1194 215 1410 246 D’URBAIN
1443 215 1502 246 IV.

167 302 308 332 ecclesie
325 301 431 331 sancti
443 300 583 337 Asterii‚
595 300 883 339 Petragoricensis
898 300 1056 336 diocesis,
1068 301 1178 331 dedis-

167 364 282 386 semus
305 364 363 393 per
385 355 519 384 nostras
538 353 669 384 litteras
691 354 725 383 in
748 353 918 384 mandatis
935 355 982 390 ut,
1003 353 1043 384 al)
1061 354 1178 384 eodem

165 408 335 439 Guillemo
348 407 574 446 liberaipsius
584 406 771 445 capellanie
787 406 1015 446 resignatione
1031 408 1176 446 recepta,

166 462 307 492 eandem
332 460 554 500 capellaniam
576 459 638 490 tibi
661 459 860 490 auctoritate
885 461 1002 490 nostra
1024 460 1177 490 conferre

166 516 198 545 et
216 515 389 553 assignare
407 514 550 549 curaret,
573 513 731 552 idemque
756 513 870 550 abbas,
893 513 991 552 juxta
1010 514 1176 544 dictarum

165 568 355 598 litterarum
373 568 566 597 nostrarum
588 567 752 603 tenorem,
775 566 815 596 ab
835 567 953 597 eodem
969 566 1120 597 Guillmo
1138 567 1176 597 11-

164 621 279 651 beram
321 621 428 658 ipsius
465 619 651 658 capellanie
688 620 952 658 resignationem
990 620 1174 659 recipiens,

163 682 238 704 eam
256 673 317 704 tibi
342 674 493 703 conferre
513 674 544 703 et
562 673 730 712 assignari
753 675 916 710 curasset,
934 673 1015 712 quia
1031 673 1176 704 (31011101-

163 735 239 756 11105
255 727 294 757 de
312 727 441 762 izi-aies,
460 725 639 764 presbyter
657 726 889 756 Xantonensis
908 726 1069 761 diocesis,
1087 735 1122 756 se
1141 726 1174 756 in

162 779 349 818 capellania
366 779 517 818 predicta
532 778 588 817 jus
605 779 728 810 habere
746 779 832 809 falso
850 788 1056 818 proponens,
1068 788 1103 809 se
1113 779 1175 809 tibi

162 841 267 871 super
276 832 471 871 hujusmodi
486 832 665 862 collatione
676 834 707 862 et
718 833 948 871 assignatione
964 833 1085 862 factam
1100 832 1174 869 tibi,

162 885 310 916 indebite
326 885 526 924 opponebat,
544 886 585 915 ad
605 886 720 916 sedem
740 886 961 924 apostolicam
982 885 1173 924 appellasti.

159 938 212 975 Et,
225 939 303 969 licet
321 940 539 977 procuratore
557 939 626 974 tuo,
638 947 740 969 causa
758 939 987 977 prosequendi
1003 939 1175 977 negotium

159 991 366 1031 hujusmodi,
392 992 480 1030 apud
504 992 618 1022 sedem
641 992 783 1022 eandem
807 992 847 1022 ad
869 994 1020 1022 nostram
1038 1000 1174 1031 presen-

158 1045 241 1075 tiam
261 1045 450 1082 accedente,
471 1054 532 1075 nos
550 1045 583 1075 in
601 1045 717 1075 eodem
734 1045 868 1084 negotio
885 1045 1047 1075 dilectum
1066 1045 1175 1075 filium

160 1100 314 1128 nostrum
333 1098 386 1132 G..
402 1099 493 1128 tituli
512 1098 619 1128 sancti
640 1098 745 1128 Marci
766 1097 1006 1137 presbyterum
1026 1098 1176 1128 cardina-

159 1151 238 1187 lem,
249 1151 443 1182 dederimus
457 1151 658 1185 auditorem,
670 1151 780 1181 dictus
796 1151 1175 1190 magisterGuillelmus

160 1205 200 1236 de
216 1204 345 1241 Braies,
364 1213 568 1243 quamquam
587 1204 717 1243 pluries
735 1204 768 1234 in
786 1205 958 1234 audientia
974 1204 1111 1243 publica
1130 1204 1173 1234 ci-

159 1260 251 1289 tatus
271 1258 373 1288 suerit
393 1259 424 1288 et
444 1259 608 1296 quantum
625 1257 714 1296 juris
735 1258 815 1287 ordo
837 1258 999 1296 postulat,
1021 1259 1175 1296 expecta-

160 1312 261 1347 tatus,
290 1319 402 1341 coram
431 1320 468 1341 eo
492 1319 551 1350 per
578 1320 613 1340 se
642 1311 695 1341 vel
722 1312 976 1349 procuratorem
1002 1311 1173 1350 ydoneum

161 1373 354 1403 comparere
369 1364 610 1394 contumaciter
623 1372 689 1393 non
707 1364 847 1394 curavit.
864 1364 957 1394 Idem
973 1373 1051 1394 vero
1070 1364 1174 1394 cardi-

161 1417 261 1453 nalis,
273 1417 520 1453 instrumentis,
534 1416 668 1454 juribus
684 1418 716 1446 et
729 1416 952 1446 munimentis
962 1416 1030 1446 tuis
1046 1426 1087 1447 ex
1104 1417 1174 1455 (101-

160 1470 224 1500 bus
244 1471 443 1509 procurator
464 1470 537 1508 ipse
557 1470 684 1500 dictum
704 1470 877 1508 negotium
900 1478 961 1508 per
978 1469 1173 1508 hujusmodi

161 1523 423 1562 appellationem
438 1524 530 1553 tuam
547 1524 587 1553 ad
604 1523 719 1553 sedem
736 1523 934 1553 devolutum
952 1523 1105 1559 eandem,
1118 1523 1174 1553 do-

161 1586 235 1608 cere
246 1576 389 1613 volebat,
403 1577 548 1615 receptis
564 1577 596 1606 et
613 1575 794 1615 diligenter
810 1576 1026 1610 examinatis,
1037 1576 1174 1606 interlo-

162 1630 294 1669 quendo
310 1629 543 1668 pronuntiavit
557 1629 746 1667 predictum
764 1629 937 1668 negotium
951 1638 1025 1659 esse
1041 1638 1101 1668 per
1117 1629 1175 1659 hu-

157 1683 307 1722 jusmodi
320 1683 583 1722 appellationem
597 1683 637 1712 ad
649 1682 764 1712 sedem
784 1682 1006 1721 apostolicam
1024 1683 1174 1721 legitime

161 1736 357 1767 devolutum
378 1746 414 1766 ae
432 1736 517 1766 illud
540 1735 667 1766 ibidem
686 1735 756 1766 fore
773 1736 997 1766 tractandum.
1023 1736 1174 1775 Cumque

161 1790 378 1829 postmodum
390 1790 480 1820 idem
489 1789 672 1819 cardinalis
687 1790 721 1819 in
736 1789 870 1828 negotio
885 1790 958 1828 ipso
971 1789 1118 1820 Renerio
1133 1790 1173 1820 de

161 1843 326 1880 Pissiaco,
355 1843 514 1873 canonico
545 1842 719 1878 Remensi,
745 1842 919 1881 capellano
945 1844 1073 1877 nestro,
1098 1851 1173 1872 cau-

162 1904 277 1926 sarum
289 1896 405 1934 palatii
420 1896 526 1926 nostri
541 1895 687 1926 auditori
702 1895 864 1934 generali,
878 1895 970 1926 vices
987 1904 1066 1926 suas
1085 1904 1172 1926 com-

161 1949 325 1985 misisset,
339 1949 521 1979 diffinitiva
539 1948 605 1978 sibi
628 1948 795 1979 sententia
812 1950 995 1985 reservata,
1014 1949 1104 1979 idem
1122 1957 1173 1979 ca—

160 2003 328 2042 pellanus,
344 2011 362 2032 a
374 2002 462 2032 dicto
475 2003 532 2032 tuo
546 2003 763 2041 procuratore
776 2001 894 2032 libello
914 2003 945 2032 et
963 2001 1065 2032 etiam
1081 2002 1171 2040 jura-

159 2057 273 2087 mento
289 2056 328 2086 de
345 2055 538 2094 calumpnia
557 2064 616 2086 seu
634 2055 674 2085 de
692 2055 833 2085 veritate
853 2055 1007 2090 dicenda,
1027 2064 1086 2085 nec
1105 2064 1172 2085 1100

160 2109 296 2144 litteris,
315 2109 398 2139 actis
411 2110 443 2139 01-
462 2108 683 2139 munimentis
700 2108 769 2138 tuis
788 2116 847 2146 per
864 2116 927 2146 que
947 2108 1172 2139 intentionem

160 2171 327 2201 suampro
340 2163 372 2192 te
387 2171 488 2200 super
504 2161 685 2200 principali
697 2161 830 2192 volebat
847 2161 999 2197 fundare,
1013 2162 1170 2200 receptis,

159 2225 196 2248 ac
213 2217 342 2246 eisdem
358 2215 487 2252 libello,
499 2215 637 2251 litteris,
650 2216 734 2246 actis
749 2217 780 2246 et
791 2216 1013 2247 munimentis
1030 2216 1170 2255 diligen-

157 2270 209 2300 ter
236 2269 452 2305 examinatis,
474 2269 513 2299 110
536 2269 602 2298 11115
630 2269 759 2308 prefato
782 2269 947 2299 cardinali
970 2269 1171 2300 relationem

158 2323 237 2354 fecit
256 2323 402 2354 1111011101·
420 2324 451 2353 et
465 2323 659 2361 prudenter.
679 2322 774 2352 Idem
794 2323 897 2361 igitur
913 2323 1107 2359 cardinalis,
1123 2323 1170 2353 vi-

158 2377 207 2407 sis
221 2378 253 2407 et
271 2377 405 2415 plenius
425 2376 610 2407 intellectis
622 2375 758 2415 juribus
777 2377 808 2406 et
824 2375 1016 2406 rationibus
1034 2377 1114 2413 tuis,
1133 2386 1170 2407 ac

157 2430 257 2468 plena
285 2429 528 2460 delil‘ieratione
558 2428 673 2459 habita
702 2437 804 2467 super
828 2428 924 2467 ipsis,
950 2429 1170 2459 citationibus

158 2492 289 2522 (11101100
305 2483 402 2513 sactis
420 2483 452 2512 111
471 2482 644 2512 00(11011110
660 2481 809 2520 publica,
820 2483 856 2512 ut
871 2483 922 2512 est
938 2482 1169 2520 morisjuris-

158 2545 222 2576 que
242 2536 358 2567 ordine
381 2536 570 2572 observato,
595 2544 655 2565 nec
676 2544 741 2565 non
762 2535 850 2566 dicto
874 2536 931 2566 tuo
952 2537 1169 2574 procuratore

157 2591 314 2628 presente
331 2598 367 2619 ae
384 2588 515 2628 prefate
535 2589 721 2619 Guillelmo
746 2589 786 2619 de
809 2589 927 2619 Braies
947 2597 1013 2619 11011
1032 2591 1168 2620 curante

158 2651 270 2673 coram
283 2642 371 2673 dicto
385 2642 548 2672 cardinali
561 2651 620 2681 per
637 2650 673 2672 se
686 2642 739 2672 vel
752 2641 985 2681 responsalem
999 2641 1167 2681 ydoneum

157 2704 363 2734 comparere,
382 2695 600 2726 diffinitivam
620 2704 680 2734 pro
699 2696 730 2726 te
749 2695 952 2727 sententiam
974 2695 1166 2735 promulga-

157 2748 216 2785 vit,
235 2749 486 2788 condempnans
509 2749 653 2779 eundem
669 2748 708 2779 G.
726 2749 766 2779 de
786 2748 905 2779 Braies
923 2748 964 2778 ad
981 2748 1167 2779 restitutio-

157 2808 234 2832 nem
254 2802 424 2832 fructuum
442 2802 483 2832 de
501 2802 689 2840 capellania
708 2802 783 2841 ipsa
805 2802 916 2832 medio
932 2803 1082 2841 tempore
1094 2810 1166 2840 per-

156 2856 330 2894 ceptorum
339 2855 391 2886 vel
404 2855 460 2894 qui
475 2855 603 2894 percipi
614 2856 796 2894 potuerunt
809 2863 868 2886 nec
881 2863 947 2885 non
960 2855 994 2885 10
1004 2854 1166 2894 expensis

155 2906 190 2938 in
207 2908 266 2939 lite
284 2908 394 2946 factis,
408 2917 551 2947 quarum
564 2908 773 2939 taxationem
785 2908 851 2938 sibi
870 2908 905 2938 in
921 2909 1097 2947 posterum
1115 2915 1163 2938 re-

1240 300 1399 331 servavit.
1415 300 1639 330 Postmodum
1647 308 1727 330 vero
1740 308 1909 339 expensas
1918 308 1980 339 pro
1992 301 2050 331 tua
2060 302 2155 340 parte
2169 303 2258 340 apud

1240 354 1354 384 sedem
1379 353 1519 384 eandem
1542 355 1680 392 propter
1697 353 1758 383 hoc
1777 353 1896 388 factas,
1916 354 1951 383 in
1969 356 2114 393 quatuor
2131 355 2256 386 marcis

1240 406 1494 445 sterlingorum,
1510 406 1704 445 juramento
1731 415 1749 436 a
1774 406 1863 437 dicto
1887 408 2106 444 procuratore
2124 409 2182 437 tuo
2205 416 2255 438 re-

1207 466 1209 493 ’;
1239 460 1345 498 cepto,
1369 459 1509 496 taxavit,
1528 459 1737 489 taxationem
1762 459 1929 490 dictorum
1946 459 2119 490 fructuum
2141 469 2178 490 ac
2201 469 2258 491 ex-

1207 511 1208 519 *
1237 521 1419 552 pensarum
1435 521 1519 552 quas
1535 515 1672 551 propter
1688 512 1749 542 hoc
1767 512 1802 542 in
1816 513 2085 543 transmontanis
2102 513 2257 552 partibus

1238 565 1387 602 subiisti,
1409 565 1597 596 venerabili
1617 565 1715 596 fratri
1739 567 1856 596 nostro
1878 589 1906 596 ..
1926 566 2085 605 episcopo
2100 567 2258 606 Petrago-

1237 619 1372 655 rieensi,
1394 619 1451 658 qui
1470 627 1571 657 super
1590 618 1658 648 hiis
1674 617 1797 649 habere
1815 619 1939 657 poterit
1957 619 2112 649 notitiam
2130 619 2256 658 plenio-

1238 680 1320 708 rem,
1340 672 1491 703 totaliter
1512 672 1768 707 committendo,
1786 674 1887 711 prout
1908 673 1943 702 in
1961 672 2109 711 publicis
2132 672 2258 703 instru—

1237 725 1362 755 mentis
1388 725 1551 755 confectis
1578 725 1700 755 exinde
1726 727 1757 755 et
1779 725 1894 764 sigillo
1917 725 2102 757 cardinalis
2133 725 2257 763 prefati

1238 778 1393 817 signatis,
1414 778 1549 817 plenius
1569 778 1770 809 continetur.
1792 779 1864 809 Nos
1886 779 2012 817 itaque,
2033 779 2103 808 tuis
2129 778 2258 817 suppli-

1237 831 1429 862 cationibus
1448 832 1614 867 inclinati,
1630 831 1827 870 hujusmodi
1843 832 2060 868 sententiam,
2077 831 2255 870 'condemp-

1237 885 1408 915 nationem
1427 887 1459 916 et
1478 886 1688 916 taxationem
1701 885 1742 915 ab
1754 886 1871 915 eodem
1890 885 2055 915 cardinali
2072 893 2174 924 super
2187 884 2256 915 hiis

1237 938 1357 975 0111105,
1377 939 1468 968 ratas
1485 940 1516 969 et
1535 939 1651 968 firmas
1670 938 1844 975 habentes,
1866 947 1923 969 eas
1942 939 2142 969 auctoritate
2159 946 2256 976 apos-

1236 991 1338 1021 tolica
1357 992 1599 1022 confirmamus
1616 993 1692 1029 ete„
1713 1000 1821 1030 usque
1838 992 2102 1022 communimus.

1277 1045 1426 1075 Teneres
1449 1047 1561 1075 autem
1589 1046 1893 1076 instrumentorum
1915 1046 2068 1084 ipsorum
2094 1045 2134 1075 110
2150 1045 2255 1076 verbo

1237 1098 1278 1128 ad
1305 1098 1445 1129 verbum
1472 1098 1689 1137 presentibus
1720 1098 1864 1129 fecimus
1899 1099 2064 1134 annotari,
2082 1098 2140 1138 qui
2169 1098 2255 1129 tales

1237 1153 1315 1181 sunt
1336 1162 1341 1180 z

1277 1216 1292 1231 «
1310 1205 1348 1235 In
1366 1206 1502 1235 nomine
1515 1205 1666 1241 Domini,
1686 1214 1794 1236 amen.
1813 1205 2013 1236 Presidente
2029 1205 2173 1235 rationis
2192 1205 2253 1235 im-

1235 1258 1330 1296 perio
1352 1276 1398 1288 -.
1424 1258 1508 1288 Sane
1532 1259 1773 1288 sanctissimus
1793 1261 1888 1297 pater
1913 1259 2072 1289 (10011005
2094 1258 2253 1289 Urbanus

1235 1320 1321 1350 papa
1331 1311 1408 1347 1111,
1424 1311 1594 1341 intellecto
1606 1312 1695 1350 quod
1707 1312 1869 1350 magister
1881 1312 2087 1342 Guillelmus
2097 1312 2137 1342 de
2147 1311 2252 1347 Quar-

1234 1364 1332 1394 teriis
1350 1364 1573 1403 capellaniam
1591 1374 1693 1403 quam
1723 1365 1895 1395 obtinebat
1924 1366 1957 1395 10
1984 1365 2127 1395 ecclesia
2145 1365 2254 1396 sancti

1235 1417 1381 1447 Palladii
1400 1416 1644 1452 Xantonensis,
1665 1416 1859 1447 intendebat
1891 1416 1997 1447 libere
2029 1417 2213 1456 resignare,
2232 1440 2252 1448 ..

1236 1470 1349 1500 abbati
1366 1469 1530 1500 secularis
1552 1469 1693 1500 ecclesie
1715 1470 1823 1500 sancti
1841 1470 1981 1505 Asterii,
2001 1470 2252 1509 Petragoricen-

1236 1523 1285 1553 sis
1313 1523 1471 1557 diocesis,
1493 1523 1565 1552 suis
1586 1523 1677 1553 dedit
1698 1523 1822 1554 litteris
1845 1523 1878 1552 in
1894 1523 2065 1553 mandatis
2081 1525 2129 1559 ut,
2148 1531 2166 1553 a
2180 1531 2253 1562 pre-

1236 1577 1325 1607 dicto
1343 1577 1506 1615 magistro
1522 1576 1708 1607 Guillelmo
1720 1576 1831 1614 ipsius
1848 1576 2034 1615 capellanie
2047 1576 2155 1606 libera
2169 1576 2254 1607 resi-

1236 1630 1393 1669 gnatione
1411 1631 1555 1668 recepta,
1574 1629 1797 1668 capellaniam
1816 1630 1957 1660 eandem
1974 1629 2160 1660 Guillelmo
2176 1629 2254 1660 Ful-

1237 1684 1348 1719 caudi,
1360 1683 1502 1722 pauperi
1517 1683 1650 1719 clerico,
1664 1683 1864 1713 auctoritate
1882 1683 2068 1722 apostolica
2085 1683 2253 1713 conferret

1237 1746 1273 1767 ac
1297 1737 1399 1767 etiam
1429 1737 1629 1775 assignaret.
1655 1736 1719 1772 Qui
1749 1736 1864 1773 abbas,
1888 1746 1906 1766 a
1928 1736 2060 1775 prefato
2087 1736 2252 1776 magistro

1235 1790 1420 1821 Guillelmo
1431 1790 1470 1820 de
1482 1790 1673 1825 Quarteriis
1684 1790 1832 1828 predicte
1843 1790 2042 1828 capellanie,
2051 1790 2252 1829 juxtaman·

1237 1844 1352 1874 datum
1382 1843 1618 1882 apostolicum,
1639 1843 1747 1874 libera
1774 1844 2003 1883 resignatione
2030 1847 2174 1882 recepta,
2201 1851 2253 1874 ca-

1235 1897 1420 1935 pellaniam
1448 1896 1559 1935 ipsam
1592 1896 1743 1935 predicto
1773 1897 1812 1927 G.
1851 1897 2015 1927 Fulcaudi
2051 1896 2251 1927 auctoritate

1235 1950 1421 1988 apostolica
1448 1950 1589 1980 contulit
1626 1958 1662 1979 ac
1695 1949 1797 1980 etiam
1835 1950 2034 1988 assignavit,
2066 1950 2252 1980 decernens

1235 2003 1352 2033 eadem
1368 2002 1567 2032 auctoritate
1584 2002 1719 2032 irritum
1737 2004 1767 2033 01
1788 2002 1886 2033 inane
1908 2003 1937 2032 51
1959 2011 2056 2033 500115
2076 2003 2115 2032 (10
2138 2002 2250 2042 capel-

1235 2056 1323 2086 lania
1337 2056 1412 2095 ipsa
1429 2065 1447 2086 a
1463 2064 1632 2094 quoquam
1649 2055 1857 2094 contingeret
1875 2056 2081 2094 attemptari.
2096 2056 2249 2095 Cumque

1235 2109 1451 2148 postmodum
1475 2108 1682 2139 Guillelmus
1707 2109 1746 2139 de
1775 2109 1893 2139 Braies
1927 2108 2106 2148 presbyter
2133 2109 2250 2140 dicens

1235 2163 1301 2193 sibi
1326 2163 1365 2193 de
1393 2162 1580 2201 capellania
1608 2162 1682 2201 ipsa
1714 2162 1784 2192 fere
1808 2162 1996 2201 provisum,
2023 2162 2250 2201 capellaniam

1234 2217 1356 2255 ipsam,
1374 2225 1449 2246 011111
1465 2215 1600 2254 juribus
1619 2218 1649 2247 et
1665 2215 1881 2254 pertinentiis
1901 2215 1986 2251 5015,
2005 2217 2132 2246 temere
2153 2224 2250 2246 0000-

1233 2271 1327 2308 paret
1347 2278 1383 2299 00
1403 2269 1568 2299 detineret
1591 2270 1801 2307 occupatam,
1819 2269 2008 2307 predictum
2025 2270 2064 2300 G.
2083 2268 2249 2299 Fulcaudi

1233 2322 1448 2361 impediendo
1478 2322 1661 2361 quominus
1688 2322 1943 2361 possessionem
1975 2321 2103 2361 capelle
2137 2322 2249 2361 ipsius

1232 2376 1369 2414 pacitice
1387 2375 1553 2405 obtineret
1577 2384 1613 2405 00
1633 2375 1790 2414 ingerens
1806 2384 1841 2405 se
1862 2374 2010 2405 indebite
2030 2375 2072 2405 ad
2092 2375 2247 2414 eandem,

1233 2429 1266 2459 10
1286 2429 1435 2468 ejusdem
1458 2429 1497 2459 G.
1520 2429 1683 2459 Fulcaudi
1702 2428 1927 2467 prejudicium
1946 2431 1976 2459 et
1994 2437 2188 2467 gravamen,
2205 2436 2248 2458 ex

1232 2484 1325 2521 parte
1348 2482 1500 2520 ejusdem
1518 2482 1557 2512 G.
1578 2482 1742 2512 Fulcaudi
1770 2482 1831 2512 suit
1862 2490 1964 2520 super
1986 2481 2054 2512 hiis
2071 2481 2113 2512 ad
2131 2481 2248 2512 sedem

1231 2535 1451 2574 apostolicam
1476 2535 1628 2574 legitime
1654 2535 1874 2574 appellatum.
1894 2535 1999 2566 Porro
2019 2535 2152 2574 negotio
2169 2543 2248 2574 pro·

1230 2589 1374 2619 visionis
1401 2588 1596 2627 hujusmodi
1614 2597 1672 2627 per
1691 2588 1953 2628 appellationem
1973 2588 2014 2619 ad
2034 2588 2149 2619 sedem
2168 2596 2249 2619 ean-

1230 2642 1305 2673 dem
1325 2642 1493 2674 devolute.
1514 2642 1602 2672 idem
1633 2642 1792 2672 dominus
1812 2650 1899 2681 papa
1918 2641 2028 2678 nobis,
2046 2641 2244 2678 Guillelmo,

1229 2695 1320 2726 tituli
1348 2695 1454 2725 sancti
1482 2695 1586 2725 Marci
1613 2695 1813 2734 presbytero
1837 2695 2014 2729 cardinali,
2042 2694 2139 2724 duxit
2169 2702 2245 2725 cau-

1230 2757 1301 2778 sam
1335 2748 1574 2787 appellationis
1601 2748 1797 2787 hujusmodi
1827 2750 1859 2778 et
1886 2747 2087 2787 principalis
2117 2747 2244 2787 negotii

1229 2801 1505 2832 0010011110011010
1533 2803 1565 2832 01
1586 2801 1651 2832 tine
1676 2801 1790 2831 debito
1818 2800 2077 2831 terminandam.
2103 2800 2244 2831 Petente

1228 2857 1339 2885 autem
1369 2856 1586 2893 procuratore
1619 2854 1846 2893 prenominati
1878 2854 1916 2885 G.
1945 2853 2109 2884 Fulcaudi
2141 2855 2176 2884 ut
2206 2853 2243 2883 in

1228 2908 1362 2947 negotio
1383 2907 1500 2939 00110111
1528 2907 1800 2947 procederemus,
1817 2907 1952 2947 J'ustitia
1973 2906 2155 2943 mediante,
2174 2905 2244 2936 dic-
