2519 3262
1025 165 1264 203 TROISIEME
1294 167 1458 203 ANNEE.

201 255 299 285 mari.
329 256 424 286 Nunc
452 264 541 291 vero,
576 257 712 294 propter
744 264 899 286 rumores
919 255 1154 286 amarissimos
1182 256 1214 285 et
1238 268 1239 305 i

202 309 362 340 sinistros
387 311 528 340 eventus
548 318 632 348 quos
650 310 689 340 ‹le
705 311 795 340 terra
814 310 888 348 ipsa
912 309 1104 348 frequenter
1121 309 1211 338 audi·
1238 343 1240 354 Ι

201 371 289 398 mus,
308 363 491 401 impetente
508 363 603 392 illam
615 363 752 393 assidue
770 371 978 402 paganorum
991 371 1070 392 seva
1085 362 1212 400 spurci·
1238 368 1240 393 ¹,

199 415 248 445 tia
264 417 297 446 et
313 416 532 446 Tartarorum
549 415 642 445 rabie
664 416 804 451 furiosa,
822 425 887 445 non
911 415 1022 445 minor
1040 416 1091 444 est
1114 414 1212 444 nobis
1238 446 1240 454 s

200 469 313 499 cordis
330 469 486 499 auxietas
505 470 536 498 et
555 469 695 499 afflictio
713 469 855 507 spiritus
875 477 976 507 quam
999 468 1027 497 si
1049 468 1208 498 conditio-

200 531 277 552 nem
295 522 405 561 ipsius
425 522 585 552 miseram
603 524 635 552 et
658 521 891 551 miserabilem
910 521 1082 560 corporeis
1103 521 1211 550 oculis

200 575 406 605 videremus.
423 575 507 610 Quis
520 575 622 611 enim,
640 583 675 605 se
692 576 847 605 renatum
864 583 959 604 sacro
978 574 1068 604 fonte
1084 573 1209 612 baptis-

199 628 301 658 matis
318 636 572 666 recognoscens,
587 628 659 657 sine
675 628 800 665 pietate
817 627 922 657 animi
935 628 966 657 et
980 626 1211 656 habundantia

201 681 450 720 compassionis
476 681 510 710 in
538 681 659 711 itinere
686 682 854 719 pretereat
880 680 952 710 loca
977 680 1037 709 illa
1054 680 1212 709 sacratis-

199 735 287 764 sima
305 735 351 764 tot
363 734 469 764 fuisse
484 733 695 772 temporibus
711 742 770 772 per
783 735 915 771 gentem
931 733 1025 762 illam
1037 733 1209 762 horridam

197 788 267 818 tam
296 787 479 817 enormiter
501 786 731 825 prophanata?
747 787 852 825 Cujus
871 786 960 816 enim
988 786 1105 824 pectus
1125 786 1211 816 foret

199 841 246 871 ita
261 840 434 878 lapideum
450 840 502 870 vel
520 849 575 870 cor
592 840 706 870 taliter
725 839 945 875 obstinatum,
966 839 1047 878 quin
1066 848 1126 877 pro
1143 848 1211 869 mo-

197 893 277 923 dulo
294 901 353 922 sue
370 893 507 922 virtutis
533 894 564 922 et
591 893 731 922 scientie
754 893 932 931 promptus
950 892 990 922 ad
1009 900 1209 922 succursum

195 945 376 976 haberetur
412 947 443 975 et
481 945 603 980 facilis,
638 953 678 975 ne
712 947 827 983 pereat
858 945 968 983 ipsius
1002 947 1091 975 terre
1123 946 1208 975 resi-

195 998 312 1033 duum,
331 997 393 1027 sub
417 998 605 1028 innumeris
623 997 798 1028 laboribus
819 1007 855 1028 ac
874 998 1016 1028 infinitis
1039 999 1208 1037 angustiis

195 1060 233 1081 ac
252 1052 354 1081 etiam
372 1050 434 1081 sub
458 1051 604 1089 quodam
630 1052 736 1081 effuso
763 1052 940 1090 sanguinis
956 1052 1095 1082 flumine
1111 1052 1208 1082 inno-

195 1104 304 1135 centis
320 1104 549 1143 acquisitum?

234 1158 330 1193 Ecce,
352 1158 455 1188 frater
486 1157 694 1188 venerabilis
723 1167 823 1197 quem
849 1158 979 1189 sincere
1008 1158 1042 1188 in
1060 1159 1207 1189 Domino

193 1211 451 1249 complectimur
476 1210 613 1241 brachio
640 1211 804 1246 caritatis,
832 1212 1043 1242 anxietatum
1065 1213 1095 1242 et
1118 1212 1208 1242 dolo-

193 1272 270 1293 rum
300 1264 565 1300 multitudinem,
595 1263 693 1294 nobis
725 1264 765 1294 de
797 1264 926 1303 prefate
952 1266 1042 1295 terre
1073 1265 1207 1304 dispen-

195 1316 262 1346 diis
289 1316 536 1353 imminentem,
561 1317 686 1347 mirum
711 1318 745 1347 in
770 1318 908 1347 modum
933 1318 990 1348 tue
1016 1318 1208 1348 devotionis

194 1372 346 1400 aromata
373 1371 584 1409 mitigarunt,
618 1371 697 1400 dum
723 1371 869 1410 jocundo
897 1372 995 1401 corde
1023 1372 1206 1402 didicimus

194 1424 283 1462 quod
307 1424 455 1462 Spiritus
477 1424 591 1454 Sancti
620 1423 825 1463 benignitas,
852 1424 910 1463 qui
937 1425 1135 1455 devotorum
1158 1433 1204 1454 re-

192 1476 263 1515 plet
287 1477 387 1506 corda
414 1477 567 1507 fidelium
591 1479 623 1507 et
650 1479 701 1507 est
727 1477 879 1507 omnium
908 1478 1066 1508 remissio
1091 1487 1205 1516 pecca-

192 1530 317 1566 torum,
337 1530 463 1568 quique
480 1530 617 1560 celestis
636 1531 710 1560 aule
733 1530 872 1560 divitias
897 1539 957 1569 pro
983 1540 1044 1560 sua
1061 1531 1204 1561 clemen-

190 1582 327 1612 tissima
360 1583 532 1613 voluntate
562 1584 749 1622 dispensat,
777 1593 832 1614 cor
858 1586 951 1614 tuum
987 1585 1027 1614 ad
1054 1593 1205 1614 amorem

191 1636 224 1665 et
240 1635 396 1666 timorem
423 1636 530 1666 divini
552 1637 701 1666 nominis
726 1637 771 1666 ita
789 1637 971 1675 disposuit,
993 1639 1115 1676 tueque
1139 1637 1205 1667 sin-

191 1688 341 1719 ceritatis
360 1690 516 1719 affectum
542 1690 584 1720 ad
609 1690 712 1720 Terre
731 1690 852 1720 Sancte
876 1690 1070 1720 subsidium
1089 1690 1204 1720 taliter

189 1742 403 1773 nssammavit
419 1745 455 1773 ut
470 1751 575 1781 geras
596 1743 630 1773 in
644 1745 722 1774 voto
741 1743 939 1774 firmissime
958 1746 989 1774 te
1007 1753 1067 1782 pro
1092 1744 1203 1783 ipsius
1230 1781 1232 1789 *V

191 1795 292 1825 Terre
320 1795 473 1826 subsidio
504 1796 637 1826 vivifice
656 1797 775 1827 Crucis
798 1796 971 1836 signaculo
989 1797 1129 1827 reddere
1154 1798 1199 1827 in-

190 1848 366 1887 signitum,
393 1849 514 1879 ductus
543 1850 814 1880 consideratione
842 1850 984 1888 provida
1011 1851 1043 1880 et
1066 1851 1203 1881 medita-

187 1901 280 1932 tione
298 1902 445 1932 discreta
460 1903 549 1941 quod
566 1903 879 1942 crucesignatorum
899 1904 1090 1935 humilitas,
1108 1906 1204 1943 grata

189 1955 347 1993 supernis
365 1956 397 1985 et
424 1955 615 1986 veneranda
640 1956 798 1990 terrenis,
827 1957 860 1985 in
887 1958 1045 1994 suscepto
1075 1957 1202 1987 vexillo

188 2007 299 2038 crucis
316 2007 445 2038 clavem
465 2007 616 2038 thesauri
637 2008 774 2039 celestis
791 2010 823 2039 et
840 2009 992 2048 sigillum
1009 2009 1130 2040 habeat
1148 2010 1201 2039 cui

189 2061 351 2091 dominici
369 2061 521 2100 corporis
536 2061 739 2092 beatissima
754 2063 909 2101 provenit
927 2063 1120 2101 impressio,
1141 2072 1201 2102 pro

187 2114 322 2154 generis
336 2114 475 2144 humani
490 2115 652 2154 periculis
669 2115 703 2145 in
719 2115 841 2146 salutis
856 2118 970 2146 eterne
986 2116 1109 2156 gaudia
1125 2125 1201 2146 con—
1227 2131 1229 2141 ι

186 2168 370 2204 vertendis,
401 2177 438 2198 ac
468 2169 571 2198 etiam
596 2169 685 2208 quod
715 2169 766 2199 illi
789 2170 847 2208 qui
872 2170 1007 2200 contriti
1037 2171 1201 2200 veraciter

190 2217 399 2257 et‘confessh
428 2230 562 2252 crucem
597 2222 772 2252 humiliter
809 2223 1012 2261 suscipiunt,
1042 2223 1137 2254 illam
1167 2224 1201 2254 iu
1227 2239 1228 2256 1

186 2275 313 2304 summi
331 2275 421 2314 regis
443 2274 610 2314 ‘obsequio
630 2275 744 2306 debita
764 2277 954 2307 reverentia
971 2278 1199 2316 prosecuturi,

187 2329 267 2357 sunt
290 2336 309 2357 a
338 2328 487 2366 peccatis
513 2328 670 2364 omnibus
697 2331 729 2359 et
758 2329 895 2359 illorum
924 2338 1010 2368 pena
1036 2330 1135 2361 liberi
1164 2339 1201 2361 ac

188 2380 351 2410 ineffabili
374 2381 482 2419 gratia
501 2383 532 2411 et
547 2381 674 2412 honore
692 2383 726 2412 in
749 2383 942 2421 splendoris
963 2384 1070 2414 eterni
1090 2385 1200 2423 patria

188 2434 383 2464 coronandi.
407 2435 505 2464 Felix
526 2435 607 2465 hora
628 2444 687 2465 seu
701 2436 847 2474 jocunda
864 2437 937 2466 dies
955 2437 990 2466 in
1006 2446 1072 2476 qua
1088 2438 1199 2468 condi-

187 2488 240 2516 tor
258 2489 290 2516 et
310 2487 502 2526 redemptor
524 2488 676 2518 omnium
698 2497 734 2518 ac
756 2498 816 2519 vas
840 2490 1105 2521 refertissimum
1131 2500 1200 2522 om-

185 2654 245 2684 per
273 2654 367 2684 spem
397 2648 428 2676 et
452 2648 542 2676 recto
571 2655 631 2685 per
659 2647 832 2678 caritatem
859 2649 1037 2685 adherens,
1056 2651 1198 2688 predicti

187 2699 276 2738 regis
303 2700 409 2730 eterni
436 2699 561 2730 alletha
580 2702 750 2736 strenuus,
769 2701 816 2731 ita
834 2701 904 2731 fore
922 2702 1094 2733 desideres
1109 2705 1197 2742 quod

186 2752 342 2791 exemplo
360 2753 409 2782 tui
440 2753 539 2783 multi
563 2754 719 2791 potentes
743 2756 775 2784 et
798 2754 929 2785 nobiles
947 2756 1103 2786 affectum
1121 2767 1197 2788 con-

184 2805 310 2844 cipiant
336 2807 447 2836 mente
472 2806 594 2836 humili
624 2807 665 2836 ad
693 2807 842 2845 predicte
869 2808 971 2838 Terre
998 2818 1197 2841 succursum
1225 2815 1226 2826 ³

184 2859 361 2898 magnifice
394 2859 609 2898 procedendi.

2224 186 2280 214 327

1311 257 1359 287 De
1385 257 1446 286 hac
1469 259 1580 287 autem
1596 258 1781 290 intentione
1808 262 1864 290 tua
1884 262 2046 293 laudabili
2074 267 2103 294 et
2127 266 2215 295 felici
2237 268 2282 297 di-

1272 309 1379 339 lectus
1401 310 1492 340 tilius
1509 311 1671 349 magister
1694 312 1833 351 Egidius
1859 314 1898 344 de
1923 316 2149 355 XYinenghen,
2173 321 2282 357 cupel-

1271 362 1370 392 lanus
1404 365 1529 399 noster,
1559 365 1741 395 canonicus
1769 366 1982 404 Leodiensis,
2023 371 2162 400 nuntius
2189 375 2278 406 tuus,

1271 415 1378 445 multa
1402 415 1643 447 desiderabilia
1663 420 1694 448 et
1719 418 1866 457 jocunda
1884 422 2000 451 retulit
2022 431 2134 453 coram
2168 425 2277 461 nobis,

1271 470 1464 498 constanter
1493 477 1651 500 asserens
1670 473 1756 510 quod
1782 474 1817 502 tu
1840 474 1988 512 predicte
2009 476 2118 505 crucis
2133 477 2279 515 siguum,

1270 522 1340 551 vita
1367 522 1489 552 comite
1517 532 1553 553 ac
1578 524 1693 554 divina
1719 526 1828 563 gratia
1857 527 2072 567 suffragante,
2095 529 2127 559 in
2149 539 2282 561 onmem

1271 577 1429 605 eventum
1452 576 1556 606 velles
1578 580 1726 616 accipere
1748 588 1785 609 ac
1812 579 1845 609 in
1864 580 1973 618 primo
1991 583 2148 620 passagio
2165 592 2183 613 a
2205 585 2282 615 sede

1271 627 1456 666 apostolica
1478 631 1667 665 statuendo,
1694 640 1769 661 cum
1792 631 1996 663 bellatorum
2019 635 2208 665 honorabili
2232 645 2282 665 co-

1270 681 1401 715 mitiva,
1440 682 1473 711 in
1502 683 1653 720 ejusdem
1684 686 1773 714 terre
1805 685 1995 717 subsidium
2022 689 2203 726 proticisci.
2237 689 2280 720 Ut

1269 735 1381 763 autem
1412 736 1507 765 tuum
1527 736 1663 767 salubre
1689 738 1896 769 desiderium
1915 749 2015 779 super
2034 741 2101 771 hiis
2131 743 2281 772 votivum

1268 787 1377 825 possit
1412 789 1585 827 suscipere
1623 792 1919 829 complementum,
1949 802 2023 830 nos,
2058 795 2281 826 fraternitatis

1268 841 1324 870 tue
1355 841 1486 872 devotis
1515 843 1674 881 precibus
1699 844 1864 881 inclinati,
1884 848 2094 885 presentium
2122 848 2182 878 tibi
2207 858 2282 879 auc-

1267 893 1402 924 toritate
1420 896 1637 926 concedimus
1654 899 1690 928 ut
1715 900 1746 928 et
1774 900 1980 937 sepedictam
2001 910 2145 935 crucem,
2175 902 2208 931 in
2225 911 2281 932 no-

1267 947 1358 977 mine
1384 948 1570 979 Salvatoris
1587 951 1694 980 nostri
1720 952 1795 988 Dei,
1824 953 1944 984 devoto
1970 955 2093 993 spiritu
2111 957 2141 985 et
2167 956 2280 986 animo

1267 1002 1435 1031 reverenti
1464 1003 1636 1042 suscipere
1665 1013 1701 1035 ac
1720 1005 1754 1035 in
1773 1006 1943 1044 sepedicte
1962 1008 2064 1038 Terre
2082 1017 2281 1039 succursum

1266 1054 1380 1092 possis
1404 1054 1510 1086 libere
1534 1057 1828 1089 transfretmesl'u
1846 1059 1973 1098 itaque,
1987 1061 2072 1091 sicut
2092 1062 2143 1091 vir
2159 1070 2280 1100 genere

1266 1106 1392 1137 nobilis
1416 1110 1449 1138 et
1472 1110 1650 1140 ecclesiam
1669 1111 1825 1142 obtinens
1853 1113 1983 1144 famosa
2001 1115 2164 1153 dignitate
2186 1124 2278 1145 cons-

1265 1160 1400 1198 picuam
1434 1171 1471 1192 ac
1502 1163 1535 1192 in
1565 1164 1698 1194 divitiis
1732 1166 1939 1204 opulentam,
1959 1167 2007 1206 pii
2036 1168 2106 1198 voti
2139 1177 2279 1207 concep-

1266 1216 1336 1244 tum
1356 1215 1453 1245 sicin
1481 1218 1592 1246 actum
1620 1218 1784 1249 deducere
1810 1228 1847 1249 ac
1871 1220 1942 1250 Deo
1969 1221 2117 1259 propitio
2142 1222 2280 1252 studeas

1266 1268 1448 1299 efficaciter
1481 1270 1668 1309 adimplere
1695 1273 1785 1311 quod
1808 1274 1977 1312 sepedicte
2000 1276 2088 1305 terre
2114 1277 2144 1305 et
2159 1277 2280 1307 consti-

1264 1321 1349 1351 tutis
1377 1322 1410 1351 in
1442 1323 1516 1361 ipsa
1545 1323 1672 1355 Christi
1699 1325 1858 1356 fidelibus
1880 1327 2081 1365 gaudiorum
2106 1328 2279 1359 affluentia

1266 1375 1388 1405 exinde
1423 1377 1639 1414 producatur,
1680 1378 1810 1418 tibique
1847 1380 1886 1410 de
1923 1381 2084 1411 Crucifixi
2118 1382 2278 1412 munifica

1266 1428 1390 1466 pietate
1411 1430 1587 1467 proveniat
1604 1431 1777 1469 preciosos
1793 1432 1990 1464 beatissime
2010 1434 2128 1464 Crucis
2147 1435 2276 1465 fructus

1266 1483 1428 1520 consequi
1448 1484 1480 1512 et
1508 1483 1547 1512 de
1566 1484 1718 1522 ipsorum
1743 1485 1833 1515 felici
1850 1486 2027 1517 dulcedine
2045 1495 2120 1517 cum
2147 1489 2277 1527 angelis

1265 1535 1428 1572 perpetuo
1454 1535 1584 1564 satiari.
1616 1536 1687 1566 Hos
1713 1537 1835 1567 etenim
1866 1538 1995 1568 fructus
2026 1539 2195 1569 industria
2221 1542 2276 1570 tue

1267 1586 1490 1617 fraternitatis
1507 1596 1581 1618 esse
1599 1588 1765 1628 intelligat
1789 1591 2025 1621 remissionem
2045 1592 2275 1623 omnimodam

1263 1641 1489 1678 peccatorum,
1524 1640 1731 1672 Infusionem
1770 1643 1945 1678 virtutum,
1980 1646 2012 1674 et
2044 1645 2275 1683 spiritualium

1265 1692 1477 1723 dulcedinem
1504 1703 1540 1724 ac
1565 1694 1803 1726 felicissimam
1832 1696 1998 1727 claritatis
2028 1698 2146 1728 deifice
2172 1699 2276 1729 visio-

1264 1755 1352 1776 nem.
1382 1747 1507 1777 Datum
1533 1748 1623 1786 apud
1643 1748 1932 1786 Urbem'veterem,
1962 1760 2009 1780 xii
2036 1751 2199 1782 kalendas
2219 1762 2277 1782 au-

1263 1800 1366 1839 gusti,
1386 1809 1473 1830 anno
1487 1801 1599 1831 tertio.
1621 1812 1635 1830 »

1351 1979 1448 2011 2037

1821 1981 1946 2007 Orvieto.
1964 1983 1998 2009 25
2009 1982 2102 2017 juillet
2123 1984 2200 2010 1202.

1295 2063 1395 2090 Eidem
1421 2064 1565 2099 significat
1591 2074 1619 2092 se
1648 2066 1817 2092 vicesimam
1851 2066 1981 2093 omnium
2011 2068 2272 2096 ecclesiasticorum

1259 2112 1423 2139 reddituum
1445 2116 1472 2140 ct
1489 2115 1702 2149 redemptiones
1726 2117 1857 2142 votorum
1877 2116 2154 2151 crucesignatorum,
2171 2118 2274 2144 obven-

1258 2161 1353 2188 tiones
1376 2170 1486 2196 quoque
1506 2166 1532 2190 et
1554 2163 1649 2198 legata
1673 2165 1773 2190 omnia
1792 2165 1895 2191 Terrae
1917 2167 2038 2192 Sanctae
2059 2166 2204 2193 succursui
2225 2167 2273 2193 de-

1260 2213 1370 2244 putata,
1393 2220 1444 2245 per
1463 2212 1599 2239 abbatem
1616 2213 1784 2240 monasterii
1802 2222 1825 2239 s.
1845 2214 1994 2245 Trudonis,
2011 2215 2152 2241 decanum
2167 2219 2193 2242 ct
2215 2224 2274 2242 ina-

1259 2259 1383 2294 gistrum
1400 2261 1627 2294 Marchualdum,
1639 2262 1873 2289 archidiaconum
1888 2263 2059 2289 Leodienses
2077 2264 2105 2290 in
2121 2264 2272 2291 Leodiensi

1257 2312 1286 2336 et
1311 2309 1485 2345 Trajcctensi
1509 2311 1675 2337 civitatibus
1698 2314 1725 2338 ct
1754 2312 1915 2338 diocesibus
1944 2312 2041 2347 colligi
2066 2316 2093 2339 ct
2117 2313 2144 2339 in
2158 2321 2273 2340 monas·

1257 2357 1330 2385 terio
1349 2359 1545 2392 Fusniacensi,
1563 2359 1763 2387 Cisterciensis
1781 2361 1900 2392 ordinis,
1919 2361 2114 2388 Laudunensis
2134 2362 2269 2394 diocesis,

1259 2415 1323 2433 cum
1349 2407 1516 2441 integritate
1538 2408 1639 2442 deponi
1661 2408 1773 2439 secisse,
1808 2410 1842 2434 de
1866 2409 1967 2442 quibus
1990 2412 2099 2436 certam
2122 2418 2270 2437 summan]

1257 2454 1392 2489 episcopo
1410 2455 1571 2488 Leodiensi,
1587 2457 1701 2490 quando
1726 2456 1779 2482 iter
1793 2457 2021 2483 transmarinum
2046 2457 2212 2491 arripuerit,
2228 2466 2272 2485 as-

1227 2535 1228 2538 *
1259 2504 1372 2539 signare
1391 2505 1524 2532 intendit.
1547 2505 1624 2538 (Rau.
1642 2505 1686 2535 20,
1712 2505 1760 2531 fol.
1777 2506 1828 2532 212
1844 2510 1884 2538 νῦ,
1906 2511 1935 2532 n⁰
1953 2506 2043 2541 1087.)

188 2539 283 2569 nium
301 2540 488 2578 gratiarum
500 2542 629 2570 tantam
646 2541 714 2571 tuis
732 2542 919 2579 precordiis
936 2552 995 2574 sue
1009 2544 1116 2582 gratie
1134 2545 1199 2575 lar·
1226 2551 1228 2579 ,’

187 2593 325 2632 gitatem
348 2593 483 2629 infudit,
502 2595 538 2623 ut
557 2593 623 2623 sibi
641 2595 740 2625 corde
755 2596 878 2625 mundo
894 2604 953 2634 per
977 2596 1089 2632 fidem,
1112 2607 1198 2629 novo
1226 2636 1227 2642 ἵ

1299 2625 1312 2643 (ι
1347 2615 1468 2645 Eidem.
1502 2616 1554 2645 Ad
1588 2617 1859 2654 consequendam
1889 2617 2031 2655 gloriam
2065 2636 2112 2646 —.
2145 2619 2270 2649 Datum

1226 2687 1227 2693 η
1258 2669 1347 2707 apud
1366 2669 1655 2706 Urbemveterem,
1676 2679 1733 2698 V111
1753 2670 1916 2700 kalendas
1935 2672 2082 2710 augusti,
2103 2681 2188 2702 anno
2205 2675 2268 2703 ter-

1225 2733 1226 2742 *
1256 2722 1317 2752 tio.
1339 2733 1353 2751 »
