2519 3262
232 255 291 285 252

231 347 350 370 vocare
373 347 408 368 ac
433 339 466 368 in
490 337 754 368 contradictores
774 335 1039 366 ecclesiasticam
1061 343 1240 365 censuram
1268 348 1270 368 ι

232 400 400 425 exercere,
414 391 442 421 si
458 399 543 430 opus
557 390 669 424 fuerit,
684 389 805 425 valeat,
823 390 859 418 ut
872 390 985 418 tamen
1001 396 1039 418 eo
1052 387 1194 418 liberius
1210 387 1242 417 id
1269 401 1270 414 ι

232 445 342 484 possit
362 444 494 475 efficere
512 452 576 481 quo
604 442 721 481 majori
744 451 804 480 per
832 450 892 471 nos
919 441 1020 471 fuerit
1043 441 1243 471 auctoritate

232 498 397 533 munitus,
428 497 554 527 nostris
579 496 699 525 damus
729 495 854 525 litteris
886 494 919 524 in
952 494 1120 524 mandatis
1148 495 1183 523 ut
1209 493 1243 523 in

232 550 492 581 mansuetudine
516 549 659 588 spiritus
677 550 708 578 et
723 548 900 583 modestia,
923 555 987 586 que
1002 547 1187 585 requiritur
1209 547 1242 575 in

233 605 379 642 pastore,
395 603 489 641 juxta
506 602 618 631 datam
637 601 702 631 sibi
718 601 814 631 aDeo
830 600 1056 639 prudentiam,
1069 599 1172 629 officii
1188 599 1242 628 sui
1269 620 1270 623 η

233 656 383 687 debitum
402 663 585 694 exequenS,
600 655 634 684 in
652 654 831 692 premissis
849 653 967 683 auxilii
984 653 1034 683 tui
1053 652 1240 688 brachium,
1270 691 1271 694 Ἴ

233 709 389 748 quotiens
413 709 615 747 oportunum
636 707 748 742 fuerit,
773 707 914 741 invocet,
934 708 965 736 te
984 706 1026 735 ad
1047 705 1242 744 impenden-
1270 722 1271 734 t

232 762 311 791 dum
337 761 421 790 illud
447 760 524 795 sibi,
548 760 733 790 monitione
752 760 930 798 premissa,
954 760 1022 788 tam
1043 758 1242 788 auctoritate

232 815 347 844 nostra
366 822 467 851 quam
484 822 545 843 sua
562 822 621 851 per
640 821 815 843 censuram
833 811 1109 847 ecclesiasticam,
1129 811 1243 849 appel-

231 866 356 897 latione
380 866 580 905 postposita,
604 865 848 904 compellendo.
869 866 944 895 Non
965 864 1120 894 obstante
1140 864 1169 894 si
1192 881 1240 892 -—.

231 919 355 950 Datum
380 919 469 958 apud
498 918 784 954 Urbemveterem,
812 918 887 948 idus
915 917 1045 956 aprilis,
1070 926 1156 947 anno
1176 918 1242 947 ter-

231 973 290 1003 tio.
310 982 325 1001 ))

324 1128 416 1159 ¹357
817 1124 941 1156 nrvieto,
966 1126 997 1152 16
1013 1125 1071 1151 mai
1091 1125 1168 1152 1264.

266 1211 487 1245 Archiepiscopo
505 1209 662 1237 Turonensi
691 1209 819 1244 indulget
841 1212 870 1236 ut
899 1210 926 1236 iu
945 1209 1065 1236 ecclesia
1082 1210 1240 1236 Turonensi

231 1260 425 1287 Theobaldum
442 1260 476 1286 de
498 1258 647 1290 Poenceio,
667 1260 816 1285 cantorem
834 1258 972 1286 ecclesiae
986 1258 1127 1290 Dolensis,
1146 1259 1175 1285 in
1194 1267 1240 1286 ca-

231 1309 366 1335 nonicum
389 1309 515 1342 recipere
529 1307 632 1334 valeat.
654 1308 731 1341 (Bt-zu.
750 1308 795 1339 29,
809 1307 857 1334 fol.
881 1308 940 1340 165,
960 1313 990 1334 n⁰
1006 1308 1081 1342 707.)

271 1409 529 1448 «Ar-chiepiscopo
567 1407 743 1437 Turonensi.
769 1408 876 1437 Tuam
897 1407 1050 1438 volentes
1075 1407 1239 1437 honorare

230 1470 409 1500 personam
433 1463 464 1491 et
480 1469 539 1499 per
554 1460 714 1491 honorem
732 1460 794 1491 tibi
812 1460 1000 1490 exhibitum
1018 1460 1077 1491 alii
1096 1460 1240 1499 gratiam

232 1515 339 1545 facere
357 1514 550 1553 specialem,
570 1513 771 1544 fraternitati
788 1515 844 1544 tue
856 1513 1000 1544 faciendi
1016 1513 1121 1552 recipi
1138 1513 1173 1543 in
1191 1522 1239 1544 ec-

231 1568 335 1598 clesia
351 1566 554 1601 Turonensi,
583 1567 616 1596 in
636 1576 701 1606 qua
720 1566 968 1606 prebendarum
989 1567 1125 1597 collatio
1144 1567 1185 1597 ad
1207 1569 1239 1597 te

230 1621 397 1659 pertinere
426 1620 560 1655 dicitur,
598 1620 758 1650 dilectum
795 1620 903 1650 filium
936 1619 1169 1651 Theobaldum
1200 1620 1239 1650 de

230 1726 398 1756 laudabile
417 1726 653 1756 testimonium
670 1725 877 1765 perhibetur,
896 1726 929 1756 in
946 1727 1145 1756 canonicum
1160 1727 1239 1756 etin

231 1779 381 1816 fratrem,
408 1780 506 1819 eique
523 1780 563 1810 de
580 1779 761 1819 prebenda,
782 1780 810 1810 si
843 1789 908 1820 qua
928 1783 1022 1810 vacat
1048 1780 1174 1811 ibidem
1199 1781 1240 1811 ad

230 1842 370 1871 presens
391 1833 442 1863 vel
461 1833 712 1872 quamprimum
739 1833 779 1863 ad
798 1833 829 1863 id
851 1842 886 1863 se
906 1833 1049 1864 facultas
1067 1833 1238 1868 obtulerit,

231 1886 429 1924 providendi
450 1895 577 1916 necnon
598 1886 862 1916 contradictores
886 1889 946 1917 etc.
968 1896 1075 1926 usque
1092 1895 1240 1925 compes-

231 1939 339 1975 cendi,
355 1938 493 1969 illarum
518 1947 738 1977 personarum
756 1939 797 1968 ad
820 1939 891 1975 hoc,
922 1941 1019 1977 prout
1045 1940 1151 1969 moris
1176 1941 1238 1975 est,

231 1991 396 2030 requisito
414 1993 446 2021 et
463 1991 597 2021 obtento
625 2000 790 2021 consensu
806 1992 863 2030 qui
882 1992 1041 2022 deberent
1064 2001 1165 2031 super
1180 1992 1240 2022 hoc

231 2046 262 2075 et
278 2046 525 2075 consueverunt
546 2045 685 2083 requiri,
701 2045 900 2075 auctoritate
926 2046 1134 2083 presentium
1162 2054 1239 2075 con-

231 2097 381 2127 cedimus
410 2097 615 2128 facultatem.
639 2097 714 2128 Non
743 2097 896 2128 obstante
925 2115 975 2128 —.
1008 2099 1132 2129 Datum
1151 2098 1239 2137 apud

230 2150 518 2187 Urbemveterem‚
535 2159 605 2180 xv11
623 2151 896 2190 kalendasjnnii,
917 2160 1002 2182 anno
1020 2152 1131 2182 tertio.
1148 2160 1164 2180 ))

839 2308 965 2343 Orvieto,
982 2310 997 2335 7
1012 2309 1070 2336 mai
1091 2310 1165 2336 1264.

320 2310 336 2340 1
343 2309 416 2341 658

264 2393 374 2418 Decano
391 2394 418 2419 ct
434 2391 559 2426 capitulo
579 2392 845 2420 Warmaciensibus
871 2394 988 2420 mandat
1018 2396 1047 2421 ut
1079 2394 1236 2425 siffridum,
1265 2411 1267 2425 ,x

228 2441 397 2468 canonicum
425 2441 563 2467 ecclesiae
580 2441 791 2475 haselacensis,
810 2442 839 2468 in
870 2443 1040 2469 canonicum
1069 2450 1135 2469 cum
1159 2451 1240 2478 prae-
1265 2432 1267 2452 ’

227 2489 318 2516 benda
335 2489 486 2524 recipiunt.
504 2490 581 2524 (Rau.
598 2490 642 2521 29,
659 2489 706 2517 fol.
729 2491 787 2523 105,
805 2497 834 2517 n⁰
849 2491 924 2523 7u8.)

269 2602 282 2617 «
301 2590 422 2620 Decano
436 2595 464 2620 et
476 2591 613 2631 capitulo
640 2591 922 2622 Warmaciensibus.
940 2592 1024 2623 Cum
1042 2592 1129 2623 sicut
1146 2602 1236 2624 acce-

226 2643 340 2683 pimus
358 2661 405 2672 ——.
432 2644 557 2675 Datum
582 2645 669 2684 apud
703 2645 992 2683 Urbemveterem,
1022 2646 1121 2676 nonis
1141 2647 1234 2684 maii,

227 2704 312 2727 anno
330 2697 442 2727 tertio.
458 2706 475 2727 »

819 2855 943 2887 Orvieto,
963 2857 993 2883 15
1008 2856 1065 2883 mai
1084 2856 1161 2884 1204.

316 2856 411 2887 1659

259 2937 425 2973 Praeposito
441 2941 468 2965 et
488 2939 614 2972 capitulo
635 2939 772 2966 ecclesiae
794 2949 816 2966 s.
839 2940 969 2974 Prosper-i
989 2940 1092 2975 Regini
1115 2942 1230 2968 mandat

984 249 1229 281 REGISTRES
1256 247 1470 279 D’URBAIN
1499 248 1558 278 IV.

1298 336 1325 359 ut
1351 331 1605 359 Bartholomacum
1636 332 1670 359 de
1701 331 1916 363 Albriconibus,
1944 331 2081 358 clericum
2109 331 2247 358 ccclesiae
2278 332 2312 358 de

1300 381 1468 416 Valpudina,
1501 381 1625 415 Reginae
1654 380 1788 411 diocesis,
1814 380 1842 407 in
1863 381 2033 407 canonicum
2055 388 2120 406 curn
2151 380 2314 414 praebenda

1298 429 1449 464 recipiant.
1467 430 1547 465 (Περ.
1564 431 1609 463 29,
1626 429 1675 456 fol.
1696 430 1754 460 165,
1773 435 1802 455 n⁰
1817 430 1892 460 709.)

1338 546 1353 564 «
1374 536 1533 575 Proposito
1561 540 1588 565 et
1606 535 1741 574 capitulo
1759 534 1880 565 ecclesie
1895 544 1920 564 s.
1945 534 2092 574 Prosper-i
2118 534 2240 573 Reyini.
2255 534 2313 564 Di-

1298 589 1374 620 lecti
1391 589 1450 619 filii
1468 589 1698 619 Bartholomei
1714 605 1762 616 —-.
1778 589 1903 618 Datum
1921 588 2007 626 apud
2023 587 2312 621 Uibenn-merem,

1300 643 1376 673 idus
1393 643 1486 678 maii,
1503 651 1590 673 anno
1607 642 1718 672 tertio.
1742 653 1756 670 υ

1889 813 2012 844 Orvicto,
2036 813 2065 840 1-1
2086 812 2144 839 mai
2165 812 2242 839 1264.

1392 816 1488 846 1660

1333 899 1459 929 Nicolao,
1475 898 1552 925 dicto
1573 899 1606 925 de
1622 897 1964 931 Amancia‚scolnstria1n
1982 898 2121 924 ecclesiae
2141 906 2163 924 s.
2182 896 2312 927 Deodati,

1300 947 1442 975 'l'ullensis
1455 947 1590 979 diocesis,
1607 947 1728 975 confert.
1749 948 1830 981 (ΗΒΕ.
1848 948 1893 980 29,
1913 947 1961 974 fol.
1981 947 2029 974 164
2046 953 2084 973 r0.
2103 952 2133 973 n⁰
2147 948 2223 980 710.)

1337 1065 1355 1085 «
1374 1054 1517 1092 a'icolao,
1535 1053 1615 1084 dicto
1633 1055 1673 1085 de
1691 1054 1864 1090 Amancia,
1879 1053 2037 1083 scolastico
2049 1052 2172 1083 ecclesie
2193 1063 2217 1082 s.
2234 1052 2314 1082 Deo-

1298 1108 1375 1145 dati,
1396 1107 1546 1138 Tullensis
1563 1107 1699 1137 diocesis.
1719 1107 1851 1138 Meritis
1869 1109 1926 1137 tue
1944 1106 2137 1137 devotionis
2155 1123 2204 1135 ——.
2224 1106 2313 1137 Hinc

1298 1164 1347 1191 est
1366 1161 1454 1200 quod
1472 1170 1544 1195 nos,
1560 1161 1755 1200 hujusmodi
1778 1160 1977 1190 meritorum
1994 1162 2131 1190 tuorum
2159 1159 2310 1196 obtentu,

1298 1214 1513 1245 scolastriam
1528 1214 1669 1245 ecclesie
1699 1223 1726 1244 s.
1747 1213 1891 1244 Deodati
1922 1221 1980 1252 per
2005 1215 2148 1243 mortem
2168 1213 2311 1249 Juliani,

1297 1267 1449 1306 eJusdem
1467 1267 1609 1297 ecclesie
1626 1267 1808 1302 scolastici,
1826 1275 1932 1304 nuper
1947 1266 2037 1304 apud
2049 1266 2163 1296 sedem
2181 1267 2314 1304 aposto-

1267 1336 1269 1344 >
1296 1320 1397 1350 licam
1416 1320 1621 1355 decedentis,
1635 1322 1823 1354 vacantem,
1843 1327 1944 1358 quam
1963 1319 2080 1357 utique
2097 1319 2213 1349 statim
2236 1320 2313 1357 post

1297 1373 1406 1412 ipsius
1422 1373 1552 1404 obitum
1565 1373 1738 1404 donationi
1753 1373 1938 1411 apostolice
1958 1372 2196 1402 reservandam
2213 1372 2312 1402 duxi-

1297 1435 1385 1461 mus,
1403 1426 1478 1461 tibi,
1496 1428 1612 1465 utpote
1633 1426 1742 1465 ipsius
1761 1425 1902 1456 ecclesie
1934 1425 2106 1461 canonico,
2139 1425 2179 1455 de
2209 1433 2312 1455 manu

1297 1482 1414 1510 nostra
1429 1480 1635 1510 conferimus
1652 1481 1684 1510 et
1707 1482 1739 1509 te
1756 1479 1796 1509 de
1824 1479 1898 1518 ipsa
1915 1488 1975 1517 per
2001 1481 2155 1509 nostrum
2172 1478 2312 1509 anulum

1298 1532 1514 1569 investimus,
1536 1533 1756 1563 decernentes
1775 1532 1909 1562 irritum
1938 1533 1969 1562 et
1990 1532 2088 1562 inane
2116 1531 2146 1561 si
2177 1540 2274 1562 secus
2292 1539 2312 1561 a

1297 1594 1479 1625 quoquam,
1501 1586 1687 1625 apostolica
1709 1585 1761 1615 vel
1783 1585 1849 1615 alia
1868 1585 1988 1624 quavis
2004 1585 2214 1620 auctoritate,
2235 1585 2312 1623 post

230 1673 375 1703 poencio
406 1675 577 1703 antorem
607 1673 747 1704 ecclesie
778 1673 938 1703 Dolemis
978 1673 1018 1703 de
1038 1682 1104 1712 quo
1141 1673 1240 1704 nobis
1267 1661 1269 1690 3
1296 1639 1561 1669 reservationem
1578 1639 1784 1677 hujusmodi,
1801 1640 1851 1669 est
1873 1639 1925 1668 vel
1943 1638 2045 1668 fuerit
2060 1640 2310 1676 attemptatum,

381 1698 387 1708 r
426 1694 432 1703 ῑ
660 1695 661 1698 ’
891 1695 896 1701 ⁸
944 1698 950 1710 5

1296 1701 1363 1723 non
1389 1692 1543 1722 obstante
1562 1693 1591 1722 si
1611 1692 1814 1731 generaliter
1839 1692 1873 1722 in
1895 1692 1966 1722 illis
1987 1691 2140 1730 partibus
2161 1691 2212 1721 vel
2236 1699 2310 1729 spe-

1296 1746 1427 1776 cialiter
1456 1746 1490 1775 in
1507 1746 1623 1776 eadem
1645 1746 1789 1776 ecclesia
1813 1748 1891 1775 sunt
1909 1745 2095 1784 apostolica
2121 1745 2247 1783 scripta
2261 1744 2312 1774 di-

1266 1806 1268 1836 j
1296 1802 1386 1830 recta
1405 1808 1464 1838 pro
1485 1799 1576 1833 aliis,
1603 1799 1727 1838 quibus
1750 1799 1861 1838 quoad
1889 1799 2137 1829 assecutionem
2165 1798 2311 1828 aliorum

1296 1855 1537 1892 personatuum
1563 1861 1622 1883 seu
1637 1852 1839 1891 dignitatum
1860 1852 1914 1882 vel
1931 1852 2172 1882 beneficiorum
2191 1854 2248 1882 aut
2263 1851 2312 1882 of—

1296 1905 1449 1936 ficiorum
1467 1905 1598 1936 nullum
1625 1905 1784 1936 volumus
1802 1905 2027 1944 prejudicium
2049 1905 2215 1943 generari,
2238 1904 2310 1935 sive

1296 1959 1385 1997 quod
1403 1959 1437 1988 in
1453 1959 1595 1989 ecclesia
1613 1967 1640 1988 s.
1659 1958 1815 1996 Gengulti
1834 1958 2008 1989 Tullensis
2026 1959 2151 1988 certam
2168 1958 2229 1988 tibi
2249 1965 2311 1996 per

1267 2036 1268 2043 ,
1295 2011 1428 2041 litteras
1443 2014 1578 2041 nostras
1592 2012 1830 2041 mandavimus
1849 2011 2017 2050 assignari
2035 2011 2239 2049 prebendam
2256 2010 2309 2041 vel

1296 2064 1385 2103 quod
1404 2064 1489 2094 alias
1505 2064 1725 2094 beneficiatus
1743 2064 1876 2094 existis.
1895 2064 1990 2094 Nulli
2018 2072 2096 2101 ergo
2125 2066 2237 2094 nostre
2259 2072 2310 2095 re-

1295 2117 1512 2153 servationis,
1539 2117 1744 2152 collationis‚
1765 2117 1966 2148 investiture
1989 2126 2026 2147 ac
2055 2117 2312 2148 constitutionis

1266 2181 1267 2192 ¹
1295 2172 1357 2201 etc.
1378 2171 1502 2201 Datum
1533 2171 1621 2209 apud
1640 2170 1930 2205 Urbemveterem,
1954 2179 1976 2199 ιι
2005 2171 2081 2200 idus
2110 2170 2202 2203 maii,
2221 2179 2310 2201 anno

1294 2224 1406 2255 tertio.
1427 2233 1441 2252 n

1891 2399 2016 2428 Orvieto.
2034 2399 2063 2426 14
2083 2398 2140 2425 mai
2161 2398 2236 2426 iam.

1386 2401 1480 2432 1661

1330 2485 1473 2511 Decunum
1490 2484 1646 2511 Metensem
1664 2484 1829 2518 praedictae
1846 2485 1963 2518 deputat
1982 2486 2163 2511 executorem
2180 2482 2310 2510 collatio-

1293 2533 1348 2561 nis.
1370 2534 1450 2568 (Rea.
1468 2534 1512 2564 29,
1533 2532 1581 2560 fol.
1604 2533 1656 2561 165
1676 2539 1714 2565 ψ’,
1734 2537 1764 2559 n⁰
1779 2534 1853 2567 711.)

1331 2649 1347 2668 «
1365 2638 1487 2668 Decano
1506 2637 1643 2668 Melensi.
1670 2637 1802 2668 Meritis
1821 2637 2012 2668 devotionis
2033 2636 2147 2668 dilecti
2172 2653 2221 2666 —.
2243 2636 2309 2668 Da·

1290 2693 1363 2723 tum
1383 2691 1474 2730 apud
1492 2690 1782 2725 Urbemveterem,
1801 2700 1823 2720 11
1845 2690 1922 2720 idus
1940 2690 2034 2724 maii.
2059 2698 2147 2720 anno
2164 2689 2307 2720 tertio.-

1865 2855 1991 2884 Orvieto.
2011 2856 2045 2882 25
2062 2854 2134 2881 avril
2154 2854 2230 2881 isos.

1384 2860 1399 2890 1
1406 2859 1481 2890 (362

1324 2942 1460 2977 Magistro
1480 2942 1624 2968 Berrnudo
1640 2942 1675 2968 de
1693 2941 1812 2974 Littera,
1834 2940 1971 2967 canonico
1994 2939 2188 2969 ambianensi,
2211 2938 2306 2974 capel·
