2519 3262
223 201 282 231 232

784 277 909 310 Orvieto‚
933 277 964 303 15
984 284 1062 302 mars
1080 275 1159 302 1264.

314 285 410 316 1572

258 370 369 396 Dec-ano
389 370 416 394 et
429 367 554 401 capitulo
573 363 796 392 Virdunensibus
812 363 929 389 mandat
946 364 975 388 ut
992 361 1120 390 Nicolam
1141 359 1233 394 capel-

222 418 287 445 lano
302 416 471 452 apostolico,
488 415 626 442 canonico
648 412 829 445 Vir-dunensi,
848 410 953 438 rectori
971 410 1108 437 ecclesiae
1130 418 1153 436 s.
1173 408 1232 435 Sal-

223 466 327 494 vator-is
358 464 557 497 virdunensis,
583 463 656 497 apud
680 470 727 488 eos
757 460 883 487 residere
913 461 1027 494 parato,
1049 457 1232 493 quotidianas

222 515 437 542 distributiones
456 513 633 539 ministrent.
653 512 732 545 (lino.
754 511 797 537 20.
814 509 862 536 sol.
887 509 947 541 153,
963 513 994 534 n⁰
1013 509 1089 538 022.)

261 628 277 649 «
297 619 416 648 Oceano
432 622 458 647 et
472 616 605 656 capitulo
626 614 876 645 Virdunensibus.
891 613 1119 644 Eeclesiarum
1135 611 1233 641 decor

222 681 263 703 ex
288 691 327 701 -.
349 672 470 702 Datum
487 670 576 709 apud
594 669 885 704 Urbemveterem,
903 667 979 697 idus
1002 665 1127 697 martii,
1147 671 1233 694 anno

222 726 334 756 tertio.
358 735 372 754 »

763 893 888 925 (lrvieto,
904 894 937 921 28
954 892 1066 927 janvier
1083 891 1159 918 1202.

311 899 407 930 1573

255 982 386 1014 (lei-aldo,
401 981 553 1015 capellano
571 979 741 1014 apostolico,
760 978 856 1005 abbati
875 976 1043 1004 monasterii
1059 975 1232 1006 Lesetensis‚

220 1031 328 1057 ordinis
353 1029 563 1062 Cluniacensis,
584 1028 760 1055 'Pholosanae
778 1027 912 1058 diocesis,
931 1026 977 1061 qui
989 1026 1036 1052 diu
1060 1025 1185 1052 Parisius
1206 1027 1231 1051 ct

220 1079 287 1106 alibi
307 1080 333 1106 in
354 1079 418 1114 jure
434 1078 574 1106 canonico
597 1077 704 1107 docuit.
723 1076 851 1111 indulget
872 1078 902 1102 ut
922 1075 1081 1109 prioratum
1097 1075 1130 1101 de
1149 1073 1235 1101 villa-

221 1137 304 1160 nova,
325 1127 525 1155 Cluniacensis
543 1126 665 1161 ordinis,
682 1125 873 1153 Ruthenensis
889 1124 1022 1155 diocesis,
1040 1131 1096 1150 non
1111 1130 1234 1150 conven-

222 1178 341 1209 tualem,
364 1177 458 1204 eidem
482 1185 532 1211 per
549 1177 683 1204 abbatem
705 1174 873 1202 monasterii
889 1172 1082 1204 Mosiacensis‚
1103 1172 1231 1208 ejusdem

222 1226 340 1254 ordinis,
356 1225 538 1253 Caturcensis
552 1225 685 1256 diocesis,
703 1225 747 1251 cui
767 1224 977 1251 monasterium
998 1223 1150 1249 Lesetense
1169 1221 1234 1248 sub-

221 1284 284 1303 esse
310 1275 425 1308 dieitur,
452 1274 604 1305 collatum,
631 1282 687 1300 una
710 1281 775 1300 cum
802 1272 916 1299 abbatia
941 1271 1087 1298 Lesetensi
1109 1271 1233 1297 retinere

223 1325 326 1351 valeat.
349 1325 427 1359 (neu.
445 1325 489 1354 29,
508 1323 555 1350 sol.
576 1324 636 1356 153,
654 1327 684 1349 [ιο
700 1322 776 1351 623.)

261 1441 278 1462 ((
303 1431 444 1465 (heraldo,
464 1429 622 1470 capellano
643 1434 756 1465 nostro,
781 1429 883 1458 abbati
903 1428 1079 1458 monasterii
1097 1427 1232 1457 Leseten-

222 1485 272 1521 sis,
291 1484 405 1514 ordinis
426 1483 646 1519 Cluniaecnse's,
669 1482 835 1512 Tholosczne
852 1482 990 1512 diocesis.
1010 1482 1060 1512 Ex
1077 1489 1234 1520 preroga-

222 1538 292 1567 tiva
309 1537 505 1567 meritorum
522 1554 570 1567 -.
587 1537 711 1567 Datum
727 1537 815 1575 apud
832 1535 1120 1569 Urbemveterem,
1140 1543 1160 1563 v
1176 1534 1233 1564 ka-

224 1591 340 1620 lendas
358 1590 532 1625 februarii,
551 1598 636 1620 anno
654 1589 763 1620 tertio.
785 1600 799 1618 »

317 1763 410 1794 1574
798 1760 922 1791 orvieto,
942 1762 972 1787 17
989 1760 1061 1787 avril
1085 1760 1159 1787 laet.

259 1847 360 1873 Abbati
389 1850 414 1873 et
440 1847 593 1873 conventui
620 1846 789 1873 monasterii
814 1856 836 1874 s
860 1846 998 1873 Joliannis
1019 1845 1232 1878 Ambianensis,

226 1895 518 1922 l’raemonstratensis
532 1895 652 1928 ordinis,
670 1895 797 1929 indulget
811 1904 845 1921 ne
861 1895 924 1930 quis
941 1895 1013 1921 inl'ra
1025 1894 1188 1929 parrochias
1205 1894 1233 1921 in

224 1945 325 1979 quibus
346 1945 392 1979 jus
417 1947 584 1978 patronatus
601 1945 744 1976 obtinent,
764 1944 905 1978 capellani
919 1952 968 1970 seu
984 1944 1154 1975 oratorium,
1173 1943 1234 1969 sine

224 2001 323 2020 eorum
340 1996 365 2020 et
380 1993 504 2028 episcopi
520 1993 665 2020 diocesani
682 1993 807 2019 liventia.
826 1993 958 2019 edificare
972 1994 1074 2019 valeat.
1097 1993 1175 2027 (lisa.
1189 1994 1234 2024 zi),

227 2043 274 2069 1'01.
290 2043 341 2069 ‘1513
357 2047 395 2074 νο,
412 2048 440 2068 11⁰
455 2044 488 2068 [312.
496 2042 527 2074 l.)

266 2158 280 2176 u
300 2148 411 2177 Abbati
427 2153 454 2177 el
471 2148 629 2177 conventui
648 2148 823 2177 ntorzaslerii
841 2158 864 2177 S.
881 2147 1032 2177 Jolmmu's
1051 2147 1235 2176 Ambiancn-

225 2202 275 2238 sis,
300 2201 590 2231 premonstratensis
609 2200 736 2230 ordinis.
769 2202 834 2231 Pro
864 2201 997 2231 meritis
1025 2200 1155 2230 sincere
1184 2218 1234 2228 —.

226 2256 350 2285 Datum
377 2255 464 2293 apud
483 2254 772 2290 Urbemveterem,
791 2263 834 2284 xv
854 2253 1016 2284 kalendas
1035 2253 1129 2290 maii,
1149 2262 1235 2283 anno

226 2308 336 2338 tertio.
358 2316 374 2336 »

318 2485 412 2516 1575
817 2484 940 2514 Orvieto,
957 2486 973 2511 9
988 2483 1062 2510 avril
1083 2483 1162 2510 1264.

264 2567 400 2601 Episcopo
417 2567 532 2594 Sutrino
553 2568 671 2595 mandat
695 2571 724 2595 ut
742 2567 896 2595 eeclesiam
913 2568 1038 2595 ruralem
1056 2576 1078 2594 s.
1099 2567 1234 2594 Marciani

223 2615 304 2650 juxta
320 2616 503 2644 Brazzuuum,
526 2616 610 2643 alicui
633 2625 770 2651 personae
791 2617 909 2644 idoneae
932 2616 1071 2644 conferat.
1089 2617 1166 2649 titan.
1190 2618 1235 2643 ΞΕ),

228 2664 275 2690 fol.
294 2665 344 2692 ‘153
360 2669 399 2690 νῦ.
416 2669 448 2690 n⁰
462 2666 538 2697 (525.)

270 2779 284 2798 «
305 2769 460 2809 Episcopo
475 2770 615 2800 Sutrino.
631 2771 726 2808 Cum,
743 2772 830 2802 sicut
847 2772 1039 2811 accepimus
1051 2789 1099 2800 -.
1112 2772 1236 2802 Datum

229 2822 316 2861 apud
333 2822 621 2860 Urbemveterem,
640 2833 658 2853 v
676 2825 752 2855 idus
770 2825 901 2864 aprilis,
921 2833 1007 2855 anno
1030 2825 1140 2855 tertio.
1159 2835 1174 2854 »

978 188 1222 221 REGISTRES
1254 186 1469 218 D'URBAIN
1500 186 1557 216 IV.

1384 275 1480 305 1576
1875 271 1998 302 Orvieto,
2015 271 2049 299 28
2064 271 2135 298 avril
2153 272 2233 299 1204.

1327 358 1460 393 Dionysio
1469 358 1503 384 de
1516 357 1656 389 Essarcis,
1667 357 1771 383 clerico
1782 357 1887 387 Caroli,
1898 357 2080 391 Andegaviae
2092 365 2124 384 ac
2137 357 2304 384 Provinciae

1291 407 1417 439 comitis,
1429 406 1635 433 canonicatum
1647 406 1786 433 ecclesiae
1803 405 1970 435 furnensis,
1986 405 2157 432 Morinensis
2171 406 2304 437 diocesis,

1291 457 1409 484 obtentu
1422 464 1539 490 precum
1552 457 1596 487 A„
1615 456 1691 482 tituli
1707 465 1729 481 s.
1751 454 1889 481 Praxedis
1903 454 2054 488 presbiteri
2065 455 2306 487 cardinalis,con-

1292 506 1356 531 l'ert.
1375 505 1455 539 (Bne.
1473 505 1516 535 29,
1535 504 1583 531 sol.
1605 505 1656 532 153
1674 510 1712 535 μ’,
1733 508 1763 530 n⁰
1781 506 1855 536 020.)

1332 625 1346 643 (ι
1370 614 1509 644 Dionis-1¹0
1536 614 1571 644 de
1595 614 1752 649 Essm·cis,
1777 614 1886 643 clerico
1910 613 2015 644 dilecti
2034 614 2094 653 filii
2111 613 2222 643 nobilis
2246 615 2306 644 viri

1294 668 1411 705 Caroli,
1442 668 1619 707 Andeymde
1651 678 1685 698 m:
1714 667 1876 697 Provincia
1901 668 2028 697 comitis.
2062 667 2224 698 Volentes
2250 670 2306 699 tue

1293 721 1474 760 probitatis
1489 739 1539 752 —.
1559 722 1683 752 Datum
1700 722 1789 760 apud
1813 720 2101 754 L'rbemveterem,
2121 730 2169 750 1111
2190 720 2306 751 kalen-

1293 776 1353 806 das
1371 775 1463 812 maii,
1482 784 1568 806 anno
1589 775 1699 806 tertio.
1720 786 1734 805 »

1384 949 1478 979 ,1577
1870 945 1994 977 Orvieto,
2011 946 2045 973 28
2060 945 2131 973 avril
2152 946 2231 974 1264.

1328 1033 1474 1059 Decanum
1499 1033 1673 1059 Meldensem
1704 1035 1728 1058 et
1754 1031 1966 1059 thesaurarium
1995 1032 2197 1059 Belvacensem
2225 1041 2306 1068 prae-

1293 1081 1385 1109 dictae
1413 1081 1575 1109 collationis
1600 1082 1715 1116 deputat
1750 1085 1927 1108 executores.
1951 1082 2030 1115 (lim.
2057 1082 2102 1114 29,
2123 1082 2172 1108 sol.
2196 1082 2246 1109 153
2265 1088 2306 1111 το,

1294 1136 1325 1157 n⁰
1343 1132 1394 1158 (327
1409 1132 1417 1166 )

1334 1248 1349 1267 «
1369 1238 1490 1267 Decano
1511 1237 1658 1268 Meldensi
1671 1243 1697 1267 et
1717 1263 1721 1267 .
1741 1262 1745 1266 .
1767 1238 1957 1268 thesaurario
1976 1237 2161 1268 Belvucensi.
2180 1238 2305 1269 Volen-

1292 1293 1344 1322 tes
1359 1292 1479 1322 dilecto
1494 1292 1564 1322 filio
1577 1310 1626 1320 —.
1638 1292 1761 1322 Datum
1777 1291 1866 1331 apud
1880 1291 2170 1328 L‘rbeniveterem,
2186 1301 2234 1321 1111
2249 1292 2305 1322 ka-

1293 1345 1410 1376 lendas
1427 1345 1519 1381 maii,
1538 1353 1625 1375 anno
1639 1345 1750 1376 tertio.
1771 1355 1785 1374 »

1884 1518 2009 1551 Orvieto,
2025 1520 2040 1544 7
2056 1526 2134 1545 mars
2153 1518 2232 1546 1264.

1384 1520 1480 1551 1578

1328 1604 1462 1638 Magistro
1485 1604 1605 1630 lioberto
1622 1604 1655 1630 de
1674 1603 1863 1631 Villa-Mauri,
1884 1603 1987 1630 elerico
2005 1604 2153 1631 Trecensis
2167 1604 2303 1637 diocesis,

1291 1653 1527 1679 elemosinariam
1549 1654 1577 1679 ct
1602 1652 1804 1679 canonicatum
1823 1652 1961 1679 eeclesiae
1981 1653 2115 1680 Metensis
2132 1654 2219 1681 certis
2235 1662 2303 1681 con-

1291 1702 1449 1729 ditionibus
1471 1701 1594 1729 confert.
1619 1702 1697 1730 ‹Bi-30.
1717 1704 1759 1728 ιέί).
1779 1701 1826 1728 fol.
1848 1702 1897 1729 123
1914 1707 1953 1735 νῦ,
1973 1707 2004 1729 no
2021 1702 2098 1737 028.)

1336 1825 1350 1843 (ι
1368 1814 1520 1853 ᾸΙαῃὶείνο
1532 1814 1664 1843 leuberto
1681 1813 1717 1842 tle
1736 1813 1948 1849 Villa-Mauri,
1961 1813 2068 1843 cle-rico
2082 1813 2235 1844 Trecensis
2243 1814 2308 1844 dio-

1294 1868 1377 1897 cesis.
1405 1867 1530 1898 Dilecti
1560 1867 1622 1897 tilii
1651 1867 1840 1903 Gnillelmi,
1874 1867 2037 1898 Metensis
2059 1867 2169 1904 electi,
2187 1867 2308 1899 devota

1295 1929 1431 1959 precum
1451 1920 1626 1955 instantia,
1646 1919 1829 1950 laudabilis
1847 1928 1980 1959 quoque
1997 1920 2160 1950 bonitatis
2185 1920 2308 1951 merita

1295 1970 1432 2012 q'uibus,
1451 1973 1695 2012 fidedignorum
1712 1973 1907 2003 testimonio
1927 1974 2120 2009 attestante,
2135 1973 2246 2012 juvari
2261 1973 2308 2003 di-

1295 2027 1393 2062 ceris,
1406 2026 1588 2056 efficaciter
1598 2035 1658 2056 nos
1668 2026 1844 2056 hortantur
1855 2028 1889 2056 ut
1899 2034 2080 2064 personam
2089 2028 2182 2056 tuam
2192 2026 2306 2058 favore

1295 2080 1480 2118 apostolico
1504 2082 1760 2118 prosequentes,
1786 2079 1819 2108 in
1841 2078 1907 2108 hiis
1930 2088 1994 2118 que
2013 2079 2062 2109 tui
2078 2079 2216 2110 honoris
2232 2089 2307 2119 pro-

1296 2133 1403 2162 fectus
1430 2133 1481 2163 vel
1510 2132 1716 2162 incrementa
1744 2132 1938 2170 respiciant,
1972 2131 2034 2162 tibi
2061 2132 2241 2163 reddamur
2266 2134 2307 2163 ad

1295 2187 1437 2225 gratiam
1462 2185 1634 2215 liberales.
1667 2186 1752 2215 Sane
1782 2194 1889 2223 nuper
1918 2185 2024 2216 electo
2050 2186 2214 2224 predicto,
2230 2189 2307 2218 ante

1295 2240 1542 2278 promotionem
1575 2247 1684 2269 suam.
1718 2238 1953 2269 canonicatum
1971 2238 2112 2269 ecclesie
2132 2239 2307 2275 Metensis,

1295 2301 1370 2322 eum
1390 2292 1602 2331 plenitudine
1625 2292 1712 2330 juris
1731 2291 1895 2329 canonici,
1919 2300 1955 2322 ac
1971 2291 2177 2330 prebendam
2195 2293 2225 2324 si
2242 2302 2307 2333 qua

1295 2348 1372 2377 tunc
1390 2345 1528 2376 vacabat
1556 2344 1693 2380 ibidem,
1712 2345 1918 2375 contulimus
1939 2345 2072 2385 sibique
2089 2346 2128 2377 de
2145 2346 2216 2377 illis
2233 2356 2306 2386 pro-

1295 2400 1443 2429 vidimus
1471 2407 1616 2438 eumque
1643 2407 1702 2437 per
1726 2401 1880 2429 nostrum
1905 2399 2045 2429 anulum
2068 2399 2308 2431 investivimus

1294 2453 1334 2483 de
1360 2453 1500 2489 eisdem,
1527 2454 1557 2482 et
1581 2451 1786 2490 prebendam
1808 2455 1931 2483 extunc
1951 2453 2106 2491 proxime
2131 2453 2165 2483 in
2190 2453 2307 2484 eadem

1295 2506 1437 2536 ecc-lesia
1455 2507 1660 2540 vacaturam,
1680 2506 1709 2535 si
1728 2505 1821 2535 nulla
1838 2505 1922 2535 inibi
1943 2507 2021 2536 tunc
2037 2505 2187 2541 vacabat,
2207 2506 2307 2537 dona-

1294 2559 1377 2590 tioni
1395 2559 1578 2597 apostolice
1602 2559 1853 2590 reservavimus
1876 2558 1982 2589 electo
2001 2559 2240 2590 conserendam
2269 2569 2306 2591 ac

1295 2612 1507 2642 decrevimus
1524 2612 1658 2643 irritum
1677 2614 1708 2642 et
1724 2612 1822 2643 inane
1844 2612 1874 2642 si
1893 2620 1990 2643 secus
2007 2612 2047 2643 de
2064 2612 2234 2651 prebenda
2249 2613 2308 2644 hu·

1291 2666 1442 2704 jttsmodi
1462 2665 1647 2704 apostolica
1672 2666 1725 2696 vel
1750 2665 1816 2696 alia
1833 2666 1955 2705 quavis
1973 2666 2172 2697 auctoritate
2191 2675 2210 2697 a
2228 2675 2308 2706 quo·

1295 2728 1396 2758 quam
1411 2719 1619 2758 contingeret
1637 2719 1843 2758 attemptari,
1861 2719 2012 2750 volentes
2033 2719 2146 2758 ipsum
2161 2719 2306 2751 electum

1296 2772 1454 2802 omnibus
1468 2781 1527 2812 pro
1542 2772 1666 2811 quibus
1685 2773 1932 2811 scripseramus
1949 2773 1982 2803 in
1999 2773 2148 2812 predicta
2163 2773 2308 2804 ecclesia

1296 2826 1327 2856 et
1345 2825 1378 2855 in
1396 2834 1435 2856 ea
1453 2826 1608 2865 receptis,
1624 2826 1810 2865 apostolica
1821 2825 1873 2856 vel
1883 2826 1950 2856 alia
1961 2826 2082 2865 quavis
2093 2827 2306 2863 auctoritate,

1296 2878 1368 2909 sive
1392 2880 1426 2909 ut
1452 2879 1682 2919 reciperentur
1704 2879 1953 2914 insistentibus,
1978 2879 2012 2910 in
2029 2879 2198 2918 prebende
2216 2888 2305 2912 asse-
