2659 3242
121 541 196 570 1264
223 560 225 562 -

99 591 180 619 avril

282 543 410 570 Orviezo.

891 237 1061 279 TABLES
1088 242 1146 271 DU
1176 240 1394 271 REGISTRE
1421 239 1628 270 D‘URBAIN
1658 241 1699 270 lv
2423 249 2485 279 m

1030 336 1115 362 rages.
1139 335 1267 356 Numeros.

467 405 570 437 bente,
595 406 731 440 recipere
752 414 788 433 ac
810 413 864 441 per
891 407 1060 433 triennium

466 455 720 481 commendatam
753 455 886 481 retinere
919 455 1033 482 valeat.
1060 466 1171 487 nomem

508 543 664 578 Episcopo
704 544 888 570 Prenestino
917 544 1048 570 mandat
1068 542 1072 580 1
1090 541 1148 569 125
1169 539 1269 580 12519

469 593 513 620 ut.
541 600 557 618 a
583 592 733 626 magistro
757 593 904 625 Gerardo‚
931 599 1059 619 consan-

463 641 575 675 guineo
608 641 749 675 magistri
780 641 911 673 Alberti,
946 641 1059 668 notarii

463 689 637 724 apostolici,
663 689 759 717 libera
784 691 822 716 de
846 690 1060 724 archipresby-

463 740 568 765 teratu
592 739 738 765 ecclesiae
761 746 784 765 s.
810 738 960 769 Eulaliae,
986 738 1058 764 Par-

462 787 576 813 mensis
604 787 743 819 diocesis,
774 787 985 821 resignatione
1012 793 1056 812 re-

461 837 562 870 cepta,
595 837 739 862 eumdem
768 836 1054 870 archipresbytera-

464 885 532 911 tum
547 885 693 915 Gerar-do,
710 885 796 911 dicto
811 885 934 917 Βὶυηεο,
950 884 1060 911 clerico

461 933 560 968 ipsius
582 934 844 968 archipresbyteri
869 933 987 968 nepoti,
1012 939 1059 959 as-

461 982 573 1016 signet.
1063 995 1128 1013 rome
1144 993 1173 1014 m

497 1070 738 1097 ordinationem
802 1071 840 1097 de
897 1070 1067 1097 'mederico
1087 1069 1092 1107 1
1109 1069 1148 1095 40
1169 1068 1172 1107 1
1193 1068 1269 1095 1040

462 1118 500 1145 de
535 1119 681 1149 Rineche,
719 1119 829 1145 clerico
863 1122 876 1146 ’1
890 1118 1061 1145 reverensis

458 1167 597 1199 diocesis,
631 1167 806 1195 confirmat.
1060 1181 1126 1199 tome
1142 1178 1171 1200 lu

498 1257 680 1287 Amandum,
707 1257 842 1283 electum
876 1257 907 1283 in
934 1263 1064 1291 praepo-
1086 1256 1090 1295 1
1108 1256 1145 1282 43
1167 1254 1172 1294 1
1192 1255 1266 1282 1043

456 1305 555 1332 situm
579 1305 763 1332 monasterii
787 1305 951 1338 Murensis,
977 1305 1057 1332 ordi-

458 1354 507 1381 nis
528 1361 552 1382 s.
575 1354 755 1389 Augustini,
780 1355 972 1390 Urgellensis
993 1354 1057 1381 dio-

459 1404 547 1437 cesis,
561 1411 578 1431 a
594 1404 741 1432 Guidone
751 1404 899 1439 episcopo
910 1403 1059 1431 sabinen-

458 1453 493 1487 si,
521 1453 700 1480 confirmat.
1055 1466 1121 1484 tome
1137 1464 1166 1486 ιιι

499 1542 594 1569 Petro
619 1543 659 1569 de
682 1542 816 1575 Sabello,
835 1542 945 1577 nepoti
959 1543 1002 1576 J.,
1019 1548 1042 1568 s.
1065 1539 1147 1579 1219
1167 1539 1172 1580 1
1191 1540 1268 1568 1519

459 1591 579 1618 Mariae
602 1591 634 1618 in
657 1591 819 1618 Cosmidin
844 1591 968 1618 diaconi
992 1597 1056 1617 car—

457 1640 580 1673 dinalis,
597 1641 820 1667 canonicatum
835 1639 982 1667 ecclesiae
999 1639 1059 1666 Re-

457 1689 572 1716 mensis
603 1690 636 1716 et
668 1689 882 1725 praebendam
919 1687 1125 1720 confert,ome
1141 1700 1170 1721 m

505 1777 614 1805 Electo
657 1777 877 1811 Argentinensi
913 1778 1046 1804 maneat
1066 1775 1146 1815 152‘25
1166 1775 1171 1815 1
1191 1777 1261 1803 1541

459 1828 495 1854 ut
533 1826 718 1859 Walterum,
760 1826 917 1853 medicum
956 1825 1057 1861 ipsius

455 1875 602 1911 episconi,
618 1875 764 1903 clericum
781 1875 1052 1911 ArgenUncnsem,

455 1924 487 1951 in
512 1924 641 1952 ecclesia
667 1931 690 1951 s.
719 1924 806 1951 Petri
831 1924 1053 1959 Argentinensi

455 1974 488 2000 in
511 1973 699 2001 canonicum
722 1973 819 2008 recipi
841 1972 941 2001 faciat
965 1973 1056 2009 eique

453 2023 493 2049 de
507 2022 687 2057 praebenda
701 2022 877 2057 provideat.
1054 2036 1121 2055 tome
1136 2034 1166 2056 ῃ,

494 2110 651 2145 Episcopo
672 2110 895 2145 Argentinensi
911 2111 1043 2138 mandat
1063 2110 1068 2149 1
1083 2109 1143 2138 227
1163 2110 1169 2150 1
1187 2112 1262 2138 1546

455 2160 500 2192 ut,
525 2159 660 2186 obtentu
695 2159 845 2193 magistri,
884 2159 1047 2186 consulum

455 2210 488 2234 ct
518 2208 735 2235 universitatis
764 2208 906 2235 civitatis
935 2210 1051 2243 Argen-

458 2256 598 2289 tinensis‚
639 2257 823 2290 walterum,
863 2257 983 2284 dictum
1020 2263 1055 2284 ue

457 2305 600 2333 Sat-bure.
619 2306 764 2333 clericum
781 2306 1050 2341 Argentinensem,

460 2354 616 2382 dictorum
650 2355 791 2389 magistri
824 2356 857 2381 et
889 2354 1052 2382 consulum

456 2404 732 2438 consanguineum,
755 2403 786 2430 in
805 2403 933 2430 ecclesia
953 2410 975 2431 s,
998 2405 1053 2430 Pe-

458 2452 499 2479 tri
519 2452 765 2486 Argentinensis‚
790 2452 821 2479 in
841 2459 905 2488 qua
927 2452 1053 2479 collatio

458 2501 709 2536 praebendarum
752 2501 792 2528 ad
834 2501 1052 2536 praepositum

458 2551 490 2576 et
523 2550 699 2585 capitulum
731 2550 873 2584 ejusdem
906 2550 1054 2577 ecclesiae

456 2599 603 2634 pertinet,
629 2599 660 2625 in
682 2598 868 2625 canonicum
891 2598 986 2633 recipi
1008 2598 1052 2626 fa-

453 2647 516 2674 ciat
527 2647 619 2683 eique
630 2648 668 2674 de
678 2647 857 2682 praebenda
869 2647 1045 2682 provideat.
1063 2660 1130 2680 tome
1144 2660 1174 2683 ῃ,

494 2735 659 2770 Episcopo,
685 2737 804 2763 decano
835 2737 867 2763 et
899 2736 1038 2771 capitulo
1058 2734 1139 2776 1426
1160 2735 1261 2777 12530

453 2784 767 2812 Claromontensibus
784 2786 916 2812 mandat
934 2787 970 2812 ut
988 2792 1051 2812 ma—

454 2834 588 2869 gistrum
604 2833 772 2860 Albertum
789 2834 828 2860 de
845 2835 983 2867 Foresta,
1002 2841 1051 2861 ca-

1347 734 1419 762 1264

1324 783 1403 810 avril
1424 784 1450 810 S.

1506 736 1631 764 otvieto.

2254 341 2337 367 Panes.
2362 342 2487 363 Numeros,

1691 406 1838 432 nonicum
1877 406 2023 434 ecclesiae
2060 409 2278 442 Thym-nensis,

1687 454 1816 481 fratrem
1851 455 1958 482 fratris
1990 456 2169 489 Chattardi,
2206 458 2279 484 olim

1687 503 1798 537 prioris
1834 504 1998 538 hospitalis
2032 505 2281 533 Jerosolimitani

1688 551 1719 578 in
1738 552 1894 585 Alvernia‚
1918 553 1948 579 in
1968 554 2154 581 canonicum
2174 561 2282 582 eorum

1687 601 1835 628 ecclesiae
1858 601 2019 636 recipiant,
2045 602 2137 636 juxta
2162 603 2285 631 litteras

1687 649 1858 676 Alexandri
1882 657 1983 684 papae
2009 650 2084 678 1111.
2286 666 2353 685 tome
2369 667 2396 687 m

1729 737 1838 764 Electo
1871 739 1903 764 et
1936 738 2075 772 capitulo
2094 738 2268 774 Calagurri-
2288 738 2363 779 1431
2390 742 2394 777 J
2411 741 2487 767 2554

1686 786 1770 813 tanis
1798 787 1928 813 mandat
1956 787 2000 819 ut,
2026 787 2159 813 obtentu
2187 789 2281 822 Petri,

1687 835 1798 869 prioris
1821 835 1968 861 dominici
1992 836 2131 869 sepulcri
2155 837 2187 863 in
2212 838 2282 864 His-

1690 884 1793 918 pania,
1816 884 2000 916 Jordanum,
2024 884 2146 911 dictum
2167 886 2206 912 de
2225 886 2283 913 La-

1691 931 1800 965 nenda,
1842 932 1987 959 clericum
2025 932 2286 967 calagurritanae

1689 981 1829 1014 diocesis,
1847 981 1878 1008 in
1893 981 2079 1008 canonicum
2099 982 2262 1017 recipiant.
2285 996 2352 1017 rome
2367 998 2396 1019 ῃ,

1729 1080 1823 1106 Petro
1841 1079 1995 1105 Dominici
2012 1080 2050 1105 de
2065 1079 2196 1113 Vayello
2217 1088 2286 1116 por-
2306 1081 2312 1121 1
2329 1080 2369 1109 29
2389 1083 2392 1112 ῖ
2416 1087 2492 1110 lum

1689 1128 1806 1154 tionem
1837 1129 1868 1154 in
1898 1128 2025 1155 ecclesia
2057 1128 2231 1163 palentina,
2264 1138 2281 1158 a

1689 1177 1840 1211 magistro
1864 1178 2014 1209 NavarrO,
2039 1185 2206 1204 causarum
2229 1187 2282 1214 pa-

1687 1226 1755 1253 latii
1781 1226 1946 1260 apostolici
1970 1226 2105 1260 generali
2128 1227 2281 1257 auditore.

1687 1275 1913 1309 adjudicatam,
1958 1274 2135 1302 confirmat.
2286 1291 2396 1313 mmm

1723 1373 1953 1401 Archidiacono
1989 1375 2028 1401 de
2062 1375 2275 1403 Tria-castella
2310 1375 2394 1415 1301
2417 1380 2487 1405 1⁰:31

1686 1421 1857 1449 1118888813
1875 1422 2059 1457 Legionensi
2077 1425 2110 1451 et
2133 1424 2284 1459 magistro

1690 1471 1840 1504 Johanni,
1899 1471 2048 1498 canonico
2109 1473 2284 1501 conchensi

1687 1520 1869 1555 praedictae
1912 1521 2088 1548 committit
2126 1523 2283 1550 executio-

1689 1575 1760 1595 nem
1777 1569 1961 1596 sententiae,
1982 1569 2013 1596 in
2032 1568 2174 1597 favorem
2193 1572 2288 1598 Petro

1691 1618 1730 1645 de
1750 1618 1881 1652 Vayello
1903 1618 2016 1646 editae.
2292 1634 2358 1654 tome
2374 1635 2403 1656 m

1727 1702 1877 1729 Poltrono
1903 1703 1941 1729 de
1971 1702 2172 1730 Guidalardis
2197 1711 2284 1738 prae·
2305 1705 2366 1743 135
2386 1705 2390 1744 1
2410 1708 2487 1733 10:34

1687 1751 1823 1777 hendam
1860 1751 1891 1777 in
1927 1751 2056 1778 ecclesia
2092 1753 2282 1780 vercellensi

1686 1799 1819 1832 confert,
1859 1800 2031 1827 medietate
2068 1803 2281 1835 proventuum

1686 1849 1827 1883 ejusdem
1867 1849 2065 1883 praebendae
2104 1851 2276 1884 prebenda—

1683 1905 1745 1933 que
1767 1898 1910 1932 proximo
1931 1900 2083 1925 vacatura
2106 1900 2280 1927 Ferracano

1684 1947 1722 1972 de
1753 1947 1926 1977 Bovesena,
1959 1948 2135 1979 reservatiS,
2169 1955 2275 1975 secun-

1684 1995 1758 2021 dum
1796 1995 1977 2021 arbitralem
2013 1997 2205 2024 sententiam
2242 1998 2281 2024 ab

1646 2059 1648 2061 >
1684 2044 1812 2077 Uberm
1838 2051 1860 2071 S.
1884 2045 2048 2071 Eustachii
2070 2046 2202 2072 diacono
2222 2054 2286 2073 car-

1685 2092 1791 2121 dinali,
1809 2093 1937 2121 editam.
2284 2109 2351 2128 tome
2366 2109 2395 2130 111

1724 2178 1824 2205 Priori
1837 2185 1861 2204 s.
1879 2179 2037 2206 vincentii
2062 2179 2100 2205 de
2120 2180 2275 2207 Caballia—
2309 2179 2369 2219 135
2390 2181 2394 2219 1
2414 2182 2490 2209 1035

1681 2234 1727 2258 ca,
1745 2226 1866 2253 vercell
1886 2228 1951 2253 nsis
1964 2227 2107 2259 diocesis,
2121 2229 2154 2254 et
2170 2229 2282 2256 Oualo-

1681 2277 1712 2302 ni
1733 2276 1771 2302 de
1792 2299 1794 2301 ,
1820 2276 1974 2309 dvocatis,
1988 2278 2140 2303 canonico
2161 2278 2282 2304 Vercel-

1681 2326 1760 2351 lensi
1795 2324 1975 2358 praedictae
2009 2325 2183 2352 committit
2214 2332 2281 2352 exe-

1681 2373 1840 2400 cutionem
1859 2373 2034 2399 sententiae
2051 2374 2166 2401 editaie
2184 2375 2214 2401 in
2231 2374 2274 2401 ta-

1684 2429 1792 2448 vorem
1807 2423 1892 2448 Petri
1907 2423 1944 2448 de
1958 2423 2165 2449 Guidalardis.
2280 2436 2343 2455 tome
2359 2437 2388 2457 m

1722 2516 1938 2542 l'raebendam
1956 2516 1985 2542 in
2004 2516 2131 2543 ecclesia
2150 2524 2171 2542 s⁴
2192 2518 2273 2543 Gau·
2294 2516 2300 2554 1
2319 2518 2358 2543 :36
2379 2516 2384 2555 1
2404 2519 2481 2544 luisti

1683 2565 1782 2590 denlii
1808 2564 2008 2590 Novariensis
2032 2565 2070 2591 ab
2099 2566 2225 2595 Uberto,
2252 2572 2274 2592 s.

1682 2613 1845 2639 Eustachii
1866 2613 1996 2639 diacono
2016 2614 2175 2640 cardinali.
2198 2606 2277 2640 arbi-

1681 2662 1777 2688 traria
1800 2664 1960 2695 potestate
1982 2662 2199 2695 adjudicatam
2222 2663 2275 2689 Pe-

1682 2712 1731 2737 tro
1751 2711 1943 2744 presbytero.
1966 2711 2115 2737 canonico
2136 2711 2277 2744 ejusdem

1680 2759 1834 2786 ecelesiae,
1874 2758 2050 2786 confirmat.
2280 2773 2346 2792 tome
2362 2772 2391 2794 ῃ,

1719 2834 1999 2868 ,archipresbytero
2037 2834 2182 2861 ecclesiae
2221 2835 2267 2861 No
2301 2834 2484 2874 13811037
