2519 3262
263 226 323 255 392

264 311 471 350 prelatorum
495 311 527 340 et
551 308 775 347 capitulorum
802 306 939 336 licentia
956 306 1180 336 immorantur
1205 307 1276 335 stu-

263 365 320 395 dio
332 365 535 399 litterarum,
554 363 585 392 01
603 361 818 400 supradictus
836 359 1069 390 thesaurarius
1087 358 1273 397 capitulum

264 417 475 456 Legionense
494 415 662 445 monuerit
682 423 740 452 per
756 422 836 443 suas
850 413 982 442 litteras
1000 414 1035 442 ut
1052 421 1070 442 a
1089 412 1142 441 die
1164 420 1275 450 recep—

263 470 366 500 tionis
391 470 543 508 ipsarum
561 476 667 506 usque
695 467 737 497 ad
755 466 880 497 festum
899 465 1059 496 Omnium
1076 466 1275 495 Sanctorum

264 524 342 553 tunc
369 522 525 561 proximo
553 523 744 556 venturum,
771 519 921 557 predicto
949 518 1183 548 archidiacono
1200 526 1275 556 pro-

263 577 383 606 ventus
399 575 535 605 eosdem
556 574 683 612 integre
702 573 944 608 ministrarent,
965 571 1117 610 alioquin
1135 580 1176 600 ex
1196 573 1276 600 tunc

263 628 439 658 interdixit
466 627 594 658 eisdem
612 627 802 665 ingressum
818 625 971 661 ecclesie,
990 632 1213 663 processurus
1233 624 1275 653 ad

264 681 425 720 majorem
455 689 576 719 penam
595 680 623 710 si
642 680 677 709 in
694 679 755 709 hoc
784 678 911 708 inventi
929 678 1075 708 fuissent
1104 679 1275 707 contuma-

262 743 328 771 ces,
357 734 446 764 idem
464 733 662 772 capitulum,
684 732 826 771 predicti
852 731 1043 762 executoris
1062 730 1201 761 monitis
1219 739 1276 769 pa-

262 796 335 818 rere
354 795 526 821 recusans,
544 795 603 825 per
620 786 736 816 Ariani
753 785 859 821 Petri,
880 785 1078 815 canonicum
1099 784 1208 822 ipsius
1227 792 1276 813 ec-

262 840 376 877 clesie,
393 840 433 870 ad
451 840 512 870 hoc
527 841 778 879 procuratorem
796 838 836 868 ab
854 838 971 869 eodem
981 838 1129 876 capitulo
1140 837 1275 876 deputa-

261 895 344 928 tum,
374 902 485 924 coram
512 893 661 932 predicto
677 894 855 923 executore
875 891 1039 930 quasdam
1058 890 1274 929 exceptiones

261 946 437 985 proposuit
451 955 554 985 quare
572 946 613 976 ad
630 946 703 983 hoc,
720 947 756 975 ut
772 944 914 979 dicebat,
937 944 1063 974 dictum
1087 943 1274 982 capitulum

260 999 419 1038 compelli
445 999 659 1038 aliquatenus
681 1007 747 1029 non
769 999 899 1037 poterat
928 1007 988 1028 nec
1017 998 1118 1028 etiam
1140 996 1275 1027 teneba-

260 1054 325 1083 tur.
353 1052 485 1088 Quibus
509 1052 768 1091 exceptionibus
793 1052 832 1082 de
859 1051 1045 1090 peritorum
1064 1050 1220 1085 consilio,
1238 1051 1274 1080 ut

260 1115 301 1137 ex
322 1115 483 1145 processu
511 1105 704 1136 executoris
733 1105 884 1144 ejusdem
912 1105 1032 1144 patuit,
1053 1113 1112 1143 per
1129 1104 1273 1134 eundem

263 1159 396 1189 frivolis
407 1159 582 1198 reputatis,
594 1159 767 1197 predictus
786 1160 996 1198 procurator,
1009 1158 1144 1188 nomine
1164 1157 1273 1196 ipsius

260 1212 410 1251 capituli,
438 1213 552 1242 sedem
580 1212 801 1251 apostolicam
822 1211 1018 1250 appellavit,
1044 1212 1098 1241 cui
1126 1211 1272 1249 appella-

261 1266 344 1296 tioni
374 1265 462 1295 idem
489 1267 647 1296 executor
671 1265 712 1295 ob
730 1265 952 1295 reverentiam
973 1265 1063 1295 sedis
1088 1264 1272 1303 apostolice

260 1319 427 1352 deferens,
448 1318 602 1357 partibus
626 1319 762 1357 prefixit
775 1318 971 1355 terminum,
987 1318 1144 1348 videlicet
1160 1318 1274 1348 kalen-

259 1371 319 1401 das
342 1371 455 1401 martii
485 1371 641 1409 proximo
673 1371 864 1410 preteritas,
888 1380 953 1409 quo
988 1379 1064 1400 cum
1097 1379 1270 1409 processu,

259 1432 359 1462 quem
390 1424 519 1454 eisdem
548 1423 701 1462 partibus
733 1424 806 1454 1000
830 1424 1062 1462 apostolorum
1092 1424 1271 1458 concessit,

260 1477 425 1515 scriptum
447 1485 508 1515 per
527 1477 612 1507 duos
641 1477 826 1516 scriptores
849 1477 981 1516 juratos
1010 1479 1042 1507 et
1063 1477 1177 1516 sigillo
1197 1486 1271 1515 pro-

258 1530 332 1568 prio
364 1530 565 1569 sigillatum,
602 1539 660 1569 per
692 1531 928 1569 procuratores
959 1530 1169 1561 sufficienter
1207 1531 1273 1560 ins-

257 1584 385 1613 tructos
414 1592 449 1613 se
483 1584 677 1622 conspectui
710 1584 896 1622 apostolico
922 1586 1167 1622 presentarent.
1200 1584 1272 1620 Quo

257 1637 402 1666 termino
416 1636 626 1673 adveniente,
644 1637 816 1675 predictus
831 1637 990 1667 dominus
1005 1646 1092 1676 papa
1105 1647 1165 1668 nos
1181 1638 1274 1668 Guil-

258 1689 410 1725 lelmum,
435 1689 654 1720 miseratione
679 1690 795 1720 divina
818 1690 910 1720 tituli
927 1691 1035 1721 sancti
1054 1691 1159 1721 Marci
1178 1700 1273 1730 pres—

257 1742 403 1773 biterum
419 1743 637 1780 cardinalem,
655 1744 747 1774 dedit
759 1744 888 1774 eisdem
902 1744 1056 1783 partibus
1070 1745 1271 1782 auditorem,

257 1795 355 1826 nobis
374 1796 449 1826 vive
465 1797 559 1827 vocis
575 1797 711 1828 oraculo
727 1797 906 1836 injungens
923 1799 959 1827 ut
976 1798 1115 1828 eandem
1135 1807 1272 1828 causam

257 1849 457 1879 deberemus
468 1850 508 1880 de
522 1850 623 1889 plano
638 1852 669 1881 et
688 1850 760 1881 31110
783 1851 926 1889 strepitu
940 1851 1060 1890 judicii
1077 1852 1270 1882 terminare.

258 1902 353 1933 Unde
381 1903 531 1941 predicto
559 1903 795 1934 archidiacono
812 1912 871 1942 pro
890 1913 936 1941 se,
968 1913 1009 1934 ex
1033 1906 1128 1943 parte
1146 1914 1222 1942 una,
1240 1906 1272 1935 et

257 1955 393 1993 Pelagio
404 1956 545 1994 Pelagii,
564 1956 772 1994 portionario
788 1957 1010 1995 Legionensis
1027 1958 1180 1994 ecclesie,
1199 1967 1270 1996 pro-

257 2010 410 2038 curatore
430 2009 510 2039 dicti
526 2009 681 2047 capituli,
700 2018 760 2048 pro
778 2010 896 2040 eodem
915 2010 1073 2049 capitulo,
1092 2020 1133 2040 ex
1152 2011 1268 2047 altera,

257 2062 532 2100 comparentibus
562 2063 596 2092 in
621 2063 750 2102 judicio
781 2072 894 2093 coram
929 2063 1038 2100 nobis,
1075 2067 1271 2102 procurator

257 2115 428 2153 predictus
456 2115 566 2153 ipsius
588 2115 728 2154 capituli
747 2116 1020 2155 procuratorium
1039 2116 1192 2147 exhibuit
1208 2117 1270 2147 sul)

257 2167 315 2198 hac
336 2168 444 2198 forma
463 2177 469 2196 :

296 2231 310 2249 «
339 2221 503 2252 Noverint
528 2221 680 2252 universi
706 2224 882 2260 presentes
910 2223 1041 2253 litteras
1072 2223 1269 2262 inspecturi,

257 2285 271 2303 11
296 2275 385 2313 quod
404 2283 476 2311 nos,
496 2275 683 2314 capitulum
709 2276 932 2314 Legioneuse,
960 2276 993 2306 in
1021 2285 1122 2307 causa
1149 2286 1208 2308 seu
1237 2278 1269 2308 in

256 2338 270 2355 11
295 2327 408 2357 causis
428 2336 491 2367 que
513 2329 690 2359 vertuntur
707 2329 760 2359 vel
784 2329 871 2359 verti
888 2331 1068 2368 sperantur
1086 2330 1174 2360 inter
1195 2340 1268 2367 nos,

255 2390 269 2408 11
295 2389 336 2410 ex
354 2389 419 2410 una
448 2383 555 2419 parte,
573 2383 605 2412 et
626 2382 764 2412 Petrum
789 2382 971 2419 Dominici,
995 2383 1268 2414 archidiaconum

255 2444 269 2462 «
295 2433 334 2464 de
357 2434 436 2464 Tria
454 2435 606 2471 castella,
624 2443 665 2465 ex
687 2435 805 2472 altera,
825 2445 926 2475 super
949 2437 1170 2475 proventibus
1194 2446 1269 2476 pre-

256 2496 269 2515 11
295 2486 401 2517 bende
418 2496 519 2526 quain
543 2488 576 2518 in
604 2490 719 2519 nostra
746 2489 889 2519 ecclesia
917 2489 1056 2525 obtinet,
1083 2500 1168 2529 quos
1185 2492 1267 2529 petit

255 2550 269 2568 11
295 2539 361 2570 31111
396 2540 429 2570 10
454 2541 606 2572 Romana
634 2542 728 2572 curia
758 2542 959 2579 ministrari,
985 2543 1064 2573 dum
1093 2543 1269 2584 obsequiis

255 2603 270 2621 11
293 2593 337 2629 .Ῑ.,
369 2595 483 2624 sancte
516 2594 621 2625 Μαι-10
656 2595 689 2625 10
714 2596 889 2626 Cosmidin
916 2596 1048 2627 diaconi
1071 2597 1265 2634 cardinalis,

255 2655 269 2674 11
296 2645 458 2676 1031110111
485 2648 646 2686 tanquam
678 2648 750 2687 ejus
780 2649 988 2680 domesticus
1014 2651 1267 2686 commensalis,

255 2708 270 2727 «
295 2699 534 2730 constituimus
565 2702 597 2731 et
623 2701 821 2732 ordinamus
846 2702 1020 2741 Pelagium
1046 2703 1188 2741 Pelagii,
1217 2714 1266 2735 so-

255 2761 269 2779 «
294 2751 383 2782 cium
411 2754 576 2789 nostrum,
601 2753 743 2784 latorem
770 2756 992 2793 presentium,
1014 2759 1265 2795 procuratorem

255 2806 449 2835 «nostrum
481 2806 522 2836 ad
559 2807 738 2845 agendum,
771 2809 1053 2847 respondendum,
1088 2810 1264 2841 defenden-

255 2867 269 2886 «
294 2857 386 2894 dum,
414 2858 663 2897 excipiendum,
690 2860 924 2899 replicandum
949 2864 981 2893 et
1008 2863 1201 2901 specialiter
1227 2864 1268 2894 ad

254 2919 269 2939 «
294 2911 566 2950 prosequendum
583 2913 846 2952 appellationem
859 2915 911 2945 vel
929 2915 1175 2954 appellationes
1189 2926 1267 2947 con-

1333 315 1347 333 (1

1332 368 1347 387 ((

1333 422 1347 439 1(

1332 474 1346 492 (1

1332 527 1346 546 ((

1333 582 1347 598 1(

1333 633 1348 652 ((

1333 687 1347 705 t(

1333 740 1347 757 1(

1334 795 1347 810 1(

1333 848 1347 865 1(

1333 901 1346 918 11

1333 954 1347 972 1(

1333 1007 1347 1026 (1

1332 1062 1346 1079 (1

1333 1115 1346 1132 11

1333 1168 1346 1185 1(

1332 1221 1346 1238 (1

1332 1274 1346 1291 (1

1333 1327 1346 1345 1(

1333 1380 1347 1398 1(

1334 1434 1348 1452 (1

1332 1488 1347 1505 11

1333 1541 1346 1559 11

1016 219 1262 251 REGISTRES
1292 219 1505 250 D'URBAIN
1537 220 1594 250 IV.

1373 306 1424 335 tra
1440 305 1629 344 predictum
1646 305 1684 336 P.
1710 305 1880 335 Dominici
1903 305 2187 343 archidiaconum,
2209 307 2348 337 nomine

1373 360 1501 394 nostro,
1517 358 1753 397 interpositam
1767 358 1818 388 vel
1831 358 2051 397 interpositas
2066 359 2106 389 ad
2123 359 2237 390 sedem
2251 368 2348 398 apos-

1374 411 1509 441 tolicam
1529 420 1547 440 a
1565 411 1776 442 thesaurario
1790 412 2001 447 Zamorensi,
2018 413 2050 442 et
2066 412 2107 442 ad
2125 413 2346 450 prestandum

1373 464 1406 494 in
1425 464 1556 494 animas
1575 466 1710 494 nostras
1734 464 1965 503 juramentum
1983 466 2024 495 110
2044 465 2237 504 calumpnia
2257 468 2288 496 et
2307 465 2347 495 de

1374 517 1514 547 veritate
1542 517 1683 547 dicenda
1707 519 1739 547 et
1761 517 1944 556 cujuslibet
1969 518 2110 548 alterius
2139 519 2274 557 generis
2297 527 2349 548 sa-

1373 571 1595 605 cramentum,
1614 571 1646 601 et
1664 570 1705 600 ad
1733 571 1846 600 omnia
1864 570 1931 600 alia
1949 579 2014 609 que
2037 571 2125 601 circa
2145 571 2297 610 predicta
2315 574 2348 602 et

1373 622 1547 662 quodlibet
1564 623 1792 662 predictorum
1816 623 1992 662 legitimus
2009 625 2125 663 posset
2142 624 2252 654 facere
2269 633 2348 663 pro-

1373 678 1519 708 curator.
1537 678 1567 707 et
1584 677 1624 706 ad
1642 677 1755 706 omnia
1772 677 1875 707 etiam
1889 677 1922 706 in
1940 676 2064 715 quibus
2082 677 2279 708 mandatum
2299 686 2347 708 re-

1373 730 1520 768 quiritur
1539 729 1697 768 speciale,
1720 739 1778 760 nec
1805 739 1870 760 non
1888 730 1929 760 ad
1947 730 2135 769 objicienda
2150 731 2293 761 crimina
2315 732 2348 761 et

1373 784 1524 814 desectus
1547 785 1662 813 contra
1680 783 1953 813 archidiaconum
1979 784 2223 822 supradictum,
2252 786 2283 814 et
2306 784 2349 814 ad

1373 837 1623 875 impetrandum
1648 838 1679 867 et
1696 836 1994 867 contradicendum
2013 836 2145 867 litteras
2172 837 2347 876 simplices

1375 891 1426 921 vel
1447 890 1616 929 legendas.
1637 890 1767 920 Damus
1789 890 1891 920 etiam
1915 890 2052 929 Pelagio
2079 890 2207 929 Pelagii
2234 890 2347 929 plena-

1372 944 1457 974 riam
1479 945 1682 982 potestatem
1705 944 1932 974 constituendi
1953 943 2005 974 vel
2028 943 2257 974 substituendi
2281 943 2348 974 sibi

1374 1000 1626 1036 procuratorem
1641 997 1693 1027 vel
1709 999 1945 1036 procuratores
1963 997 2049 1027 alios
2068 1006 2170 1036 super
2184 997 2348 1036 predictis

1373 1050 1531 1081 omnibus
1548 1052 1578 1080 et
1597 1051 1743 1089 singulis
1763 1051 1992 1089 predictorum
2009 1060 2067 1081 001·
2084 1059 2150 1080 11011
2167 1050 2348 1081 revocandi

1372 1104 1520 1140 eosdem,
1547 1104 1814 1142 quandocunque
1838 1106 1868 1134 et
1898 1104 2190 1142 quotienscunque
2224 1103 2349 1134 viderit

1372 1157 1542 1196 expedire,
1563 1159 1673 1187 ratum
1691 1157 1852 1196 quicquid
1876 1166 1934 1196 per
1962 1157 2149 1195 predictum
2169 1157 2347 1195 Pelagium

1372 1210 1516 1249 Pelagii,
1538 1210 1760 1240 constitutum
1786 1210 1838 1240 vel
1866 1210 2080 1246 constitutos,
2109 1209 2345 1246 substitutum,

1372 1263 1425 1293 vel
1444 1263 1649 1294 substitutos
1667 1262 1707 1293 ab
1721 1272 1771 1297 eo,
1789 1263 1926 1293 nomine
1944 1266 2070 1299 nostro,
2088 1272 2190 1302 super
2205 1262 2346 1302 premis-

1372 1317 1420 1346 sis
1437 1318 1469 1347 et
1483 1316 1635 1356 quolibet
1647 1316 1894 1354 premissorum
1911 1318 2043 1355 gestum
2062 1317 2133 1346 sive
2149 1318 2260 1347 actum
2277 1316 2348 1347 fue-

1372 1370 1596 1406 rit,habituri.
1606 1370 1647 1400 Et
1660 1370 1694 1400 in
1709 1370 1944 1400 testimonium
1955 1370 2106 1399 omnium
2116 1370 2349 1408 predictorum

1374 1425 1565 1462 presentem
1585 1423 1836 1462 procurationis
1856 1425 1983 1453 cartam
2009 1423 2115 1462 sigilli
2136 1423 2245 1453 nostri
2270 1422 2347 1453 feci-

1373 1485 1448 1507 mus
1478 1476 1666 1507 munimine
1692 1476 1858 1508 roborari.
1885 1477 2009 1507 Datum
2030 1476 2177 1516 Legione
2206 1476 2284 1506 idus
2297 1475 2345 1515 ja-

1373 1530 1497 1566 nuarii,
1515 1539 1601 1560 anno
1617 1530 1756 1560 Domini
1772 1529 1992 1561 M⁰CC⁰LX1L
2013 1540 2027 1559 »

1372 1585 1454 1614 Post
1487 1584 1545 1614 hec
1585 1592 1664 1614 vero
1699 1583 1872 1622 predictus
1903 1583 2160 1614 archidiaconus
2191 1583 2348 1614 libellum

1333 1647 1432 1668 suum
1451 1637 1573 1668 obtulit
1593 1637 1656 1667 sub
1673 1637 1734 1667 hac
1751 1637 1858 1668 forma
1878 1648 1883 1666 ;

1333 1756 1347 1773 1(

1333 1810 1347 1827 t<

1333 1862 1347 1881 1(

1332 1916 1346 1935 1(

1332 1969 1346 1987 t(

1332 2023 1345 2040 1(

1332 2076 1345 2093 (t

1332 2128 1345 2147 1(

1331 2182 1344 2198 1(

1330 2234 1344 2253 1(

1331 2291 1344 2305 u

1330 2342 1344 2360 1(

1330 2398 1344 2413 (1

1329 2450 1343 2467 11

1329 2502 1343 2521 (1

1329 2557 1342 2573 11

1328 2609 1342 2628 1(

1328 2663 1342 2681 11

1328 2716 1342 2734 (t

1327 2771 1341 2787 11

1326 2822 1341 2841 1(

1326 2876 1341 2894 t(

1325 2930 1339 2947 (1

1373 1703 1386 1718 11
1411 1692 1532 1721 Coram
1549 1690 1659 1727 vobis,
1680 1690 1865 1721 reverendo
1882 1692 1976 1730 patre
1995 1691 2131 1721 domino
2147 1690 2346 1727 Guillelmo,

1374 1745 1464 1775 tituli
1497 1744 1605 1774 sancti
1636 1745 1740 1774 Marci
1770 1744 1960 1783 presbitero
1987 1744 2164 1781 cardinali,
2194 1744 2348 1783 partibus

1373 1799 1527 1828 auditore
1557 1806 1729 1834 concesso,
1760 1798 1918 1837 proponit
1938 1798 2060 1828 Petrus
2084 1798 2266 1835 Dominici,
2298 1807 2349 1829 ar-

1372 1852 1590 1882 chidiaconus
1620 1851 1855 1890 Legionensis,
1883 1851 1984 1890 quod,
2008 1860 2083 1882 cum
2113 1851 2348 1882 thesaurarius

1371 1905 1599 1941 Zamorensis,
1627 1907 1787 1935 executor
1804 1913 1900 1938 suus,
1928 1905 2126 1936 auctoritate
2156 1905 2348 1936 litterarum

1372 1958 1501 1989 domini
1515 1958 1643 1989 Urbani
1658 1967 1743 1997 pape
1759 1958 1837 1993 IIII,
1857 1958 2043 1997 capitulum
2063 1958 2272 1996 Legionense
2288 1967 2349 1998 per

1372 2020 1452 2042 suas
1475 2011 1607 2041 litteras
1622 2011 1791 2041 monuerit
1810 2013 1845 2041 ut
1863 2020 1880 2041 a
1900 2011 1953 2041 die
1972 2011 2177 2050 receptionis
2195 2012 2347 2050 ipsarum

1373 2073 1481 2103 usque
1501 2065 1541 2094 ad
1565 2064 1728 2094 kalendas
1748 2063 1944 2094 novembris
1964 2065 2118 2103 proximo
2150 2065 2345 2103 preteritas,

1371 2118 1532 2156 quamdiu
1554 2117 1642 2147 idem
1659 2117 1916 2147 archidiaconus
1936 2118 2025 2156 apud
2045 2118 2160 2148 sedem
2185 2118 2348 2157 apostoli·

1371 2180 1442 2201 cam
1461 2170 1666 2201 venerabilis
1693 2171 1799 2209 patris
1819 2171 1949 2201 domini
1971 2171 2016 2207 J.‚
2041 2174 2154 2202 sancte
2181 2172 2288 2202 Marie
2313 2172 2347 2202 in

1371 2224 1545 2255 Cosmidin
1571 2225 1703 2254 diaconi
1732 2224 1928 2260 cardinalis,
1957 2224 2133 2264 obsequiis
2160 2225 2347 2261 insisteret,

1369 2279 1553 2316 proventus
1586 2277 1755 2316 prebende
1782 2286 1884 2317 quam
1910 2278 1943 2307 iu
1971 2278 2114 2308 ecclesia
2141 2279 2347 2318 Legionensi

1370 2331 1509 2367 obtinet,
1539 2331 1649 2362 eidem
1678 2331 1913 2362 archidiacono
1942 2332 1995 2362 vel
2025 2333 2237 2371 procuratori
2271 2341 2344 2368 suo,

1370 2385 1443 2423 ejus
1461 2385 1609 2421 nomine,
1629 2387 1727 2424 prout
1753 2385 1943 2424 percipiunt
1975 2386 2014 2416 de
2038 2395 2179 2416 suorum
2197 2386 2344 2425 prelato-

1369 2448 1443 2468 rum
1463 2438 1516 2468 vel
1530 2438 1755 2477 capitulorum
1772 2439 1910 2469 licentia
1927 2439 2148 2470 immorantes
2160 2440 2275 2471 studio
2293 2440 2347 2471 lit-

1368 2493 1530 2528 terarum,
1550 2492 1647 2531 juxta
1676 2492 1871 2522 mandatum
1899 2492 2135 2531 apostolicum,
2162 2494 2235 2524 sine
2256 2493 2348 2524 diffi-

1369 2545 1492 2577 cultate
1514 2545 1665 2584 qualibet
1686 2546 1813 2585 integre
1841 2546 2088 2576 ministrarent.
2114 2547 2278 2586 Alioquin
2304 2556 2347 2579 ex

1368 2601 1447 2629 tunc
1472 2599 1522 2629 eis
1541 2599 1733 2637 ingressum
1752 2599 1892 2630 ecclesie
1912 2599 2100 2635 interdixit,
2119 2601 2159 2630 ad
2177 2601 2343 2640 majorem

1367 2660 1488 2691 penam
1510 2652 1751 2682 nichilominus
1767 2661 2002 2691 processurus,
2024 2654 2053 2683 si
2078 2653 2110 2684 in
2134 2653 2194 2684 hoc
2215 2653 2344 2685 inventi

1368 2708 1479 2736 essent
1501 2707 1728 2736 contumaces.
1752 2706 1831 2736 Post
1851 2706 1909 2737 hec
1931 2707 2031 2737 Arias
2049 2707 2154 2738 Petri.
2171 2707 2289 2738 dicens
2305 2715 2342 2738 se

1366 2761 1618 2797 procuratorem
1636 2759 1745 2798 ipsius
1757 2759 1908 2798 capituli,
1925 2768 1966 2790 ex
1983 2760 2186 2799 quibusdam
2206 2760 2342 2791 frivolis

1366 2812 1478 2842 causis
1492 2812 1686 2851 contingens
1702 2813 1813 2852 ipsum
1826 2813 2012 2851 capitulum
2029 2814 2217 2853 aggravari,
2233 2813 2276 2844 ad
2292 2822 2343 2845 se-

1366 2865 1441 2895 dem
1459 2866 1680 2904 apostolicam
1698 2866 1893 2905 appellavit.
1913 2867 2052 2903 Verum,
2071 2867 2150 2906 quia
2169 2867 2344 2898 thesaura-

1365 2918 1437 2948 rius
1471 2918 1588 2949 volens
1621 2918 1810 2950 deliberare
1848 2921 1960 2950 utrum
1996 2920 2083 2951 dicte
2121 2919 2343 2959 appellationi
