2519 3262
1091 186 1329 225 TROISIEME
1354 185 1517 229 ANNEE.
2289 200 2343 229 ‚67

267 278 357 307 trum
371 276 564 307 Goterrium
575 277 762 316 Yspanum,
776 276 1001 316 presbiterum
1015 278 1047 306 et
1064 276 1275 314 capellanum

266 329 380 360 dilecti
395 329 457 360 filii
471 329 594 360 nobilis
606 330 671 360 viri
683 331 732 366 P.‚
746 330 897 368 germani
909 329 1079 359 carissimi
1095 329 1127 358 in
1140 328 1274 359 Christo

265 381 328 411 filii
348 382 456 412 nostri
475 408 480 413 .
504 407 510 413 .
529 383 618 422 regis
641 383 787 413 Castelle
803 391 840 412 ac
859 381 1016 420 Legionis
1038 381 1196 416 illustris,
1218 389 1275 410 no·

264 434 317 464 bis
341 435 380 465 de
396 435 587 466 litterarum
605 435 747 465 scientia
762 437 793 464 et
810 434 908 464 bonis
931 433 1082 463 moribus
1107 442 1275 463 commen-

265 487 391 523 datum,
408 488 560 518 volentes
578 488 738 526 prosequi
755 487 863 526 gratia
881 488 913 516 et
932 486 1057 521 favore,
1076 485 1274 516 discretioni

263 541 318 571 tue
347 541 547 571 mandamus
573 542 739 579 quatenus
768 539 910 569 eundem
939 539 1151 578 magistrum,
1178 539 1274 568 dum-

264 594 362 623 modo
380 594 423 624 sit
443 594 606 632 ydoneus,
626 593 659 622 in
675 592 819 622 ecclesia
843 591 1022 622 Palentina
1043 591 1146 622 facias
1165 594 1276 622 aucto-

261 647 360 676 ritate
377 647 493 676 nostra
511 653 570 683 per
586 647 617 675 te
636 645 687 674 vel
700 653 759 683 per
775 644 880 674 alium
897 644 1001 683 recipi
1020 644 1054 674 iu
1075 644 1273 674 canonicum

261 700 293 728 et
306 699 339 728 in
358 698 497 728 fratrem
511 706 548 727 ac
559 698 639 728 eide
653 697 835 736 prebenda,
851 697 879 727 si
898 706 964 736 qua
982 698 1075 727 vacat
1088 696 1214 727 ibidem
1233 697 1273 727 ad

260 759 401 789 presens
417 750 470 781 vel
488 750 740 790 quamprimum
759 751 800 780 ad
819 750 852 780 id
873 759 907 780 se
937 750 1079 781 facultas
1099 750 1271 786 obtulerit,

260 812 335 833 cum
358 804 592 842 prestimoniis
617 804 767 834 cedentis
788 804 839 834 vel
864 804 1070 839 decedentis,
1093 804 1272 842 providere

259 865 432 895 procures,
452 866 518 887 non
539 856 694 887 obstante
710 874 758 891 —‚
778 866 837 887 seu
861 857 950 895 quod
976 857 1066 886 idem
1089 857 1272 888 Gonterins

260 909 326 947 (sic)
345 918 411 940 non
430 910 542 941 extitit
570 910 800 949 portionarius
819 910 853 940 in
870 910 1013 940 ecclesia
1030 910 1208 940 Palentina
1223 927 1270 939 ῌ.

259 962 530 993 Contradictores
543 965 604 993 etc.
620 972 727 1002 usque
737 963 992 1002 compescendo.
1005 963 1148 994 Proviso
1158 964 1271 994 tamen

258 1016 347 1054 quod
364 1016 453 1046 idem
472 1016 645 1056 magister,
663 1019 844 1055 postquam
859 1017 893 1046 in
910 1017 1026 1047 eadem
1039 1017 1181 1047 ecclesia
1198 1025 1271 1055 pre—

256 1068 400 1099 bendam
430 1078 506 1099 cum
528 1069 722 1108 hujusmodi
746 1069 980 1108 prestimoniis
1006 1069 1108 1100 fuerit
1132 1070 1269 1108 pacifice

257 1124 446 1155 assecutus,
464 1122 670 1161 prebendam
689 1132 788 1162 qnam
812 1123 847 1152 in
872 1123 1015 1153 ecclesia
1042 1123 1269 1159 Corboliensi,

256 1174 464 1205 Parisiensis
480 1176 638 1211 diocesis,
658 1175 809 1206 obtinere
828 1176 952 1206 dicitnr
968 1177 999 1207 et
1017 1185 1117 1215 quam
1133 1178 1269 1207 extunc

255 1237 374 1259 vacare
405 1229 629 1265 decernimus,
666 1229 802 1260 omnino
840 1230 1000 1260 dimittat.
1026 1230 1151 1260 Datum
1179 1230 1268 1269 apud

255 1281 544 1319 Urbemveterem,
565 1283 641 1312 idus
660 1282 836 1319 februarii,
857 1291 943 1313 anno
963 1283 1075 1314 tertio.
1096 1293 1111 1311 »

793 1467 917 1499 Orvieto,
941 1469 972 1495 16
984 1468 1097 1503 janvier
1115 1469 1192 1495 1204.

344 1469 440 1500 1295

289 1551 445 1583 Willelmo,
461 1551 676 1586 archiepiscopo
689 1552 847 1583 Bisnntino,
868 1552 998 1587 indulget
1017 1555 1045 1579 ut
1059 1553 1091 1579 de
1109 1552 1204 1587 aliquo
1222 1561 1267 1579 ar-

251 1600 502 1628 chidiaconatuum
512 1601 726 1628 Bisuntinorum
734 1610 783 1636 per
792 1601 903 1628 litteras
914 1601 1087 1636 apostolicas
1097 1602 1178 1631 nulli,
1190 1610 1264 1636 prin-

251 1652 295 1676 ter
305 1649 512 1684 archiepiscopi
525 1649 840 1679 Bisuntiniassensum.
854 1650 946 1677 valeat
957 1650 1111 1685 provideri.
1123 1651 1204 1686 (RE-³,
1218 1652 1263 1685 29,

252 1698 299 1726 fol.
324 1699 374 1726 108
392 1704 430 1732 w,
448 1704 478 1726 110
492 1699 568 1733 345.)

291 1817 305 1832 «
325 1805 485 1840 Willelmo,
497 1806 726 1846 archiepiscopo
743 1806 918 1835 Btkzmlino.
930 1805 1090 1836 Exhibita
1100 1805 1197 1836 nobis
1207 1807 1263 1836 tua

249 1859 368 1897 petitio
385 1859 576 1890 continebat
588 1860 677 1898 quod
694 1859 831 1889 collatio
846 1861 1101 1898 personatuum,
1120 1859 1263 1898 dignita-

249 1914 321 1942 tum
349 1914 381 1943 et
406 1912 655 1951 prebendarum
680 1913 714 1942 in
731 1913 874 1943 ecclesia
892 1912 1071 1942 Bisuntina
1087 1912 1128 1943 ad
1148 1935 1154 1942 .
1176 1936 1183 1943 .
1206 1913 1259 1943 de-

248 1974 380 2002 canum,
401 1967 432 1996 et
460 1966 647 2005 capitulum
665 1966 885 1997 Bisuntinum
910 1966 1060 1996 noscitur
1076 1966 1257 2004 pertinere,

246 2019 398 2059 exceptis
414 2021 557 2058 quatuor
573 2019 903 2050 archidiaconatibus
916 2019 974 2058 qui
990 2019 1031 2049 ad
1044 2019 1260 2050 collationem

245 2073 339 2102 tuam
356 2072 538 2111 pertinent,
555 2081 706 2112 quosque
724 2081 789 2103 non
804 2076 899 2111 potes
914 2073 979 2102 nisi
994 2072 1078 2103 solis
1088 2073 1259 2103 canonicis

246 2125 438 2156 Bisuntinis
464 2126 626 2157 conferre.
648 2127 692 2158 Ut
711 2127 816 2166 igitur
844 2126 1136 2156 archidiaconatus
1164 2126 1258 2164 ipsos

245 2179 358 2216 possis
381 2178 525 2209 liberius
558 2179 699 2218 ydoneis
731 2179 883 2210 conferre
910 2179 1078 2218 personis,
1103 2188 1176 2213 nos,
1202 2180 1258 2218 qui

245 2239 426 2269 personam
442 2233 549 2268 tuam,
565 2232 703 2263 obtentu
715 2232 960 2263 venerabilium
971 2232 1113 2263 fratrum
1130 2235 1258 2263 nostro-

244 2293 319 2315 rum
338 2308 366 2315 ..
387 2285 583 2322 Tusculani,
601 2288 633 2317 et
653 2309 658 2315 .
677 2309 683 2314 .
700 2286 870 2317 Ostiensis
889 2286 1137 2325 episcoporum,
1158 2287 1189 2316 et
1206 2287 1252 2316 di-

243 2337 408 2368 lectorum
422 2338 571 2369 filiorum
586 2339 640 2376 G„
656 2339 747 2370 tituli
762 2339 870 2370 sancti
887 2339 1061 2370 Laurentii
1078 2340 1113 2369 in
1132 2339 1260 2370 Lucina
1286 2353 1287 2360 1

242 2390 435 2429 presbiteri,
463 2393 494 2422 et
512 2393 566 2428 R,
591 2392 699 2423 sancti
718 2392 838 2432 Angeli
864 2393 996 2423 diaconi
1017 2392 1254 2430 cardinalium,

243 2452 302 2482 pro
331 2445 364 2474 te
393 2444 491 2474 nobis
518 2453 594 2475 curn
621 2445 785 2476 instantia
809 2445 1088 2484 supplicantium,
1116 2446 1258 2485 speciali

242 2497 349 2535 gratia
360 2497 568 2528 intendimus
579 2499 751 2538 prosequi,
766 2499 963 2529 auctoritate
973 2498 1034 2530 tibi
1044 2499 1257 2538 presentium

242 2550 459 2590 indulgemus
479 2553 513 2581 ut
540 2551 580 2582 de
608 2552 721 2591 aliquo
739 2552 1071 2583 archidiaconatuum
1090 2553 1255 2592 ipsorum,

241 2604 355 2642 preter
382 2605 479 2635 tuum
501 2613 691 2642 assensum,
718 2614 776 2644 per
798 2606 930 2636 litteras
949 2606 1040 2636 sedis
1067 2606 1254 2645 apostolice

242 2656 328 2687 nulli
346 2657 455 2688 valeat
473 2658 644 2696 provideri
673 2667 737 2698 que
767 2659 807 2689 de
825 2659 955 2690 indulto
972 2659 1169 2698 hujusmodi
1188 2668 1255 2690 non

242 2709 382 2741 fecerint
410 2711 627 2745 mentionem,
650 2711 866 2750 presentibus
886 2714 962 2751 post
986 2712 1171 2742 triennium
1193 2712 1256 2742 mi-

241 2763 330 2793 nime
358 2763 527 2794 valituris.
555 2764 651 2795 Nulli
682 2774 760 2804 ergo
785 2766 900 2795 nostre
926 2765 1157 2796 concessionis
1190 2767 1253 2796 etc.

239 2816 364 2847 Datum
381 2818 469 2856 apud
486 2817 775 2853 Urbemveterem‚
800 2827 870 2848 xvii
891 2818 1054 2849 kalendas
1074 2818 1251 2855 februarii,

240 2877 327 2900 anno
346 2870 458 2901 tertio.
475 2879 492 2900 »

1882 276 2005 305 Orvicto,
2024 278 2060 304 ler
2077 277 2180 304 sex-rior
2196 280 2270 306 1264.

1428 276 1523 307 1296

1371 358 1494 385 Litteras
1520 358 1693 392 apostolicas
1721 367 1805 394 snper
1830 361 1990 394 provisione
2019 364 2045 387 et
2074 362 2234 396 receptione
2260 364 2342 391 cleri-

1334 415 1432 433 corum
1450 407 1478 433 in
1500 408 1622 434 ccclesia
1638 407 1798 442 Yspalensi,
1816 412 1937 443 quatuor
1956 411 2105 437 dumtaxat
2123 411 2260 445 exceptis,
2280 412 2343 438 irri—

1334 458 1374 482 tat
1391 459 1419 482 et
1435 459 1539 483 cassat.
1563 457 1639 491 (Rea.
1658 458 1702 487 29,
1724 457 1772 483 fol.
1795 458 1843 485 108
1865 463 1900 488 νο,
1917 464 1945 484 11⁰
1962 458 2037 489 320.)

1374 570 1388 589 «
1407 585 1412 589 .
1431 585 1436 590 .
1455 560 1685 600 archiepiscopo
1699 566 1725 590 et
1739 560 1858 591 dilectis
1873 562 1948 601 filiis
1965 563 2097 602 capitulo
2119 564 2341 603 Yspalcnsibus.

1334 613 1483 643 Ecclesie
1497 616 1619 650 vestre,
1634 623 1696 652 que
1711 616 1761 644 est
1778 615 1910 645 novella
1922 616 2047 646 Christi
2063 617 2239 655 plantatio,
2254 628 2339 649 com-

1334 667 1471 697 modum
1486 667 1680 697 affectantes
1699 668 1730 697 ct
1750 676 1970 706 personarum
1988 671 2177 700 vestrarum
2195 672 2341 710 quietem

1333 722 1513 758 querentes
1527 722 1558 750 et
1574 729 1701 758 pacem,
1716 720 1861 751 libenter
1879 722 1936 752 illa
1949 722 2045 753 vobis
2055 724 2269 754 concedimus
2283 734 2342 763 per

1334 781 1409 811 que,
1426 773 1567 803 materia
1578 775 1747 804 summota
1764 775 1984 813 gravaminis,
2002 777 2110 806 status
2130 778 2232 807 vestri
2252 780 2341 808 tran-

1334 825 1487 864 quillitas
1507 829 1717 864 procuretur.
1747 827 1845 864 Sane,
1869 828 1954 858 lecta
1973 829 2070 859 nobis
2088 831 2200 860 vestra
2223 832 2340 869 petitio

1333 879 1525 909 continebat
1555 880 1644 918 quod
1675 881 1773 911 multi
1807 881 1920 911 clerici
1952 890 2053 920 super
2086 884 2276 922 receptione
2309 887 2339 915 et

1332 930 1526 969 provisione
1555 940 1616 962 sua
1642 932 1675 962 in
1703 933 1819 963 eadem
1849 934 1991 964 ecclesia
2013 939 2145 966 nostras
2175 938 2205 966 et
2226 938 2341 975 prede-

1332 992 1505 1015 cessorum
1535 987 1728 1016 nostrorum
1749 987 1979 1018 Romanorum
1995 989 2190 1027 pontificum
2209 990 2340 1021 litteras

1331 1040 1580 1076 presentarunt,
1596 1048 1740 1078 quorum
1765 1040 1871 1079 aliqui
1890 1042 1968 1070 sunt
1987 1041 2124 1078 ibidem,
2144 1042 2339 1079 hujusmodi

1330 1090 1522 1121 litterarum
1536 1093 1747 1129 auctoritate,
1768 1094 1894 1132 recepti
1911 1096 1942 1124 et
1958 1094 2064 1133 aliqui
2083 1097 2117 1125 ut
2133 1096 2340 1134 recipiantur

1330 1143 1494 1175 insistunt
1516 1147 1547 1175 et
1566 1145 1719 1176 diversas
1736 1146 1771 1176 in
1789 1155 1848 1176 vos
1872 1148 1903 1177 et
1922 1149 2072 1177 vestrum
2090 1148 2243 1187 singulos
2262 1158 2339 1187 pro-

1330 1200 1490 1229 curarunt
1523 1199 1698 1230 occasione
1732 1199 1926 1238 hujusmodi
1961 1201 2337 1239 excommunicationis,

1330 1252 1567 1290 suspensionis
1606 1253 1637 1282 et
1679 1252 1851 1283 interdicti
1895 1254 2081 1284 sententias
2118 1255 2336 1294 promulgari.

1328 1305 1438 1340 Quare
1463 1304 1561 1335 nobis
1588 1305 1763 1336 humiliter
1789 1306 2008 1345 supplicastis
2028 1309 2063 1337 ut
2079 1316 2263 1338 exonerare
2285 1318 2338 1339 su-

1328 1366 1388 1396 per
1403 1358 1465 1389 hoc
1475 1359 1652 1389 ecclesiam
1668 1361 1814 1390 vestram
1826 1360 2093 1391 misericorditer
2108 1361 2335 1400 dignaremur.

1328 1412 1398 1442 Nos
1433 1412 1548 1451 igitur,
1585 1413 1709 1442 vestris
1747 1413 2055 1452 supplicationibus
2093 1415 2258 1451 inclinati,
2297 1416 2336 1446 de

1328 1465 1487 1495 omnibus
1506 1466 1554 1495 sic
1571 1466 1716 1504 receptis
1730 1466 1918 1504 prebendas
1934 1468 2190 1505 expectantibus
2205 1470 2337 1498 vacatu-

1326 1526 1393 1553 ras,
1413 1520 1556 1556 quatuor
1573 1519 1761 1556 dumtaxat,
1774 1519 1849 1558 jure
1865 1520 2021 1550 videlicet
2042 1521 2202 1558 potiores,
2222 1522 2335 1551 decer-

1326 1571 1440 1601 nimus
1457 1571 1490 1601 in
1508 1572 1581 1610 ipsa
1593 1572 1736 1602 ecclesia
1755 1581 1941 1607 remanere,
1961 1574 2170 1611 receptiones
2190 1574 2334 1605 aliorum

1326 1625 1462 1654 omnino
1487 1625 1696 1663 presentium
1716 1626 1913 1656 auctoritate
1937 1628 2109 1657 cassantes
2127 1636 2164 1657 ac
2181 1627 2335 1658 relaxan-

1325 1679 1375 1708 tes
1388 1679 1574 1708 sententias
1589 1679 1801 1717 supradictas
1820 1679 1852 1709 in
1870 1688 1929 1709 vos
1949 1680 2122 1711 occasione
2138 1680 2334 1719 hujusmodi

1325 1731 1523 1762 auctoritate
1546 1732 1697 1770 qnalibet
1712 1733 1956 1772 promulgatas,
1984 1742 2020 1763 ac
2039 1733 2255 1764 decernentes
2274 1743 2333 1765 vos

1325 1784 1365 1814 ad
1383 1784 1520 1815 illorum
1538 1785 1767 1823 provisionem
1791 1785 2005 1824 aliquatenus
2026 1795 2091 1816 non
2109 1787 2226 1817 teneri.
2238 1788 2333 1818 Nulli

1324 1846 1402 1876 ergo
1421 1840 1535 1868 nostre
1559 1838 1822 1874 constitutionis,
1839 1839 2041 1869 cassationis
2060 1842 2091 1870 et
2111 1840 2333 1871 relaxationis

1323 1893 1384 1921 etc.
1412 1891 1537 1921 Datum
1559 1891 1645 1930 apud
1676 1890 1965 1928 Urbemveterem,
1983 1892 2138 1922 kalendis
2156 1892 2331 1928 februarii,

1323 1953 1409 1974 anno
1423 1945 1536 1974 tertio.
1555 1953 1572 1973 »

1864 2111 1988 2142 Orvieto,
2009 2113 2039 2139 11
2058 2113 2162 2139 sevrier
2182 2114 2258 2140 1262.

1412 2114 1506 2144 1297

1354 2196 1486 2224 Decernit
1510 2197 1673 2223 obtinentes
1701 2200 1881 2231 personatus,
1907 2197 2063 2232 dignitates
2085 2201 2111 2224 et
2130 2197 2223 2224 officia
2240 2198 2268 2224 in
2286 2206 2329 2225 ec-

1318 2245 1405 2272 clesia
1423 2246 1543 2273 Metensi
1563 2246 1590 2272 in
1607 2246 1821 2272 canonicatibus
1838 2247 1938 2272 eadem
1955 2246 2105 2273 occasione
2121 2246 2255 2277 obtentis,
2273 2255 2329 2274 non

1318 2295 1451 2322 obstante
1477 2294 1659 2321 revocatione
1688 2295 1846 2329 gratiarum
1879 2295 2150 2329 exspectativarum,
2179 2304 2328 2323 remanere

1316 2344 1430 2370 debere.
1446 2344 1524 2378 (Rue.
1538 2344 1581 2374 29,
1601 2343 1650 2370 sol.
1670 2344 1719 2371 108
1733 2349 1768 2375 νο,
1787 2349 1816 2370 n⁰
1825 2344 1900 2378 347.)

1357 2455 1371 2474 (‹
1385 2468 1391 2473 .
1403 2468 1409 2474 .
1421 2444 1536 2474 decano
1549 2449 1576 2474 et
1589 2443 1724 2484 capitulo
1738 2443 1930 2474 Metensibus.
1943 2444 2044 2479 Olim,
2058 2445 2228 2476 intellecto
2239 2446 2328 2484 quod

1315 2498 1350 2528 in
1367 2498 1511 2529 ecclesia
1529 2498 1671 2528 Metensi
1694 2497 1794 2527 multi
1814 2499 1908 2528 erant
1927 2498 2156 2529 diversimode
2174 2498 2237 2528 sub
2256 2508 2328 2538 pre-

1314 2551 1501 2582 bendarum
1542 2550 1775 2590 expectatione
1802 2551 1927 2590 recepti
1961 2553 1992 2582 et
2015 2551 2104 2591 quod
2131 2552 2248 2591 plures
2280 2551 2327 2582 ibi

1314 2604 1483 2643 prebende
1496 2605 1708 2640 vacaverant,
1722 2612 1786 2643 que
1800 2605 1879 2634 tnnc
1889 2604 1991 2634 etiam
2001 2604 2041 2635 de
2054 2604 2140 2635 facto
2151 2605 2325 2642 vacabant,

1314 2658 1469 2698 quodque
1482 2657 1553 2688 illis
1565 2657 1688 2697 quibus
1698 2657 1813 2688 eedem
1823 2657 1992 2696 prebende
2002 2657 2221 2692 debebantur,
2233 2658 2325 2697 ipsas

1314 2720 1380 2742 non
1395 2711 1598 2745 valentibus,
1618 2712 1755 2750 propter
1771 2710 1963 2750 aliquorum
1981 2711 2223 2748 resistentiam,
2240 2711 2325 2742 obti-

1313 2773 1404 2801 nere,
1421 2764 1618 2795 scandalum
1644 2772 1709 2794 non
1738 2763 1908 2794 modicum
1929 2766 2001 2794 erat
2031 2764 2065 2794 in
2083 2764 2157 2803 ipsa
2181 2765 2325 2795 ecclesia

1313 2818 1525 2853 suscitatum,
1542 2826 1614 2854 nos,
1643 2817 1784 2847 eandem
1811 2816 1989 2848 ecclesiam
2007 2825 2025 2847 a
2041 2817 2258 2848 multitudine
2275 2818 2323 2847 tot

1312 2871 1563 2910 expectantium
1590 2869 1736 2901 liberare
1765 2878 1802 2900 ac
1820 2870 1854 2900 in
1871 2878 1910 2900 ea
1927 2870 2084 2909 personis
2102 2869 2322 2900 benemeritis
