2519 3262
1053 191 1294 229 TROIsIEME
1327 191 1491 228 ANNEE.
2272 206 2310 234 93

229 293 245 313 »
265 283 341 314 dem
355 283 496 314 ecclesie
511 284 618 314 sancti
632 283 776 314 Servatii
790 283 895 322 recipi
910 284 939 313 et
954 282 989 312 in
1003 282 1153 316 fratrem,
1169 290 1241 310 con·
1270 285 1273 292 “

227 345 245 366 ))
265 337 464 368 tradictores
499 346 558 376 per
591 345 768 367 censuram
802 335 1067 366 ecclesiasticam
1093 342 1243 372 compes-

229 399 244 419 »
266 390 387 425 cendo,
407 399 443 421 36
458 391 547 420 idem
564 390 724 421 dominus
738 389 896 420 Urbanus
910 397 998 427 papa
1013 387 1079 417 IIII
1093 387 1242 417 decrevit

228 453 244 472 »
264 443 400 473 irritum
431 445 463 474 et
486 443 585 474 inane
607 443 637 473 si
661 451 759 472 secus
781 442 821 472 de
848 440 1021 480 prebenda
1047 440 1242 479 hujusmodi

229 506 245 526 »
265 497 444 535 contigerit
462 496 668 535 attemptari.
691 496 796 525 Porro
819 495 958 533 Syrnon,
979 494 1088 524 dictus
1106 493 1142 523 [Ie
1158 492 1243 522 Jlon-

228 558 245 579 »
265 549 550 586 tibus,canonicus
568 548 708 580 ecclesie
728 547 835 578 sancti
853 547 946 577 Petri
964 546 1177 582 Leofflensis,
1190 546 1243 576 cui

214 613 244 632 ·»
265 603 376 633 dictus
402 603 549 633 decanus
572 610 673 640 super
690 601 752 631 hoc
776 601 918 631 duxerat
936 600 1027 630 vices
1053 609 1134 630 suas
1154 609 1243 630 com-

228 664 246 685 »
263 656 456 692 mittendas,
480 680 498 686 ..
516 654 691 694 preposito
708 654 795 684 dicte
814 654 956 684 ecclesie
974 653 1082 684 sancti
1097 653 1243 684 Servatii

230 719 245 738 »
265 709 306 739 ad
316 718 417 748 quem
426 708 563 738 collatio
574 707 822 746 prebendarum
839 707 873 736 in
888 707 963 745 ipsa
981 706 1124 737 ecclesia
1138 707 1241 745 perti-

227 770 245 792 »
263 770 342 792 nere
353 762 490 798 dicitur,
502 763 533 791 et
545 761 694 799 capitulo
713 760 866 799 ejusdem
882 760 1023 790 ecclesie
1040 760 1240 790 auctoritate

228 825 244 844 »
264 815 431 845 dictarum
448 815 641 845 litterarum
661 813 809 844 inhibuit
832 822 872 843 ne
894 814 933 844 de
954 813 1125 852 prebenda
1140 822 1241 852 quam

227 877 243 898 »
261 868 373 907 primo
385 868 512 898 ibidem
522 876 640 898 vacare
655 867 876 906 contingeret,
889 867 1018 905 aliquid
1033 866 1241 904 ordinarent,

227 931 243 951 »
261 921 447 951 decernens
471 921 606 951 irritum
629 923 661 951 et
683 921 783 950 inane
805 920 834 950 si
854 928 951 950 secus
970 920 1177 959 contingeret
1195 921 1241 950 at-

228 984 243 1004 »
262 975 432 1013 temptari.
465 974 616 1013 Cumque
650 974 684 1004 in
715 974 805 1004 dicta
834 973 977 1004 ecclesia
1004 982 1064 1012 per
1097 975 1242 1004 mortem

225 1035 244 1057 »
262 1027 407 1063 Alberti,
419 1027 571 1066 ejusdem
581 1027 721 1057 ecclesie
739 1026 1085 1065 canonici,prebenda
1094 1029 1239 1063 vacaret,

225 1089 243 1111 »
263 1081 373 1111 dictus
387 1081 516 1120 Symon
535 1089 609 1111 eam
620 1080 753 1119 prefato
770 1079 896 1110 Thome
909 1083 1066 1110 canonice
1082 1081 1240 1115 contulit:

212 1122 243 1164 ’1)
262 1135 295 1165 et
317 1134 397 1173 (11113
414 1134 524 1164 dictus
542 1133 737 1172 prepositus
763 1133 904 1163 eandem
922 1133 1130 1172 prebendam
1152 1134 1241 1164 Hen-

227 1197 243 1217 »
262 1188 344 1224 rico,
359 1187 519 1218 canonico
536 1187 730 1222 Leodiensi,
744 1189 822 1217 nato
840 1186 967 1217 nobilis
981 1187 1047 1217 viri
1067 1209 1088 1216 ..
1108 1188 1242 1218 comitis

227 1250 243 1270 »
264 1240 303 1271 de
320 1241 399 1275 Los,
415 1241 552 1280 proprio
574 1242 669 1270 motu
687 1240 726 1270 de
745 1240 832 1270 facto
851 1240 1003 1270 conferre
1019 1241 1241 1280 presumpsit,

225 1301 244 1323 »
261 1294 372 1324 dictus
395 1293 542 1324 Thomas
568 1302 669 1332 super
687 1293 747 1323 hoc
766 1293 807 1323 ad
831 1293 947 1323 sedem
967 1293 1064 1323 duxit
1082 1294 1243 1333 apostoli-

227 1357 243 1377 »
262 1356 336 1377 cam
350 1347 604 1378 recurrendum.
620 1347 765 1385 Propter
779 1346 870 1385 quod
882 1347 1041 1377 dominus
1054 1356 1141 1386 papa
1152 1348 1242 1378 dicto

227 1410 243 1429 »
263 1400 388 1431 decano
401 1409 461 1439 per
475 1400 608 1431 litteras
624 1409 703 1430 suas
719 1400 869 1439 injunxit
885 1401 920 1430 ut
937 1400 1065 1430 dictum
1079 1400 1243 1431 Thomam

225 1462 244 1483 »
261 1454 314 1484 vel
330 1456 585 1492 procuratorem
602 1462 714 1490 suum,
734 1453 807 1492 ejus
822 1453 972 1490 nomine,
992 1453 1027 1483 in
1044 1454 1242 1484 canonicum

227 1516 243 1536 »
263 1509 294 1537 et
312 1507 347 1536 in
364 1507 505 1537 fratrem
528 1507 633 1545 recipi
656 1508 687 1537 et
708 1507 745 1536 ut
763 1506 963 1536 canonicum
990 1506 1077 1536 dicte
1101 1507 1242 1537 ecclesie

227 1570 242 1590 »
262 1560 402 1590 tractari
423 1560 547 1590 faceret
565 1562 597 1590 et
612 1559 742 1595 haberi,
768 1559 866 1598 eique
884 1560 924 1589 de
940 1559 1111 1598 prebenda
1129 1560 1158 1589 si
1177 1569 1243 1599 qua

225 1621 243 1643 »
261 1615 340 1644 tunc
354 1612 494 1644 vacabat
507 1613 646 1648 ibidem,
658 1621 716 1651 per
729 1622 764 1643 se
780 1613 832 1642 vel
847 1621 906 1651 per
921 1612 1027 1642 alium
1037 1613 1241 1651 provideret,

226 1677 242 1696 »
259 1667 357 1706 juxta
372 1667 524 1705 priorum
539 1666 782 1696 continentiam
800 1666 1009 1702 litterarum,
1035 1668 1066 1696 et
1084 1666 1112 1696 si
1131 1666 1242 1696 dictus

224 1729 242 1751 »
260 1720 456 1760 prepositus
473 1719 615 1750 eandem
639 1719 856 1758 prebendam,
879 1728 942 1758 que
961 1719 1025 1750 fuit
1045 1720 1168 1758 prefati
1185 1720 1243 1750 Al-

224 1782 243 1804 »
259 1773 358 1810 berti,
388 1774 466 1812 post
497 1772 734 1803 inhibitionem
762 1772 957 1812 hujusmodi
985 1772 1021 1802 in
1052 1773 1241 1803 elusionem

228 1837 244 1857 »
263 1826 414 1857 mandati
426 1826 616 1864 apostolici,
629 1825 689 1856 alii
704 1825 1243 1861 6011111111,61116111’1’1101116,1101166

225 1889 244 1910 »
262 1879 468 1919 prebendam
484 1879 519 1909 in
534 1879 704 1917 sepedicta
720 1879 864 1909 ecclesia
880 1878 1019 1917 pacifice
1036 1879 1138 1909 fuerit
1152 1888 1242 1909 asse-

226 1943 242 1963 »
262 1935 371 1969 cutus,
392 1933 431 1963 de
448 1931 670 1971 proventibus
688 1932 769 1962 dicti
787 1931 954 1970 prepositi
973 1933 1138 1971 quantum
1156 1932 1244 1962 vale-

226 1996 242 2016 »
262 1988 337 2017 rent
372 1985 548 2016 annuatim
578 1986 765 2024 proventus
800 1985 930 2024 prefate
961 1984 1130 2023 prebende
1161 1985 1243 2015 dicti

225 2050 240 2070 »
259 2039 406 2076 Alberti,
430 2039 568 2073 faceret,
594 2038 692 2069 annis
715 2038 873 2077 singulis,
895 2038 1075 2077 assignari.
1101 2038 1142 2069 Et
1164 2038 1245 2077 quia

222 2101 240 2123 »
260 2093 372 2123 dictus
390 2092 597 2131 prepositus,
610 2093 688 2130 post
706 2092 830 2122 dictam
848 2091 1098 2128 inhibitionem,
1118 2092 1244 2122 dictam

224 2146 466 2185 »prebendam
494 2154 559 2184 que
585 2145 650 2175 fuit
679 2145 802 2184 prefati
824 2144 970 2182 Alberti‚
990 2145 1025 2175 in
1053 2145 1244 2175 elusionem

224 2208 240 2229 »
260 2199 412 2230 mandati
431 2198 609 2237 apostolici
637 2199 697 2229 alii
717 2199 870 2235 contulit,
893 2198 1004 2228 dictus
1030 2198 1170 2237 Symon,
1190 2199 1244 2229 cui

225 2262 240 2282 »
258 2252 412 2292 prefatus
429 2252 577 2283 decanus
591 2252 713 2283 iterato
730 2252 949 2282 commiserat
958 2253 1050 2282 vices
1062 2260 1154 2288 51135,
1169 2260 1243 2291 pre-

225 2313 244 2335 »
261 2305 412 2345 positum
426 2305 617 2344 predictum
628 2304 761 2335 monuit
773 2305 953 2344 diligenter
964 2306 1001 2335 ut
1012 2305 1100 2335 dicto
1117 2304 1243 2335 Thome
1274 2315 1275 2323 ¹

225 2368 242 2388 »
261 2359 300 2389 de
319 2358 541 2397 proventibus
562 2358 649 2389 dicte
667 2359 882 2397 prepositure
902 2360 1067 2397 quantum
1092 2358 1243 2388 valerent

227 2411 438 2442 »annuatim
457 2413 643 2450 proventus
669 2412 756 2442 dicte
782 2411 963 2451 prebende,
989 2420 1053 2450 que
1073 2411 1137 2442 fuit
1163 2411 1244 2442 dicti

226 2473 244 2494 »
262 2464 413 2501 Alberti,
439 2473 525 2504 quos
554 2467 739 2504 proventus
767 2465 807 2495 ad
836 2465 987 2496 valorem
1019 2465 1245 2504 quadraginta

227 2525 245 2547 »
263 2525 454 2547 marcarum
486 2517 715 2549 leodiensium
747 2519 938 2554 extimavit,
969 2519 1068 2549 annis
1098 2518 1244 2558 singulis

229 2580 244 2600 »
264 2570 466 2610 assignaret.
483 2570 525 2601 Et
542 2571 622 2610 quia
638 2571 749 2602 dictus
766 2572 961 2610 prepositus
978 2572 1012 2602 id
1028 2571 1137 2602 facere
1152 2581 1244 2602 recu-

227 2633 244 2653 »
264 2624 363 2659 savit,
376 2624 487 2654 dictus
502 2623 631 2662 Symon
646 2624 681 2654 111
694 2625 839 2655 eundem
852 2626 1076 2664 prepositum,
1088 2625 1243 2664 exigente

229 2687 245 2707 »
261 2677 408 2716 justitia,
419 2677 778 2708 excommunicationis
790 2678 992 2709 sententiam
1001 2679 1241 2718 promulgavit.

225 2738 245 2760 »
261 2730 372 2767 Quare
390 2730 475 2769 petit
493 2730 602 2761 dictus
623 2730 771 2761 Thomas
789 2740 848 2770 per
870 2733 1019 2762 vestram
1039 2732 1243 2763 sententiam
1274 2759 1275 2766 ,

226 2793 242 2814 »
261 2784 392 2814 dictum
425 2783 640 2822 prepositum
674 2783 741 2822 ipsi
772 2784 899 2815 Thome
937 2785 1179 2823 condempnari
1212 2786 1244 2816 et
1273 2786 1275 2808 ἒ

228 2846 244 2867 »
264 2836 423 2875 compelli
440 2836 482 2867 ad
496 2837 701 2868 solutionem
722 2837 890 2868 dictarum
912 2838 1136 2877 quadraginta
1158 2846 1245 2868 mar-

228 2899 244 2921 »
263 2899 392 2924 carum,
413 2890 512 2920 annis
535 2890 694 2929 singulis,
723 2889 962 2921 solvendarum
978 2892 1048 2921 tam
1072 2899 1134 2929 pro
1158 2892 1242 2922 tem-

1304 289 1320 309 »
1341 289 1420 318 pore
1447 283 1616 312 transacto
1640 291 1741 321 quam
1758 291 1817 321 pro
1837 284 1959 318 futuro,
1986 287 2016 314 et
2037 285 2160 315 dictam
2184 296 2314 318 excom-

1304 341 1320 361 »
1340 334 1581 365 municationis
1608 336 1811 366 sententiam
1839 345 1946 375 11511116
1979 338 2020 367 311
2049 339 2314 370 53115136111316111

1304 394 1321 414 »
1339 387 1539 426 condignam
1549 388 1670 419 debere
1683 389 1928 419 inviolabiliter
1942 390 2128 426 observari,
2139 401 2314 431 quousque

1304 448 1321 468 »
1340 439 1406 470 sibi
1423 441 1599 479 provisum
1618 441 1721 472 fuerit
1737 442 1775 471 de
1800 442 1970 480 prebenda
1987 444 2019 473 in
2038 444 2181 474 ecclesia
2199 454 2314 484 supra-

1306 556 1321 573 »
1340 548 1406 576 tus.
1425 546 1514 577 Petit
1535 547 1636 577 etiam
1658 548 1791 578 decerni
1815 550 1846 578 et
1866 548 2030 579 declarari
2050 549 2176 579 dictum
2199 560 2316 589 prepo-

1306 609 1320 628 »
1342 600 1446 630 situm
1463 603 1493 630 et
1510 601 1695 640 capitulum
1715 602 1966 640 compellendos
1987 605 2021 633 ut
2039 604 2152 642 ipsum
2174 604 2316 636 debeant

1306 664 1321 682 »
1341 653 1427 684 sicut
1449 663 1548 684 suum
1567 655 1705 685 fratrem
1723 657 1753 685 et
1769 657 2030 686 concanonicum
2047 660 2264 695 pertractare,
2285 660 2315 688 et

1306 717 1320 735 »
1341 707 1430 745 1111011
1447 707 1513 737 sibi
1531 708 1570 738 de
1586 708 1696 746 prima
1712 709 1882 747 prebenda
1899 718 1999 748 11113111
2018 710 2051 740 in
2070 710 2158 740 dicta
2175 711 2317 741 ecclesia

1305 770 1320 788 »
1339 769 1458 791 vacare
1491 761 1680 799 contigerit,
1699 761 1841 792 debeant
1872 763 2061 801 providere.
2094 764 2181 794 Petit
2214 765 2317 794 etiam

1304 822 1321 843 »
1341 813 1466 856 dictum
1485 814 1698 852 prepositum
1721 815 1961 854 condempnari
1983 816 2016 845 in
2040 817 2200 855 expensis
2219 818 2317 847 sactis

1304 876 1321 895 »
1340 869 1372 897 et
1389 868 1596 905 protestatur
1616 867 1655 897 de
1678 868 1854 904 t'aciendiS,
1874 877 1958 907 quas
1979 871 2129 908 tempore
2151 871 2317 901 sententie

1304 929 1321 949 »
1339 920 1535 950 declarabit.
1552 921 1622 951 Hec
1634 921 1715 951 dicit
1727 921 1837 951 dictus
1854 921 2001 952 Thomas
2016 923 2205 961 salvojure,
2224 926 2285 954 etc.
2302 936 2316 953 n

1345 983 1359 1002 «
1373 973 1480 1012 Super
1496 982 1561 1012 11110
1574 974 1690 1004 libello
1705 974 1831 1013 juravit
1844 975 1953 1005 dictus
1966 975 2112 1005 Thomas
2125 976 2164 1006 de
2174 977 2317 1006 veritate

1304 1027 1445 1057 dicenda
1457 1028 1488 1057 et
1504 1027 1640 1057 fuerunt
1659 1028 1793 1057 articuli
1811 1028 1940 1063 traditi,
1955 1030 2059 1058 testes
2071 1030 2224 1067 producti
2241 1030 2316 1059 ‹lili-

1303 1082 1420 1119 genter
1432 1080 1617 1110 examinati
1630 1082 1660 1110 et
1675 1080 1910 1119 sollempniter
1920 1081 2094 1119 publicati,
2106 1082 2317 1120 disputatum

1304 1143 1406 1173 super
1434 1134 1534 1164 dictis
1561 1134 1713 1169 testium,
1743 1134 1855 1164 littere
1884 1134 2026 1173 predicti
2055 1135 2183 1165 domini
2208 1137 2316 1166 nostri

1304 1196 1406 1226 super
1430 1187 1537 1226 gratia
1565 1187 1652 1217 dicto
1681 1187 1807 1218 Thome
1827 1187 1947 1218 clerico
1968 1188 2065 1223 facta,
2087 1196 2200 1218 coram
2219 1189 2318 1219 nobis

1304 1239 1465 1276 exhibite,
1490 1248 1670 1279 processus
1694 1239 1801 1270 habiti
1823 1241 2020 1271 auctoritate
2045 1241 2211 1272 dictarum
2229 1242 2317 1272 litte-

1303 1301 1418 1323 rarum
1438 1301 1497 1331 per
1516 1294 1715 1323 executores
1733 1293 1813 1323 dicti
1833 1293 1959 1323 Thome
1976 1294 2131 1332 producti
2149 1295 2189 1324 ad
2208 1295 2317 1333 ipsius

1304 1346 1430 1376 Thome
1454 1346 1677 1376 intentionem
1702 1346 1918 1377 fundandam.
1942 1346 2072 1382 Quibus
2090 1347 2174 1377 visis
2192 1350 2223 1378 et
2242 1348 2316 1377 dili-

1304 1402 1420 1439 genter
1440 1399 1614 1438 inspectis,
1636 1399 1678 1428 ad
1705 1399 1867 1438 majorem
1896 1399 2142 1438 1110113110116111,
2167 1400 2317 1430 delatum

1304 1454 1368 1483 fuit
1384 1453 1474 1483 dicto
1486 1452 1613 1482 Thome
1626 1453 1857 1491 J'uramentum
1873 1461 1974 1491 super
1989 1453 2050 1483 hoc
2064 1454 2153 1492 quod
2166 1454 2316 1492 preposi-

1304 1508 1359 1537 tus
1371 1506 1544 1545 predictus
1561 1506 1595 1534 in
1611 1505 1801 1535 elusionem
1814 1506 1964 1536 mandati
1979 1506 2157 1544 apostolici
2174 1507 2316 1536 contulit

1305 1559 1363 1590 alii
1389 1558 1594 1597 prebendam
1623 1567 1687 1597 que
1715 1558 1780 1588 fuit
1798 1559 1941 1592 Alberti,
1967 1559 2136 1597 quondam
2163 1560 2316 1589 canonici

1305 1612 1543 1651 Trajectensis,
1557 1611 1623 1640 sibi
1640 1610 1801 1646 debitam,
1813 1613 1844 1641 et
1863 1611 1950 1650 quod
1969 1612 2057 1642 dicta
2073 1611 2243 1650 prebenda
2259 1621 2316 1642 va-

1303 1665 1394 1696 lebat
1423 1665 1646 1704 quadraginta
1672 1673 1803 1694 marcas
1836 1665 2026 1695 leodienses
2055 1666 2242 1695 annuatim.
2274 1666 2315 1695 Et

1303 1718 1440 1749 tandem
1456 1718 1653 1748 conclusum
1671 1717 1733 1748 fuit
1754 1717 1788 1747 in
1804 1718 1937 1756 negotio
1955 1718 1994 1748 de
2012 1719 2087 1757 jure
2105 1720 2137 1748 et
2153 1719 2193 1748 de
2214 1719 2313 1753 facto,

1304 1773 1336 1802 et
1353 1771 1520 1802 sententia
1539 1770 1722 1801 diffinitiva
1739 1779 1815 1800 cum
1835 1771 1998 1801 instantia
2026 1772 2207 1809 postulata,
2232 1774 2263 1802 et
2282 1772 2317 1802 in

1305 1824 1456 1864 qualibet
1472 1824 1669 1859 mutatione,
1688 1826 1719 1854 et
1737 1823 1899 1854 dilatione
1914 1824 2039 1863 negotii
2058 1824 2201 1854 fecimus
2220 1825 2317 1854 citari

1304 1879 1339 1908 in
1356 1878 1528 1908 audientia
1547 1877 1683 1915 publica
1702 1877 1828 1907 dictum
1849 1877 2060 1916 prepositum
2076 1877 2129 1907 vel
2152 1878 2225 1916 ejus
2243 1887 2318 1916 pro·

1305 1933 1508 1967 curatorem,
1526 1932 1558 1961 et
1583 1930 1789 1969 specialiter,
1810 1931 1938 1969 pluries
1962 1933 1991 1961 et
2014 1931 2253 1969 peremptorie,
2277 1932 2319 1962 ad

1305 1985 1524 2015 diffinitivam
1541 1984 1745 2014 sententiam
1762 1983 1976 2014 audiendam.
1993 1984 2088 2014 Unde
2104 1992 2175 2019 nos,
2190 1984 2320 2023 predic-

1304 2039 1360 2069 tus
1376 2037 1480 2068 abbas
1495 2037 1704 2072 Lesatensis,
1717 2037 1847 2067 domini
1859 2046 1943 2076 pape
1961 2037 2179 2076 cappellanus
2197 2039 2229 2068 et
2246 2038 2320 2076 ejus

1304 2091 1424 2130 palatii
1452 2099 1633 2122 causarum
1655 2090 1825 2129 generalis
1851 2091 1995 2126 auditor,
2026 2090 2153 2121 Christi
2183 2091 2320 2121 nomine

1305 2145 1472 2180 invocato,
1491 2144 1617 2174 auditis
1636 2146 1666 2174 et
1685 2144 1865 2182 diligenter
1880 2144 2044 2183 inspectis
2060 2144 2221 2182 petitione
2238 2144 2321 2174 dicti

1305 2197 1444 2233 Thome,
1462 2197 1587 2228 litteris
1604 2197 1732 2227 domini
1749 2197 1869 2233 nostri,
1886 2196 2104 2236 processibus
2119 2197 2244 2227 habitis
2260 2205 2321 2236 per

1305 2253 1505 2282 executores
1524 2259 1651 2287 earum,
1668 2250 1940 2289 depositionibus
1958 2250 2109 2287 testium,
2130 2250 2320 2281 rationibus

1306 2307 1336 2336 et
1360 2304 1622 2344 allegationibus
1637 2303 1726 2342 juris
1744 2305 1776 2334 et
1795 2303 1875 2333 facti
1898 2305 1929 2334 et
1950 2303 2108 2333 omnibus
2125 2312 2188 2342 que
2209 2303 2320 2333 dictus

1305 2358 1454 2388 Thomas
1479 2357 1587 2387 voluit
1616 2365 1803 2395 proponere
1829 2365 1943 2386 coram
1965 2356 2075 2392 nobis,
2103 2356 2320 2387 conclusione

1305 2411 1394 2442 sacta
1425 2411 1459 2440 in
1493 2411 1581 2440 dicto
1616 2409 1749 2448 negotio
1783 2411 1815 2440 et
1848 2409 2016 2440 sententia
2048 2418 2124 2439 cum
2156 2409 2320 2439 instantia

1305 2464 1487 2504 postulata,
1505 2464 1559 2494 die
1575 2463 1617 2493 ad
1632 2462 1870 2502 proferendam
1880 2462 2098 2493 diffinitivam
2115 2463 2318 2493 sententiam

1304 2517 1532 2557 peremptorie
1563 2516 1748 2555 assignata,
1767 2516 1846 2555 quia
1869 2515 1967 2546 nobis
1994 2515 2146 2546 constitit
2162 2524 2222 2554 per
2244 2524 2319 2554 pro·

1305 2579 1423 2602 cessus
1439 2570 1610 2609 predictos
1631 2571 1662 2599 et
1681 2569 1769 2599 dicta
1786 2569 1925 2599 testium
1943 2568 2149 2607 prebendam
2173 2577 2237 2607 que
2256 2569 2320 2598 fuit

1305 2624 1476 2663 quondam
1492 2623 1637 2658 Alberti,
1655 2622 1808 2653 canonici
1826 2622 2066 2661 'l'rajectensis,
2087 2622 2174 2652 dicto
2191 2621 2318 2652 Thome

1273 2667 1275 2682 ³
1304 2679 1384 2708 tunc
1411 2677 1571 2713 debitam,
1593 2676 1627 2706 in
1654 2675 1843 2706 elusionem
1871 2675 2022 2706 mandati
2053 2674 2181 2705 domini
2210 2674 2319 2704 nostri

1305 2739 1380 2762 esse
1407 2730 1465 2761 alii
1489 2729 1660 2766 collatam,
1684 2730 1717 2760 et
1738 2729 1828 2768 quod
1851 2728 1986 2759 valebat
2011 2731 2042 2758 et
2064 2728 2153 2758 valet
2175 2727 2318 2766 quadra-

1304 2784 1398 2823 ginta
1422 2791 1554 2814 marcas
1575 2782 1767 2813 leodienses
1786 2782 1974 2819 annuatim,
1992 2782 2125 2820 recepto
2143 2781 2245 2811 etiam
2263 2788 2317 2810 su-

1304 2846 1364 2877 per
1386 2837 1452 2867 hiis
1470 2836 1663 2876 juramento
1689 2844 1707 2866 a
1727 2835 1816 2866 dicto
1835 2835 1963 2865 Thoma
1985 2842 2087 2873 super
2102 2833 2164 2863 hoc
2183 2842 2201 2863 3
2218 2832 2316 2863 nobis

1305 2890 1372 2921 sibi
1389 2890 1512 2924 delato,
1531 2890 1666 2928 recepta
1680 2897 1699 2919 a
1712 2888 1863 2928 predicto
1881 2887 2017 2918 domino
2036 2887 2152 2918 nostro
2169 2881 2315 2925 pronun-
