2659 3242
142 543 211 570 1263

158 798 173 814 ))
247 799 261 813 ))

158 1042 171 1057 »
241 1033 273 1060 31
281 1056 286 1061 .

154 1677 168 1692 ))
258 1677 270 1691 ))

119 2013 191 2038 aofit
216 2010 241 2037 1.

158 2166 172 2181 ))
228 2166 243 2182 >l

155 2508 170 2522 Π
227 2507 240 2521 ))

286 543 405 573 ΟΤυίεεο.

122 592 226 626 juillet
242 592 288 620 30.

954 258 1110 288 TABLES
1135 259 1187 290 DU
1210 259 1412 291 REGISTRE
1435 261 1627 293 D’URBAIN
1651 263 1690 293 lV
2460 273 2517 302 105

1085 353 1156 376 Pagos,
1187 353 1250 373 Num&
1255 359 1296 373 rou.

449 399 514 433 ipse
532 398 708 431 injunxerit
720 399 844 427 Pisanis
858 402 892 427 ut
909 399 945 426 ab
962 401 1080 427 exerci-
1371 403 1438 430 1263

446 448 496 473 tus
531 447 774 482 congregatione
795 451 906 476 contra
937 449 1082 476 Lucanos
1351 454 1423 480 aont
1446 454 1473 479 2.

443 495 570 523 omnino
587 495 757 524 desistant.

481 544 634 577 Magistro
654 545 800 579 Gualoni,
821 545 1010 581 apostolicae
1032 548 1103 579 ετξ-1
1140 546 1207 580 1491
1240 548 1293 575 320

443 592 492 620 dis
519 593 634 628 legato,
658 594 786 621 mandat
818 595 902 629 apud
932 595 1077 622 Lucanos
1385 607 1399 622 »

446 642 571 670 insistat
600 645 636 669 ut
662 643 843 670 mandatum
869 643 1078 678 apostolicum

442 699 536 726 super
563 691 697 726 negotiis
728 693 900 728 praedictis
929 693 1078 720 studeant

440 740 631 776 adimplere.

479 790 628 825 Capitulo
647 790 803 818 Abulensi
822 790 951 818 mandat
971 791 1079 826 quati·
1097 792 1102 824 1
1135 791 1186 819 152
1204 794 1207 824 1
1241 792 1290 820 331

445 846 503 866 nus
524 839 736 872 Dominicum‚
752 840 789 866 de
807 840 914 866 ordine
941 840 1078 867 fratrum

443 887 619 918 Minorum.
639 888 677 915 ad
701 888 868 916 ecclesiam
886 888 1078 916 Abulensem
1165 890 1171 899 '
1384 902 1397 917 υ

444 935 664 969 procedentem
683 935 854 964 admittant
878 939 908 963 et
926 936 986 970 ipsi
1006 938 1078 963 tan-

443 992 538 1019 quam
555 985 674 1019 pastori
689 985 865 1012 intendant.

478 1033 621 1060 Dominis
637 1033 674 1060 de
690 1034 810 1060 Arrone
828 1037 858 1060 et
874 1034 911 1060 de
924 1033 1079 1061 Castello-
1094 1036 1099 1068 1
1131 1035 1183 1064 147
1202 1038 1205 1068 1
1239 1037 1290 1064 315

443 1081 530 1108 lacus
554 1083 682 1109 nuntiat
706 1090 737 1109 se
761 1084 900 1110 castrum
922 1083 1081 1118 Peroculi,

442 1130 627 1166 Spoletanae
653 1131 799 1163 diocesis,
829 1131 913 1166 quod
946 1132 979 1159 in
1009 1133 1077 1160 suis

441 1179 588 1206 manibus
622 1181 880 1215 resignaverunt,
897 1180 1076 1216 Spoletanis

440 1236 499 1255 non
517 1229 742 1256 restituturum
761 1237 845 1261 esse;
862 1231 888 1256 si
910 1239 983 1258 vero
1007 1238 1076 1258 con-

438 1277 547 1312 tigerit
569 1285 601 1304 se
620 1277 724 1313 ipsum
742 1278 927 1314 Spoletanos
945 1279 983 1306 ad
1001 1287 1070 1314 gra·
1385 1294 1397 1306 ›‚

441 1326 517 1353 tiam
544 1326 736 1361 apostolicae
772 1327 854 1354 sedis
891 1327 1072 1364 admittere,

440 1375 471 1401 in
487 1376 590 1410 pactis
600 1376 816 1403 continebitur
833 1384 977 1412 expresse
994 1377 1074 1405 lihe-

440 1423 520 1450 ratio
541 1427 698 1450 certorum
716 1424 856 1451 virorum
878 1425 915 1451 de
939 1427 1071 1458 Arrone‚

438 1471 475 1498 de
493 1472 711 1500 Castro-lacus
732 1475 761 1499 et
784 1472 820 1500 de
842 1475 928 1500 terra
946 1482 1071 1501 monas-

438 1521 514 1549 terii
536 1521 572 1548 de
602 1521 803 1553 Ferentillo;
834 1530 930 1557 super
959 1526 1062 1551 castro

441 1572 546 1597 autem
571 1569 792 1597 Montisfranci
822 1571 898 1606 ipsis·
930 1571 1072 1606 justitiae

443 1618 708 1653 complementum
725 1618 899 1646 exhibebit.

474 1667 579 1694 Priori
605 1667 740 1694 fratrum
759 1668 1020 1696 Praedicatorum
1042 1669 1096 1702 1111
1131 1669 1201 1703 1481
1235 1671 1286 1698 319

440 1716 556 1743 Tuscia
570 1717 698 1743 mandat
710 1720 868 1751 quatenus
879 1718 963 1752 apud
976 1718 1074 1745 Luca·
1381 1731 1395 1746 »

440 1773 494 1792 nos
511 1773 566 1801 per
583 1765 685 1800 ipsum
704 1767 734 1792 et
748 1766 849 1800 ipsius
864 1767 1072 1801 consanguin-

439 1822 490 1842 eos
507 1814 636 1841 insistat
652 1817 687 1840 ut
705 1822 721 1840 a
740 1815 1002 1850 Castri-Aginulfi
1022 1817 1074 1843 ob-

439 1863 559 1890 sidione
578 1854 739 1898 recedant,
755 1865 800 1890 ita
812 1864 895 1898 quod
905 1864 1072 1892 inchoatus

437 1912 499 1946 jam
530 1920 625 1947 super
655 1913 781 1947 negotio
807 1915 893 1948 pacis
918 1915 1074 1941 tractatus

439 1960 559 1987 exitum
581 1961 683 1988 valeat
700 1961 815 1988 habere
831 1962 968 1991 felicem.

473 2008 686 2043 Benevenuto,
717 2010 939 2038 archidiacono
968 2013 1091 2046 Anco-l
1127 2013 1200 2046 1531
1235 2014 1288 2042 332

439 2059 558 2090 nitano,
577 2059 727 2086 ecclesiae
745 2061 940 2087 Auximanae
963 2069 1076 2094 procu-

442 2108 594 2135 rationem
609 2108 790 2135 committit.
1146 2139 1148 2141 ,

475 2156 648 2183 Guillelmo
665 2157 702 2185 de
725 2157 925 2185 Villarduino
946 2159 1096 2194 mandat}
1132 2161 1181 2188 151
1201 2162 1206 2194 1
1235 2162 1288 2189 325
1381 2172 1396 2187 »

438 2207 596 2240 quatenus
630 2207 662 2232 in
690 2205 741 2233 his
779 2215 859 2241 quae
895 2208 1002 2235 Simon
1037 2208 1073 2235 de

438 2254 599 2285 Alvernia,
630 2255 743 2282 Petrus
763 2256 799 2282 de
821 2256 936 2288 Moras,
961 2257 1074 2284 Petrus

437 2302 474 2329 de
493 2303 597 2330 Crista
615 2306 645 2330 et
658 2304 840 2331 Bonifacius
855 2305 891 2332 de
907 2305 1074 2341 Yporegia‚

437 2352 555 2379 ordinis
578 2352 751 2385 Minorum,
770 2354 829 2388 ipsi
852 2354 1004 2382 duxerint
1025 2356 1074 2382 in-

436 2401 607 2436 jungenda,
639 2402 811 2436 praedictis
841 2403 997 2431 fratribus
1028 2404 1072 2431 in-

438 2449 557 2477 tendat.

474 2498 680 2525 Patriarcliae
717 2499 912 2527 Antiocheno
946 2501 1096 2536 mandat!
1130 2503 1202 2536 1591
1234 2503 1287 2531 338

440 2549 597 2580 quatenus
617 2546 708 2573 fratri
723 2547 895 2575 Guillelmo
912 2549 948 2575 de
966 2551 1073 2577 Fraxi-
1381 2564 1394 2578 υ

441 2597 511 2620 neto
527 2594 664 2628 anglico,
686 2595 722 2622 de
742 2596 850 2623 ordine
872 2598 1070 2627 Praedicato-

441 2650 523 2677 rum,
553 2650 608 2678 per
639 2645 822 2680 episcopum
854 2647 1074 2683 Portuensem,

440 2691 526 2718 nullo
552 2692 612 2726 ipsi
640 2693 813 2728 episcopali
843 2696 1002 2730 assignato
1039 2699 1078 2724 ti·
1382 2710 1394 2723 ¹)

440 2741 517 2770 tulo,
547 2740 577 2767 in
610 2741 790 2777 episcopum
815 2748 1007 2777 consecrato,
1036 2747 1073 2773 de

440 2789 609 2824 episcopali
623 2790 716 2817 titulo
737 2792 871 2826 alicujus
891 2794 1074 2829 metropoli-

440 2839 530 2865 tanae
549 2838 711 2869 ecclesiae,
730 2841 897 2875 providere
915 2846 1075 2879 procuret,

439 2887 603 2922 eidemque
620 2887 752 2922 pallium
775 2889 926 2923 conferat,
949 2895 1072 2927 recepto

439 2935 603 2963 fidelitatis
628 2937 740 2964 solitae
760 2938 951 2972 juramentO.

1517 404 1633 432 Orvieto.

1446 892 1461 918 ,ἰὴ

2300 363 2377 389 Fuga.
2405 364 2516 386 Numerus.

1708 407 1854 442 Capitulo
1904 408 2054 435 ecclesiae
2109 411 2327 446 Auximanael
2361 412 2431 447 1531
2462 413 2516 441 332

1670 455 1782 482 scribit
1796 456 1832 483 de
1846 458 2068 492 procuratione
2081 458 2112 485 in
2130 459 2237 487 eadem
2254 467 2306 487 ec·
2458 461 2515 497 [his]

1671 504 1764 531 clesia
1779 504 1991 540 Benevenuto,
2007 507 2227 534 archidiacono
2242 510 2301 535 An-

1669 553 1823 585 conitano,
1843 555 2020 582 commissa.

1704 602 1797 628 Petro
1819 602 1958 637 Garsiae,
1982 603 2202 631 archidiacono
2227 605 2322 638 Bra-l
2358 606 2430 640 1531
2463 608 2515 635 333

1667 649 1824 679 charensi.
1870 651 2143 679 considerationne
2174 653 2218 683 J.,
2260 662 2300 681 SS-

1667 699 1799 727 Cosmae
1816 702 1847 725 et
1862 700 2009 727 Damiani
2023 701 2147 729 diaconi
2161 702 2304 730 cardina-

1668 747 1717 781 lis,
1736 747 1859 774 defectu
1885 749 2038 776 natalium
2065 758 2124 777 non
2145 752 2301 784 obstante,

1668 796 1811 831 indulget
1827 799 1861 823 ut
1879 797 1915 823 ad
1935 798 2143 833 episcopalem
2162 800 2303 834 dignita—

1668 848 1730 871 tem
1751 845 1827 879 eligi
1847 846 1960 874 valeat.

1704 893 1855 928 Magistro
1880 895 2002 929 Heliae,
2022 898 2172 924 canonico
2193 898 2323 933 Belva-l
2360 900 2430 936 1521
2463 901 2516 929 328

1668 944 1764 977 censi,
1783 943 1910 970 mandat
1927 949 2083 978 quatenus
2102 945 2138 972 ad
2162 950 2300 975 castrum

1666 991 1702 1017 de
1724 992 1999 1025 Sancto—Gemino,
2023 995 2174 1022 ecclesiae
2189 996 2302 1023 Roma-

1666 1047 1721 1066 nae
1744 1040 1940 1073 demanium,
1958 1050 1988 1069 se
2006 1044 2215 1077 personaliter
2232 1053 2301 1072 con-

1667 1088 1758 1123 serat,
1788 1092 1818 1116 et
1844 1098 1915 1117 cum
1938 1091 2100 1126 aliquibus
2127 1093 2300 1128 sapientio-

1669 1138 1757 1165 ribus
1767 1139 1868 1174 ipsius
1884 1141 1979 1168 castri
1992 1140 2174 1169 hominibus
2185 1146 2298 1171 tractet

1666 1187 1703 1214 de
1719 1187 1906 1216 invenienda
1921 1198 1993 1217 area
2012 1190 2043 1217 in
2059 1199 2121 1226 qua
2142 1201 2199 1218 arx
2221 1193 2301 1228 erigi

1666 1237 1773 1272 possit.

1700 1285 1891 1313 Hominibus
1922 1289 2023 1315 terrae
2056 1289 2092 1315 de
2126 1290 2322 1324 Ferentillol
2360 1292 2429 1325 1521
2463 1293 2515 1321 329

1669 1334 1795 1362 mandat
1811 1338 1968 1370 quatenus
1991 1337 2083 1364 fratri
2109 1338 2302 1373 Raymundo,

1666 1383 1787 1409 ordinis
1816 1383 1950 1411 Militiae
1982 1386 2118 1420 Templi,
2142 1395 2236 1421 quem
2264 1388 2301 1414 ad

1667 1435 1804 1460 castrum
1819 1433 1976 1468 Peroculi,
1994 1435 2179 1469 Spoletanae
2198 1436 2304 1464 dioce-

1665 1481 1719 1513 sis,
1737 1489 1793 1515 pro
1809 1481 1950 1516 ipsorum
1962 1484 2100 1518 partium
2118 1484 2196 1511 bono
2218 1488 2301 1513 statu

1665 1529 1814 1562 destinat,
1834 1530 1865 1557 in
1884 1530 1933 1557 his
1955 1540 2034 1566 quae
2054 1532 2090 1559 ad
2113 1534 2300 1567 custodiam,

1667 1579 1876 1606 munitionem
1903 1588 1937 1606 ac
1964 1580 2178 1609 defensionem
2205 1582 2307 1618 ipsius

1666 1627 1761 1653 castri
1785 1628 1957 1662 pertinent,
1978 1629 2142 1657 intendant
2163 1634 2191 1658 et
2212 1632 2301 1659 favo-

1666 1681 1730 1701 rem
1748 1674 1942 1709 impendant.

1700 1723 1816 1751 Abbati
1833 1726 1862 1750 et
1879 1725 2044 1752 conventui
2058 1727 2241 1754 monasterii
2259 1727 2295 1755 de
2314 1728 2318 1761 1
2353 1728 2405 1755 160
2421 1729 2425 1762 1
2459 1727 2512 1755 342

1664 1772 1841 1799 Nonantula
1850 1772 1970 1799 inhibet
1982 1781 2018 1800 ne
2033 1778 2170 1802 castrum
2182 1776 2300 1803 Sancti·

1665 1821 1814 1856 Moriani,
1829 1821 1927 1848 situm
1947 1822 1978 1848 in
2004 1823 2084 1849 valle
2106 1824 2194 1859 Arni,
2224 1825 2307 1860 quod

1664 1869 1702 1896 ad
1720 1871 1824 1904 ipsum
1845 1872 2071 1898 monasterium
2093 1872 2124 1898 in
2143 1875 2301 1908 tempora-

1666 1919 1748 1945 libus
1773 1919 1863 1954 plene
1891 1921 2039 1955 pertinet,
2065 1921 2211 1957 vendere,
2240 1922 2300 1949 dis-

1666 1968 1803 1998 trahere,
1830 1969 2012 2003 concedere,
2036 1979 2226 2007 permutare,
2252 1973 2302 1999 in-

1665 2016 1793 2044 feudare
1831 2026 1884 2044 seu
1912 2019 1945 2045 in
1978 2020 2209 2054 emphyteosim
2245 2024 2300 2048 aut

1665 2065 1703 2092 ad
1732 2074 1858 2093 censum
1881 2067 1956 2094 dare
1977 2076 2030 2094 stu
2055 2068 2133 2095 alias
2160 2070 2298 2097 alienare

1664 2119 1878 2150 praesumant.

1700 2164 1814 2191 Abbati
1832 2164 1868 2191 de
1886 2166 2013 2201 Spugna
2040 2167 2167 2194 mandat
2184 2170 2297 2200 quate-
2315 2170 2320 2201 1
2354 2169 2404 2195 160
2422 2170 2426 2201 1
2460 2169 2512 2197 343

1665 2221 1724 2239 nus
1741 2217 1771 2240 et
1783 2214 1847 2248 ipse
1865 2215 2059 2248 praedictam
2078 2215 2297 2244 inhibitionem

1665 2261 1771 2288 abbati
1795 2265 1827 2289 et
1854 2264 2022 2290 conventui
2050 2266 2235 2292 monasterii
2261 2269 2298 2293 de

1664 2311 1845 2338 Nonantula
1866 2311 1967 2339 facere
1995 2318 2143 2347 procuret
2165 2322 2199 2340 ac
2226 2314 2299 2340 irri—

1665 2363 1729 2385 tum
1752 2362 1782 2386 et
1807 2360 1897 2387 inane
1919 2361 2078 2393 decernat,
2097 2362 2121 2387 si
2139 2370 2227 2388 secus
2244 2362 2298 2389 ‹lu-

1665 2408 1768 2435 xerint
1785 2410 2060 2444 praesumendum,
2080 2415 2107 2437 ct
2128 2411 2164 2437 dc
2183 2411 2295 2438 inbibi-

1663 2458 1746 2484 tione
1776 2461 1806 2484 et
1833 2458 1956 2486 decreto
1979 2458 2157 2493 hujusmodi
2189 2460 2298 2488 confici

1664 2507 1762 2533 faeiat
1780 2506 1942 2541 publicum
1963 2508 2219 2535 instrumentum.

1703 2555 1899 2590 Dis-pensatio
1916 2565 2009 2591 super
2032 2557 2202 2584 residentia
2222 2565 2296 2584 con—
2313 2557 2317 2592 1
2353 2559 2403 2586 173
2420 2559 2424 2593 1
2458 2559 2509 2587 361

1666 2604 1788 2631 ceditur
1804 2606 1954 2639 magistro
1971 2606 2007 2633 de
2021 2606 2165 2634 l'wuceio,
2178 2607 2298 2633 cantori

1666 2653 1815 2680 ecclesiae
1832 2654 1987 2680 Dulcnsis.

1701 2702 1742 2727 De
1778 2702 1973 2728 absolutionc
2010 2703 2124 2728 nivium
2163 2704 2316 2738 Florem-fl
2354 2703 2424 2736 ’1731
2457 2705 2510 2732 3112

1666 2751 1802 2776 tinorum
1828 2751 1863 2777 ad
1890 2751 2039 2777 ecclcsiae
2073 2752 2221 2778 mznn-lata
2247 2760 2299 2778 re-

1663 2799 1826 2826 deuntium
1853 2800 1956 2826 abbati
1990 2810 2014 2826 s.
2039 2801 2214 2827 ‹ienovesac
2241 2802 2295 2828 Pa-

1665 2848 1804 2874 risionsis
1827 2852 1857 2874 vt
1883 2848 2064 2875 Pei-ccvallo
2086 2849 2122 2876 de
2144 2850 2294 2882 Lat-ania,

1662 2897 1809 2923 canoni-a·
1837 2898 1988 2924 ecclesiae
2013 2898 2192 2926 Bam-ensis
2212 2908 2296 2926 com-

1664 2945 1768 2972 missa.

2337 2997 2370 3025 14
