2519 3262
1085 257 1338 288 APPENDICE
1360 257 1403 286 ΙΙ.
2242 259 2279 287 37

250 351 389 386 Verum,
414 360 488 381 cum
511 352 625 391 aliqua
646 352 865 383 ecclesiarum
888 354 1077 382 vestrarum
1097 350 1216 381 abbate

210 404 346 442 proprio
365 404 467 434 fuerit
499 405 660 435 destituta
689 405 741 435 vel
771 393 918 435 cumibi
941 404 1073 434 abbatis
1097 404 1216 434 electio

207 456 411 495 regulariter
427 466 492 488 non
505 458 606 488 fuerit
623 458 801 492 celebrata,
821 458 882 488 sub
896 458 1001 496 patris
1017 457 1148 487 abbatis
1164 465 1218 495 po-

206 511 329 540 testate
348 519 385 540 ac
403 511 628 549 dispositione
649 512 813 541 consistat
832 513 953 541 etcum
973 510 1124 549 ejusdem
1142 518 1216 539 con-

207 562 286 592 silio
302 563 358 601 qui
379 563 556 602 eligendus
576 564 678 595 fuerit
701 573 719 594 a
739 565 910 594 canonicis
931 564 1083 602 eligatur.
1102 563 1216 593 Electo

208 618 321 645 autem
336 615 457 647 fratres
472 617 613 647 ecclesie
627 618 752 647 statum
767 617 822 656 [et]
840 616 1062 646 obedientiam
1080 615 1217 654 promit-

206 670 289 698 tant.
307 669 370 704 Qui
391 678 454 700 non
473 671 570 709 quasi
586 669 764 700 absolutus
780 679 797 700 a
813 671 977 709 potestate
994 669 1101 707 patris
1118 669 1214 699 abba-

206 721 251 751 tis
272 722 324 752 vel
348 723 477 753 ordinis
500 723 552 753 sui
581 723 834 762 archiepiscopo
852 723 905 752 vel
923 723 1093 761 episcopo,
1112 722 1143 751 in
1161 731 1216 751 cu-

202 775 259 813 J‘us
289 775 426 813 dyocesi
456 775 569 812 fuerit,
593 778 818 815 presentetur,
840 775 1085 814 plenitudinem
1113 775 1154 804 ab
1178 783 1215 804 eo

207 827 310 858 oflicii
329 830 562 868 percepturus,
588 829 635 859 ita
659 831 770 859 tamen
795 828 896 867 quod,
919 830 995 866 post
1025 828 1147 857 factam
1167 837 1215 857 ar-

206 880 418 920 chiepiscopo
438 882 489 912 vel
508 883 666 921 episcopo
684 890 745 911 suo
763 881 1022 920 professionem.
1041 881 1214 910 occasione

206 933 265 964 illa
284 943 349 964 non
367 935 635 974 transgrediatur
657 935 916 965 constitutiones
937 934 1066 964 ordinis
1083 934 1136 963 sui
1156 942 1215 964 nec

206 986 240 1017 111
259 987 373 1026 aliquo
403 988 476 1026 ejus
492 988 722 1026 prevaricator
747 987 884 1018 existat.
903 987 939 1018 Si
957 987 1034 1026 quis
1055 987 1156 1017 etiam
1174 995 1215 1017 ex

206 1039 303 1070 vobis
322 1041 479 1071 canonice
492 1040 618 1071 electus
637 1041 671 1070 in
690 1039 843 1070 abbatem
855 1040 1044 1079 dyocesano
1057 1039 1215 1078 episcopo

205 1093 312 1123 semel
329 1095 361 1123 et
377 1094 499 1124 iterum
515 1102 574 1132 per
596 1093 734 1124 abbates
760 1094 862 1123 vestri
887 1093 1016 1123 ordinis
1042 1095 1215 1132 presenta-

203 1147 271 1182 tus,
297 1145 567 1176 benedictionem
592 1145 632 1176 ab
658 1155 695 1176 eo
721 1155 787 1176 non
809 1146 956 1185 potuerit
983 1145 1146 1182 obtinere,
1173 1155 1214 1176 ne

204 1199 347 1229 ecclesia
365 1200 406 1229 ad
422 1208 523 1238 quam
542 1201 680 1230 vocatus
701 1202 763 1236 est,
786 1199 948 1230 destituta
967 1199 1109 1229 consilio
1125 1199 1214 1237 peri-

203 1251 350 1285 clitetur,
371 1252 483 1282 officio
500 1253 532 1283 et
551 1253 624 1283 loco
642 1252 774 1283 abbatis
790 1252 941 1291 plenarie
960 1252 1145 1282 secundum
1163 1261 1214 1282 or-

203 1304 316 1335 dinem
334 1305 492 1345 sungatur
509 1305 543 1335 in
565 1315 603 1336 ea
616 1308 684 1336 tam
704 1306 737 1336 in
756 1305 982 1336 exterioribus
996 1306 1214 1344 providendis

202 1366 303 1396 quam
330 1359 553 1390 interioribus
573 1359 795 1398 corrigendis,
820 1360 924 1390 donec
948 1359 1138 1390 interventu
1161 1368 1213 1398 ge-

202 1411 328 1441 neralis
347 1413 486 1451 capituli
506 1413 611 1443 vestri
631 1415 687 1443 aut
709 1415 866 1452 precepto
882 1413 1027 1443 Romani
1045 1413 1214 1451 pontificis

204 1473 262 1495 seu
279 1465 531 1504 metropolitani
548 1465 817 1496 benedictionem
835 1475 931 1496 suam
951 1465 1112 1496 obtineat.

242 1518 348 1549 Porro
371 1519 468 1549 nulla
487 1528 631 1558 persona
650 1520 879 1550 ecclesiastica
896 1528 955 1558 pro
974 1520 1132 1550 crismate
1157 1521 1214 1550 aut

203 1572 516 1603 consecrationibus
538 1575 570 1603 et
591 1572 861 1603 ordinationibus
877 1573 934 1602 aut
960 1581 1020 1611 pro
1039 1572 1214 1610 sepultura

202 1625 348 1664 pretium
365 1627 421 1656 aut
442 1634 503 1664 pro
524 1625 762 1665 [benedicendo
788 1625 921 1665 abjbate
939 1626 995 1665 [et]
1020 1625 1213 1656 deducendo

202 1678 236 1708 in
254 1678 368 1709 sedem
393 1687 489 1709 suam
506 1679 712 1718 palafridum
730 1680 786 1709 aut
812 1679 941 1718 aliquid
967 1679 1058 1708 aliud
1081 1687 1100 1708 a
1116 1678 1213 1708 vobis

202 1731 348 1771 exigere,
368 1732 483 1762 nullus
499 1734 661 1769 vestrum,
675 1732 809 1763 etiamsi
822 1733 988 1771 exigatur,
1005 1732 1084 1762 dare
1097 1740 1212 1770 presu-

202 1786 282 1820 mat,
306 1785 386 1824 quia
400 1787 432 1815 et
450 1785 641 1824 exigentem
659 1787 691 1816 et
709 1786 844 1816 dautem
873 1788 951 1815 nota
973 1787 1004 1815 et
1023 1785 1213 1823 periculum

202 1838 387 1869 simoniace
403 1838 581 1877 pravitatis
597 1839 751 1869 involvit.

242 1892 411 1927 Ceterum,
433 1891 462 1921 si
484 1891 599 1930 aliqua
615 1892 834 1922 ecclesiarum
855 1894 1045 1921 vestrarum
1064 1891 1213 1930 pastoris

202 1944 324 1975 solatio
345 1945 520 1979 destituta,
544 1944 632 1975 inter
657 1944 806 1984 [fratres]
828 1945 868 1975 de
892 1944 1131 1975 substituendo
1157 1943 1214 1974 ab-

200 1997 276 2028 bate
302 1998 472 2028 discordia
499 1998 601 2029 fuerit
618 1998 671 2028 vel
691 1998 841 2028 scissura
860 1998 999 2028 suborta
1022 1999 1055 2028 et
1077 1998 1143 2036 ipsi
1168 1998 1212 2028 sa-

201 2051 264 2081 6116
282 2051 324 2081 ad
336 2051 550 2082 concordiam
567 2051 621 2081 vel
640 2051 805 2082 unitatem
822 2051 972 2081 revocari
985 2051 1212 2090 nequiverint,

200 2106 296 2143 pater
319 2103 434 2141 abbas,
457 2105 600 2135 consilio
623 2104 822 2135 coabbatum
841 2113 992 2139 suorum,
1016 2104 1055 2134 de
1083 2104 1214 2143 ydonea

201 2157 377 2196 provideat
394 2166 539 2196 persona
561 2159 592 2188 et
612 2157 664 2188 illi
687 2166 764 2188 eum
787 2158 860 2189 sine
884 2157 1147 2188 contradictione
1164 2166 1214 2187 re-

202 2211 327 2250 cipiant
350 2211 384 2241 in
407 2210 575 2241 abbatem.
592 2211 699 2247 Quem
720 2211 749 2241 si
767 2211 916 2249 recipere
937 2211 1212 2249 contempserint,

202 2264 368 2294 sententie
395 2264 591 2303 subjaceant
618 2273 719 2304 quam
745 2266 840 2303 pater
863 2264 979 2299 abbas,
1009 2264 1048 2294 de
1071 2264 1213 2294 consilio

201 2316 401 2347 coabbatum
418 2326 570 2353 suorum,
589 2317 624 2347 in
640 2326 698 2348 eos
715 2317 850 2347 duxerit
865 2317 1064 2348 auctoritate
1083 2317 1213 2347 ordinis

201 2369 494 2410 promulgandam.

241 2423 294 2453 Ad
317 2423 388 2459 hec,
408 2424 568 2463 quoniam
591 2424 734 2455 ecclesia
754 2423 1082 2454 Premonstratensis
1103 2424 1214 2462 prima

200 2479 308 2507 mater
326 2478 377 2507 est
396 2476 547 2507 omnium
568 2477 788 2507 ecclesiarum
803 2477 910 2507 totius
928 2477 1058 2507 ordinis
1075 2479 1107 2507 et
1124 2477 1213 2516 prio-

201 2538 272 2560 rem
297 2538 399 2568 super
428 2538 464 2560 se
496 2530 598 2560 aliam
627 2538 692 2560 non
724 2529 835 2566 habet,
863 2530 951 2560 sicut
976 2530 1017 2560 ad
1047 2530 1212 2561 cautelam

201 2584 234 2613 et
251 2583 555 2613 custodiamtotius
572 2583 701 2613 ordinis
720 2584 884 2613 statutum
901 2584 964 2617 est,
981 2591 1040 2622 per
1055 2585 1126 2614 tres
1144 2583 1212 2622 pri-

201 2644 275 2666 mos
303 2635 441 2666 abbates
465 2636 741 2672 Laudunensem,
767 2635 1038 2674 Floreffiensem,
1064 2636 1213 2667 Cuissia-

201 2697 336 2719 oensem
354 2691 465 2719 annua
486 2688 612 2719 ibidem
630 2688 781 2719 visitatio
799 2689 866 2725 fiat,
887 2689 919 2719 et
936 2688 965 2719 si
986 2689 1067 2728 quid
1087 2689 1122 2719 in
1140 2691 1214 2728 ipsa

201 2742 300 2773 domo
325 2742 561 2782 corrigendum
582 2742 684 2772 fuerit
710 2741 837 2781 absque
859 2742 979 2781 majori
996 2750 1056 2780 per
1081 2751 1138 2773 eos
1157 2751 1214 2772 au-

201 2795 328 2826 dientia
344 2795 541 2835 corrigatur.
561 2795 658 2831 Quod
684 2794 713 2825 si
730 2794 835 2825 abbas
855 2795 890 2825 in
914 2795 1111 2835 corrigendo
1131 2796 1214 2834 tepi-

201 2847 264 2878 dus
277 2851 308 2879 et
327 2848 450 2879 fratres
475 2848 591 2887 sepius
607 2848 727 2878 moniti
749 2847 998 2887 incorrigibiles
1019 2857 1213 2887 permanse-

201 2902 280 2939 rint,
299 2902 340 2932 ad
355 2901 510 2942 generale
531 2901 718 2940 capitulum
737 2901 903 2931 referatur
923 2903 965 2938 et,
984 2901 1072 2932 sicut
1088 2901 1212 2932 melius

202 2955 314 2986 visum
328 2955 430 2986 fuerit
443 2954 586 2985 consilio
600 2954 770 2994 generalis
787 2954 938 2993 capituli,
952 2954 1160 2989 emendetur,
1178 2954 1211 2984 et

1275 349 1441 381 sententia
1457 349 1489 378 in
1509 349 1567 378 bac
1585 350 1678 387 parte
1697 348 1833 387 capituli
1855 349 1926 379 sine
1947 350 2146 379 retractione
2165 350 2278 389 aliqua

1274 401 1482 432 observetur.
1503 402 1667 437 Quotiens
1691 410 1770 432 vero
1796 402 1936 432 ecclesia
1952 402 2276 433 Premonstratensis

1273 455 1345 485 sine
1363 454 1481 485 abbate
1503 455 1615 490 suerit,
1636 454 1676 484 ad
1694 455 1840 492 prefatos
1861 457 1929 485 tres
1950 455 2088 485 abbates
2109 456 2180 494 ejus
2199 465 2277 485 cura

1272 508 1432 546 respiciat
1458 510 1489 538 et
1515 517 1532 537 a
1557 508 1725 537 canonicis
1752 508 1860 546 ipsius
1880 508 2030 543 ecclesie,
2060 518 2136 538 cum
2160 517 2275 539 eorum

1273 561 1426 596 consilio,
1447 569 1591 599 persona
1609 561 1737 599 ydonea
1752 561 1784 590 in
1805 560 1958 591 abbatem
1974 561 2128 600 eligatur,
2147 562 2186 592 ad
2203 571 2276 592 con-

1273 614 1388 644 silium
1410 622 1509 644 suum
1535 616 1678 652 quatuor
1703 614 1781 644 aliis
1805 614 1983 644 abbatibus
2008 616 2044 644 ad
2068 615 2208 645 eandem
2231 624 2279 646 ec-

1273 667 1411 697 clesiam
1432 667 1681 705 pertinentibus
1698 668 1825 706 pariter
1844 668 2027 702 advocatis,
2046 677 2130 706 quos
2148 668 2212 707 ipsi
2231 677 2280 698 ca-

1273 720 1384 750 nonici
1402 720 1611 758 providerint
1629 720 1851 750 advocandos.

1312 773 1426 803 Liceat
1444 782 1576 811 quoque
1593 773 1774 812 unicuique
1793 774 1892 803 matri
1910 774 2049 803 ecclesie
2067 775 2195 804 ordinis
2209 783 2280 805 ves-

1273 826 1327 859 tri,
1351 834 1427 856 cum
1447 826 1588 856 consilio
1610 825 1741 856 abbatis
1762 826 2098 862 Premonstratensis‚
2118 827 2157 857 de
2181 827 2278 857 abba-

1273 879 1364 909 tibus
1395 879 1613 909 ecclesiarum
1644 887 1708 918 que
1738 879 1778 909 ab
1796 888 1833 909 ea
1859 880 2066 918 processisse
2101 883 2282 911 noscuntur

1273 932 1344 962 sive
1367 932 1468 962 etiam
1493 932 1532 962 de
1559 932 1626 961 alia
1649 932 1800 970 ejusdem
1818 933 1947 962 ordinis
1969 932 2126 963 inferiore
2141 934 2282 964 ecclesia

1273 984 1337 1014 sibi
1355 993 1602 1024 quemcumque
1622 985 1778 1022 voluerit,
1805 986 1833 1015 si
1861 987 1974 1015 tamen
1993 986 2143 1024 ydoneus
2161 988 2278 1017 extite-

1272 1038 1326 1071 rit,
1346 1038 1380 1067 in
1400 1037 1555 1068 abbatem
1574 1047 1760 1068 assumere.
1775 1039 1959 1068 Personam
1973 1041 2083 1070 autem
2097 1040 2137 1070 de
2152 1040 2218 1070 alio
2231 1050 2281 1071 or-

1272 1091 1348 1121 dine
1364 1091 1458 1121 nulla
1473 1091 1693 1121 ecclesiarum
1709 1093 1898 1122 vestrarum
1919 1091 1984 1121 sibi
2008 1092 2109 1131 eligat
2126 1093 2159 1122 in
2183 1092 2280 1123 abba-

1271 1146 1338 1174 tem
1361 1153 1421 1174 nec
1446 1144 1551 1175 vestri
1576 1144 1705 1174 ordinis
1727 1145 1840 1184 aliqua
1859 1145 1891 1175 111
1909 1145 2061 1176 abbatem
2082 1147 2280 1177 monasterii

1272 1197 1413 1227 alterius
1427 1197 1568 1234 ordinis,
1592 1198 1658 1228 nisi
1677 1198 1716 1228 de
1734 1199 1933 1229 auctoritate
1950 1199 2101 1229 Romane
2124 1200 2277 1236 ecclesie,

1272 1250 1457 1280 ordinetur.

1310 1303 1405 1333 Nulli
1422 1304 1523 1334 etiam
1537 1305 1714 1334 canonicos
1732 1304 1784 1334 vel
1798 1313 1978 1334 conversos
1995 1306 2138 1341 vestros,
2156 1305 2228 1335 sine
2242 1305 2280 1335 11-

1271 1357 1379 1387 centia
1397 1356 1568 1391 abbatum,
1584 1357 1733 1395 recipere
1749 1359 1805 1387 aut
1823 1359 1999 1396 susceptos
2012 1358 2111 1388 liceat
2124 1359 2279 1389 retinere.

1270 1410 1356 1440 Sane
1382 1410 1469 1440 nulli
1493 1411 1634 1441 ecclesie
1658 1411 1763 1441 vestri
1791 1411 1921 1440 ordinis
1945 1411 2043 1441 liceat
2067 1412 2107 1441 ad
2132 1411 2280 1450 aliquam

1271 1463 1372 1493 aliam
1389 1464 1636 1502 professionem
1654 1464 1844 1494 temeritate
1859 1463 2008 1503 qualibet
2025 1473 2060 1494 se
2084 1465 2280 1495 transferre.

1270 1516 1304 1546 Si
1327 1525 1390 1555 que
1412 1525 1492 1547 vero
1513 1517 1654 1547 ecclesie
1672 1517 1909 1547 canonicorum
1932 1517 2073 1548 alterius
2090 1518 2219 1548 ordinis
2240 1519 2281 1548 ad

1271 1570 1423 1600 ordinem
1446 1572 1597 1600 vestrum
1620 1570 1784 1606 venerint,
1809 1571 1850 1600 ad
1868 1571 2045 1601 ecclesiam
2072 1571 2174 1601 vestri
2195 1572 2280 1602 ordi-

1270 1623 1323 1652 nis
1348 1623 1492 1653 habeant
1516 1624 1588 1653 sine
1611 1623 1835 1662 refragatione
1856 1626 2047 1662 respectum
2063 1624 2097 1653 in
2120 1633 2185 1663 qua
2206 1634 2278 1655 nos-

1270 1678 1390 1706 cuntur
1407 1678 1556 1706 vestrum
1573 1676 1724 1706 ordinem
1741 1677 1982 1715 assumpsisse.
1999 1678 2166 1713 preterea,
2187 1678 2214 1707 si
2232 1679 2279 1708 in-

1269 1731 1320 1759 ter
1343 1729 1475 1768 aliquas
1503 1729 1664 1759 ecclesias
1688 1730 1792 1760 vestri
1820 1730 1948 1760 ordinis
1969 1730 2008 1759 de
2034 1730 2279 1769 temporalibus

1271 1782 1402 1820 questio
1419 1782 1607 1818 emerserit,
1624 1791 1690 1812 non
1706 1784 1801 1813 extra
1815 1783 1967 1812 ordinem
1980 1783 2209 1814 ecclesiastica
2226 1784 2280 1814 vel

1270 1835 1434 1865 secularis
1451 1836 1623 1866 audientia
1635 1836 1839 1874 requiratur,
1852 1837 1909 1866 sed
1921 1836 2089 1866 mediante
2101 1836 2279 1867 Premons—

1269 1888 1409 1918 tratensi
1427 1888 1546 1918 abbate
1561 1890 1591 1918 et
1605 1889 1724 1919 ceteris
1741 1898 1826 1927 quos
1838 1889 2019 1924 vocaverit,
2034 1892 2089 1920 aut
2104 1890 2278 1921 caritative

1270 1941 1428 1971 intereas
1441 1943 1672 1980 componatur,
1687 1943 1743 1972 aut
1755 1942 1880 1972 auditis
1898 1943 2057 1982 utrinque
2076 1943 2278 1979 rationibus,

1270 1995 1387 2024 eadem
1403 1995 1633 2025 controversia
1647 1995 1738 2033 justo
1754 1995 1882 2033 judicio
1899 1995 2110 2025 terminetur.

1309 2047 1362 2077 Ad
1376 2047 1537 2086 majorem
1549 2056 1681 2086 quoque
1694 2048 1823 2077 ordinis
1835 2048 1939 2078 vestri
1952 2057 2067 2086 pacem
2082 2057 2278 2079 conservan-

1270 2100 1359 2136 dam,
1389 2101 1579 2131 districtius
1601 2100 1820 2140 prohibemus
1850 2110 1890 2131 ne
1918 2101 2044 2140 aliquis
2070 2102 2278 2140 prelatorum

1270 2154 1322 2184 vel
1345 2153 1556 2184 subditorum
1572 2156 1762 2184 vestrorum
1781 2155 1813 2184 in
1830 2154 1897 2184 hiis
1914 2163 1978 2193 que
1995 2155 2036 2184 ad
2059 2155 2276 2194 disciplinam

1270 2210 1301 2237 et
1324 2207 1479 2237 instituta
1497 2207 1627 2237 ordinis
1648 2209 1810 2246 spectant,
1832 2209 1964 2241 audeat,
1993 2209 2091 2247 prout
2114 2210 2277 2238 statutum

1270 2262 1319 2291 est
1349 2260 1382 2290 in
1409 2261 1629 2291 Lateranensi
1653 2261 1806 2296 concilio,
1832 2261 2020 2299 appellare,
2044 2261 2102 2291 sed
2127 2261 2156 2291 si
2180 2261 2277 2300 quid-

1271 2323 1371 2352 quam
1389 2313 1560 2353 appellare
1572 2314 1800 2352 temptaverit,
1814 2314 2056 2344 nichilominus
2068 2314 2119 2344 illi
2131 2323 2276 2353 quorum

1270 2367 1420 2403 interest,
1438 2367 1628 2406 regularem
1646 2367 1861 2406 disciplinam
1879 2375 2034 2398 exercere
2052 2367 2232 2398 debebunt.

1308 2421 1357 2451 De
1370 2423 1492 2455 cetero,
1506 2421 1665 2460 quoniam
1679 2429 1697 2450 a
1709 2420 1852 2458 strepitu
1867 2423 1897 2450 et
1909 2421 2056 2451 tumultu
2071 2420 2275 2450 secularium

1269 2474 1385 2510 amoti,
1399 2482 1516 2512 pacem
1534 2475 1565 2504 et
1583 2473 1732 2512 quietem
1748 2472 1902 2512 diligitis,
1922 2473 2078 2512 grangias
2097 2475 2227 2504 vestras
2244 2475 2274 2503 et

1269 2528 1380 2558 curtes
1399 2527 1485 2557 sicut
1506 2528 1537 2557 et
1559 2526 1645 2556 atria
1661 2526 1881 2556 ecclesiarum
1899 2535 1918 2556 a
1937 2534 2118 2564 pravorum
2137 2526 2276 2556 incursu

1268 2583 1299 2611 et
1318 2579 1480 2611 violentia
1499 2579 1606 2609 libera
1629 2579 1698 2609 fore
1715 2579 1899 2615 sancimus,
1914 2578 2132 2618 prohibentes
2146 2581 2182 2610 ut
2201 2580 2275 2610 nul-

1268 2634 1322 2664 lus
1341 2633 1388 2663 ibi
1404 2633 1560 2663 homines
1577 2640 1706 2671 capere,
1729 2632 1888 2671 spoliare,
1904 2631 2082 2662 verberare
2099 2641 2158 2663 seu
2171 2632 2275 2664 inter-

1267 2687 1366 2717 ficere
1382 2688 1438 2716 aut
1459 2686 1585 2716 furtum
1602 2685 1655 2715 vel
1678 2686 1831 2724 rapinam
1848 2685 2058 2716 committere
2073 2686 2206 2716 audeat.
2225 2685 2275 2718 Ob

1268 2740 1442 2771 evitandas
1460 2747 1538 2769 vero
1560 2738 1764 2768 secularium
1782 2738 1932 2769 virorum
1952 2738 2172 2778 frequentias,
2191 2739 2272 2770 libe-

1268 2802 1341 2824 rum
1360 2793 1405 2823 sit
1420 2791 1527 2828 vobis,
1544 2792 1637 2822 salvo
1652 2791 1726 2830 jure
1741 2792 2010 2831 dyocesanorum
2024 2793 2273 2832 episcoporum,

1268 2846 1414 2877 oratoria
1432 2846 1467 2875 in
1489 2845 1638 2884 grangiis
1661 2847 1692 2875 et
1705 2844 1857 2875 curtibus
1876 2845 1999 2876 vestris
2025 2848 2220 2877 construere
2241 2849 2274 2878 et

1267 2899 1302 2930 in
1319 2899 1404 2938 ipsis
1425 2898 1521 2929 vobis
1534 2900 1566 2928 et
1582 2898 1710 2929 familie
1727 2900 1838 2929 vestre
1855 2899 1969 2929 divina
1983 2898 2105 2937 officia,
2128 2908 2203 2930 cum
2220 2909 2277 2931 ne-

1267 2960 1361 2983 cesse
1379 2951 1493 2988 fuerit,
1515 2950 1685 2982 celebrare
1704 2953 1736 2982 et
1757 2951 1866 2991 ipsam
1888 2952 2066 2990 familiam,
2085 2953 2151 2983 nisi
2169 2953 2275 2993 aliqui
