2519 3262
1079 186 1318 224 'fflOlsOEME
1350 188 1513 225 ANNEE.
2283 206 2337 235 121

297 286 311 305 α
335 300 359 307 ..
378 277 481 306 abbate
497 288 522 306 s.
544 276 686 307 Columhe
700 278 893 308 Senonensis.
914 278 1067 308 Dilectus
1088 278 1180 307 filius
1198 286 1266 307 ma·

254 331 360 369 gister
377 349 425 361 —.
453 331 576 361 Datum
602 331 690 369 apud
716 331 1004 367 Urbemveterem,
1030 330 1106 360 idus
1133 339 1266 360 novem-

254 383 337 420 bris,
358 392 444 414 anno
463 385 575 414 tertio.
596 393 613 413 »

346 577 441 608 [1137
782 574 905 605 Orvieto,
925 575 958 601 15
978 575 1093 601 octobre
1116 575 1193 602 1263.

292 659 457 693 Praeposito
477 660 510 685 sle
536 658 668 691 Betunia,
695 658 894 685 Atrebatensis
924 659 1058 691 diocesis,
1087 662 1110 685 et
1143 659 1266 686 Jobanni

255 707 449 738 Pantaleonis,
466 707 615 741 capellano
630 707 798 741 apostolico,
818 708 935 734 mandat
952 709 982 734 ut
998 707 1094 734 ileliae
1112 708 1200 735 Peleti
1222 717 1265 735 sa-

254 756 354 782 tisfieri
372 755 479 782 saciant
495 756 528 782 de
550 756 683 790 expensis
701 764 771 790 quas
794 764 844 790 pro
863 755 1018 782 Morinensi
1036 756 1159 783 ecclesia
1186 758 1263 785 fecit.

255 804 333 840 (Rau.
351 805 395 835 29,
417 804 464 831 sol.
482 806 515 831 To
532 809 571 835 νο,
593 809 624 831 11⁰
640 806 715 839 180.)

292 918 307 937 (t
330 931 349 938 ..
368 909 527 948 preposito
545 908 665 938 ecclesie
684 907 719 937 dc
734 908 877 944 Belzcnz'a,
899 907 1109 937 Atrebatcnsis
1126 908 1262 945 diocesis,

252 967 278 991 ec
292 962 428 993 ,Iohanni
446 961 658 998 Pantaleonis‚
672 961 831 1001 capellano
847 966 961 996 nostro,
976 962 1120 991 canonico
1136 962 1265 991 Atreba-

251 1015 338 1045 tensi.
370 1015 584 1046 Constitutus
611 1015 645 1044 in
674 1015 847 1053 presentia
865 1016 981 1045 nostra
1005 1015 1149 1045 dilectus
1174 1015 1266 1045 silius

250 1068 370 1098 Helias
390 1067 509 1104 Peleti,
528 1068 723 1106 capellanus
739 1070 865 1105 noster,
886 1069 1069 1099 canonicus
1086 1068 1264 1099 Belvacen-

250 1121 311 1156 sis,
327 1121 425 1152 nobis
440 1121 598 1160 exposuit
611 1122 699 1160 quod
714 1121 800 1152 bone
816 1122 978 1152 memorie
993 1122 1046 1157 R,
1060 1122 1266 1152 Morinensis

249 1175 439 1213 episcopus,
456 1175 582 1213 ipsum,
606 1183 664 1213 pro
690 1175 763 1205 suis
781 1176 813 1205 et
828 1175 1044 1214 episcopatus
1060 1175 1266 1206 Morinensis

248 1228 406 1267 negotiis,
421 1228 462 1258 ad
481 1228 595 1258 sedem
611 1227 833 1266 apostolicam
848 1227 1043 1264 destinavit,
1062 1228 1266 1266 promittens

248 1282 358 1312 eidem
375 1281 549 1320 capellano
569 1281 603 1310 in
622 1281 783 1319 expensis
800 1281 1004 1311 necessariis
1021 1281 1213 1320 providere,
1234 1283 1266 1312 et

248 1335 337 1373 quod
352 1335 382 1365 ei
403 1334 597 1364 restitueret
618 1334 779 1372 quicquid
797 1334 836 1363 de
866 1342 927 1364 suo
948 1333 1074 1364 ibidem
1101 1335 1266 1373 expende-

248 1389 296 1418 ret
320 1387 373 1418 vel
401 1388 572 1417 omitteret
603 1387 712 1417 eundo
739 1387 780 1416 ad
803 1387 927 1417 dictam
948 1388 1075 1423 sedem,
1102 1388 1264 1418 morando

247 1441 335 1479 apud
353 1441 463 1479 ipsam
487 1442 519 1470 et
543 1440 714 1470 redeundo
732 1439 772 1469 ab
794 1448 843 1475 ea,
862 1440 923 1470 hoc
950 1440 1052 1470 etiam
1082 1441 1211 1479 adjecto
1231 1441 1264 1471 in

246 1493 371 1524 litteris
402 1493 488 1531 ipsis
514 1502 675 1531 expresse
708 1493 796 1531 quod
829 1493 919 1522 idem
944 1493 1124 1532 episcopus
1163 1502 1264 1532 super

247 1547 307 1577 hoc
327 1546 475 1576 crederet
498 1546 608 1584 ipsius
629 1546 795 1584 capellani
819 1546 954 1584 proprio
974 1546 1179 1585 juramento.
1212 1547 1264 1577 In-

248 1608 349 1638 super
368 1599 539 1638 predictus
560 1599 740 1638 episcopus
772 1608 807 1629 se
826 1608 862 1628 ac
890 1608 1105 1629 successores
1134 1609 1214 1629 suos
1233 1602 1264 1631 et

247 1654 480 1692 episcopatum
498 1653 687 1691 predictum
704 1653 884 1691 omniaque
903 1652 991 1682 bona
1013 1653 1165 1691 ejusdem
1187 1662 1260 1691 pre-

246 1706 315 1736 fato
331 1706 504 1744 capellano
524 1708 661 1744 propter
688 1705 747 1735 hoc
766 1705 939 1744 obligavit,
958 1707 1057 1744 prout
1082 1706 1115 1735 in
1135 1706 1262 1736 litteris

247 1759 323 1789 inde
336 1759 508 1794 confectis,
523 1759 683 1797 sigillatis
693 1758 807 1797 sigillo
819 1758 982 1797 ejusdem,
995 1759 1129 1797 plenius
1139 1759 1262 1789 dicitur

246 1812 423 1843 contineri.
452 1812 537 1842 Sane
570 1812 742 1850 predictus
762 1812 957 1850 capellanus
983 1820 1043 1850 pro
1067 1812 1262 1850 hujusmodi

246 1866 392 1905 negotiis
406 1866 447 1895 ad
467 1866 607 1895 eandem
622 1866 736 1895 sedem
755 1865 928 1899 accedens,
943 1874 1002 1904 pro
1017 1866 1161 1904 negotiis
1176 1866 1261 1905 ipsis

246 1919 392 1949 fideliter
411 1920 442 1949 et
465 1918 595 1948 utiliter
615 1919 856 1957 promovendis
875 1920 906 1949 et
930 1927 989 1957 pro
1015 1919 1087 1949 suis
1100 1920 1261 1957 expensis

246 1972 461 2007 necessariis
483 1972 562 2001 dum
585 1972 815 2010 prosecutioni
836 1972 1033 2002 eorumdem
1051 1973 1261 2011 negotiorum

245 2025 335 2055 idem
352 2024 548 2063 capellanus
566 2026 718 2060 instaret,
738 2034 845 2064 usque
875 2025 914 2055 ad
939 2034 1108 2055 summam
1134 2028 1260 2056 trecen-

244 2080 355 2109 tarum
374 2078 539 2108 librarum
559 2079 805 2113 turonensium,
823 2079 945 2117 partim
965 2079 1004 2109 de
1022 2079 1171 2118 proprio,
1189 2089 1261 2118 par-

245 2132 307 2162 tim
338 2140 417 2162 vero
447 2140 464 2161 a
496 2131 700 2170 quibusdam
734 2132 971 2168 creditoribuS,
1002 2132 1126 2171 quibus
1158 2142 1193 2163 se
1225 2142 1261 2163 ac

245 2185 333 2215 bona
351 2194 412 2215 sua
430 2186 567 2223 propter
585 2185 645 2215 hoc
664 2185 859 2223 specialiter
875 2185 1049 2224 obligavit,
1064 2187 1181 2216 mutuo
1200 2196 1260 2217 suo

246 2241 417 2277 receptum
438 2239 584 2273 nomine,
601 2237 727 2268 ibidem
748 2247 782 2268 se
811 2239 933 2269 asserit
963 2239 1177 2277 expendisse.
1198 2241 1261 2269 Ye-

246 2300 332 2327 rum,
350 2292 468 2321 eodem
498 2291 656 2330 episcopo
681 2291 769 2321 viam
788 2292 945 2322 universe
964 2293 1075 2322 carnis
1093 2293 1259 2331 ingresso,

245 2344 396 2383 predicto
412 2344 586 2383 capellano
615 2344 654 2374 de
678 2344 874 2383 hujusmodi
902 2346 1044 2383 pecunia
1069 2346 1259 2376 satisfactio

248 2397 362 2435 aliqua
381 2406 445 2427 non
465 2398 631 2435 provenit.
650 2398 760 2432 Quare
780 2398 931 2436 prefatus
947 2399 1142 2437 capellanus
1161 2399 1260 2429 nobis

247 2450 422 2480 humiliter
437 2450 642 2488 supplicavit
658 2452 705 2487 ut,
721 2460 795 2481 cum
814 2453 951 2482 vacante
968 2452 1046 2482 sede
1062 2453 1259 2488 Morfflensi,

246 2503 366 2533 electio
382 2503 588 2533 M‹3›1·inensis
605 2504 755 2542 episcopi
771 2505 814 2534 sit
839 2505 871 2534 in
893 2505 1063 2535 discordia
1079 2505 1259 2543 celebrata,

248 2559 279 2587 et
298 2557 434 2595 propter
450 2557 593 2586 tractum
611 2557 702 2595 longi
720 2558 884 2596 temporis
900 2560 968 2588 tam
986 2559 1121 2588 futurus
1135 2559 1262 2597 episco-

247 2619 310 2648 pus
333 2618 434 2648 quam
458 2609 546 2639 idem
564 2610 771 2647 capellanus,
793 2611 968 2641 occasione
985 2612 1208 2650 dampnorum
1230 2614 1262 2643 et

248 2671 475 2701 expensarum
507 2662 711 2692 creditorum
739 2663 933 2701 hujusmodi
961 2666 992 2694 et
1021 2666 1123 2695 etiam
1152 2666 1261 2704 ipsius

249 2715 427 2753 capellani,
447 2715 577 2753 possint
604 2715 775 2745 incurrere
798 2725 863 2746 non
887 2717 1018 2747 modica
1046 2718 1260 2756 detrimenta,

248 2770 281 2799 et
317 2768 519 2807 quamplura
549 2768 647 2803 bona,
680 2769 831 2799 redditus
869 2771 899 2800 et
937 2773 1121 2809 proventus
1152 2772 1262 2811 ipsius

248 2822 464 2860 episcopatus
492 2822 603 2851 futuro
634 2822 818 2852 Morinensi
850 2822 1008 2861 episcopo
1035 2827 1261 2862 reserventur,

250 2874 316 2905 sibi
342 2877 374 2905 et
402 2875 487 2913 ipsis
514 2874 553 2905 de
578 2874 772 2913 hujusmodi
798 2875 951 2913 pecunia,
982 2885 1095 2914 quam,
1126 2879 1161 2908 ut
1190 2886 1263 2916 pre-

378 2936 514 2964 Unnms
537 2936 589 2968 IV,
612 2939 634 2963 t.
653 2936 708 2970 ΙΙΙ,
730 2937 796 2970 Rey.
817 2937 877 2964 ord.

1328 278 1455 309 dictum
1487 282 1548 317 est,
1579 283 1737 320 expendit
1773 285 1905 322 negotia
1933 286 2081 324 episcopi
2116 290 2336 325 procurando,

1328 332 1488 362 satisfieri
1519 335 1768 365 mandaremus.
1796 336 1883 371 Quia
1908 346 1985 367 vero
2012 339 2121 368 dictus
2143 341 2337 378 capellanus

1328 392 1393 414 non
1420 385 1517 416 debet
1546 387 1624 417 inde
1647 389 1816 419 sustinere
1836 390 2050 428 dispendium
2068 392 2154 422 unde
2171 394 2337 431 premium

1326 441 1550 476 promeretur,
1581 449 1653 476 nos,
1677 442 1828 472 volentes
1856 444 2067 482 capellanum
2095 446 2249 481 eund-³111,
2278 457 2336 477 sue

1328 491 1507 529 probitatis
1531 492 1681 530 obtentu,
1702 495 1734 524 in
1764 495 1824 525 hac
1846 498 1940 534 parte
1964 498 2103 535 speciali
2132 499 2239 536 gratia
2266 508 2337 538 pro-

1328 545 1424 583 sequi
1453 547 1484 575 et
1514 546 1639 581 favore,
1671 547 1866 578 discretioni
1895 551 2004 580 vestre
2034 551 2233 581 mandamus
2260 561 2339 590 qua-

1327 598 1438 634 tenus,
1459 599 1487 628 si
1507 599 1545 629 de
1566 600 1727 638 predictis
1746 603 1906 640 expensis
1923 612 1981 641 per
2004 604 2233 642 juramentum
2254 605 2339 643 ejus-

1327 650 1403 680 dem
1420 651 1586 690 capellani
1604 654 1655 683 vel
1680 656 1909 692 procuratoris
1940 657 1993 686 sui
2021 657 2054 686 in
2082 666 2142 687 sua
2169 660 2199 687 et
2228 658 2337 696 ipsius

1327 704 1491 742 capellani
1516 706 1647 736 animas
1663 707 1820 745 jurantis,
1839 709 1953 738 adhoc
1972 710 2118 748 speciale
2136 710 2176 740 ab
2194 711 2266 749 ipso
2287 720 2337 741 ca-

1326 757 1461 795 pellano
1478 759 1673 790 mandatum
1691 760 1858 798 habentis,
1880 763 2080 798 constiterit,
2101 773 2160 794 vos
2178 764 2231 794 rel
2253 765 2337 795 alter

1326 813 1477 841 vestrum
1498 813 1647 850 predicto
1666 814 1840 852 capellano
1865 816 1917 845 vel
1939 816 2008 848 alii.
2030 817 2102 855 ejus
2129 818 2275 851 nomine,
2297 819 2336 848 de

1326 862 1435 898 bonis,
1457 865 1646 896 redditibus
1679 868 1708 897 et
1736 868 1956 906 proventibus
1977 869 2170 908 hujusmodi
2203 871 2337 901 faciatis

1326 924 1385 954 per
1404 926 1463 947 vos
1481 918 1533 948 vel
1555 919 1658 949 alium
1677 920 1716 950 de
1738 921 1888 959 predicta
1910 923 2052 961 pecunia
2068 924 2336 954 satisfactionem

1326 969 1514 1007 plenariam
1537 972 1701 1007 exhiberi,
1720 975 1984 1006 contradictores
2005 977 2080 1012 etc,
2097 985 2162 1006 non
2182 977 2336 1008 obstante

1326 1041 1375 1053 —.
1402 1024 1527 1054 Datum
1548 1026 1636 1064 apud
1659 1026 1947 1064 L'rbemveterffln,
1975 1029 2051 1059 idus
2075 1029 2233 1060 octobris,
2251 1040 2336 1060 anno

1327 1076 1438 1106 tertio.
1458 1088 1472 1106 >J

1420 1269 1516 1299 1133

1841 1270 1965 1301 Orvicto,
1983 1273 1999 1297 tj
2015 1272 2170 1298 novembre
2190 1273 2265 1299 12t33.

1363 1352 1473 1379 Decano
1492 1355 1519 1379 et
1536 1352 1739 1380 archidiacono
1756 1354 1960 1381 Leodiensibus
1979 1357 2096 1383 mandat
2116 1359 2155 1387 ut,
2177 1358 2253 1391 prius
2277 1367 2338 1385 cas-

1326 1403 1388 1427 sata
1407 1401 1587 1428 ordinatione
1607 1410 1623 1428 a
1640 1402 1785 1429 canonicis
1806 1404 1944 1430 ecclesiae
1965 1413 1988 1431 s.
2004 1406 2130 1432 (jlastoris
2147 1406 2175 1432 in
2188 1407 2337 1433 Continen-

1326 1449 1367 1475 tia
1386 1450 1420 1475 de
1442 1450 1571 1485 ejusdem
1590 1450 1730 1477 ecclcsiae
1751 1452 1932 1485 praebendis.
1950 1453 1977 1479 iu
1994 1454 2093 1480 eadem
2108 1455 2228 1481 ccclesia
2249 1456 2336 1490 recipi

1326 1497 1433 1524 saciant
1448 1498 1476 1524 in
1495 1499 1666 1525 canonicum
1684 1501 1858 1535 magistrum
1877 1502 2063 1528 Bernardum.
2082 1503 2161 1537 till-:th
2178 1504 2336 1536 2¹..*.1'ol.77‚

1325 1551 1356 1573 n⁰
1376 1548 1448 1579 187.)

1365 1665 1379 1683 (ι
1402 1679 1421 1685 ..
1444 1654 1566 1691 decano,
1590 1661 1616 1684 cl
1637 1655 1772 1685 Gerardo
1799 1656 1834 1685 cle
1860 1656 2011 1694 Nossouse,
2030 1658 2245 1689 archidiacono
2264 1661 2336 1690 Leo-

1324 1708 1432 1737 de'enez'.
1460 1708 1511 1738 Ad
1540 1710 1690 1738 nostram
1715 1711 1878 1740 nox-eritis
1905 1711 2113 1742 audientiam
2141 1714 2336 1751 pervenisse

1323 1761 1424 1799 quod,
1444 1761 1521 1790 licet
1550 1762 1584 1791 in
1601 1762 1744 1792 ecclesia
1764 1764 1869 1793 sancti
1889 1764 2040 1794 Castoris
2058 1765 2091 1794 in
2112 1767 2333 1804 tlontluentia,

1323 1814 1543 1844 Treverensis
1562 1814 1720 1851 diocesis,
1745 1816 1788 1845 sit
1808 1818 1972 1846 statutum
1992 1818 2030 1847 de
2051 1820 2140 1849 certo
2158 1820 2336 1850 canonico-

1322 1876 1398 1896 rum
1418 1875 1558 1897 nmnero
1577 1867 1770 1906 juramento
1793 1869 1965 1900 firmatum
1981 1872 2013 1900 et
2043 1874 2155 1902 certus
2171 1881 2335 1903 numerus

1323 1919 1583 1958 prebendarum,
1613 1922 1725 1951 tamen
1753 1922 1901 1952 decanus
1928 1925 1960 1953 et
1984 1933 2045 1954 sex
2068 1926 2220 1955 canonici
2244 1926 2332 1964 ejus-

1323 1973 1399 2003 dem
1416 1973 1557 2004 ecclesie
1575 1974 1774 2005 ordinarunt
1790 1977 1824 2005 ut
1841 1976 1988 2006 decanus
2007 1977 2078 2016 ipse
2098 1987 2133 2007 ac
2149 1979 2274 2018 singuli
2290 1989 2334 2010 ex

1323 2027 1452 2056 eisdem
1469 2036 1528 2057 sex
1545 2028 1715 2058 canonicis
1739 2029 1892 2067 singulos
1915 2030 2055 2061 clericos
2072 2032 2282 2071 recipiendos
2302 2034 2335 2063 in

1323 2081 1502 2110 canonicos
1518 2081 1743 2117 nominarent,
1767 2083 1893 2121 sicque,
1918 2084 1992 2121 ipso
2018 2085 2142 2115 decano
2159 2088 2189 2116 et
2208 2086 2334 2125 singuli

1323 2142 1363 2163 ex
1385 2134 1513 2163 eisdem
1536 2135 1706 2164 canonicis
1727 2136 1981 2166 nominantibus
2011 2138 2164 2176 singulos
2193 2140 2335 2169 clericos

1323 2187 1592 2225 consanguineos
1610 2190 1641 2217 et
1666 2190 1805 2227 nepotes
1824 2198 1940 2219 eorum
1964 2199 2023 2228 pro
2042 2191 2162 2229 majori
2177 2195 2269 2230 parte
2297 2202 2333 2223 ac

1322 2248 1456 2278 pueros
1476 2241 1623 2270 decanus
1636 2243 1667 2271 et
1683 2250 1741 2271 sex
1762 2243 1913 2272 canonici
1931 2243 2072 2281 predicti
2089 2253 2146 2274 eos
2164 2246 2196 2274 in
2211 2245 2332 2276 fratres

1322 2294 1354 2323 et
1374 2294 1553 2323 canonicos
1578 2295 1686 2332 ipsius
1711 2295 1863 2329 ecclesie,
1886 2296 1918 2325 in
1938 2305 2002 2334 qua
2020 2297 2061 2326 ad
2077 2298 2220 2328 eundem
2239 2299 2332 2329 deca-

1322 2356 1402 2377 num
1422 2349 1453 2377 et
1469 2348 1578 2385 ipsius
1597 2348 1737 2377 ecclesie
1756 2349 1942 2387 capitulum
1960 2351 2196 2381 sanonicorum
2221 2361 2332 2391 recep-

1321 2401 1368 2431 tio
1384 2402 1415 2431 et
1431 2400 1678 2439 prebendarum
1693 2401 1827 2431 collatio
1846 2403 2026 2440 [asi-tinent,
2039 2407 2249 2442 receperunt,
2262 2406 2332 2435 osti-

1323 2454 1373 2484 cio
1393 2454 1541 2484 cantorie
1560 2463 1596 2483 ac
1622 2454 1719 2484 unica
1747 2455 1916 2492 prebenda
1942 2456 2116 2487 dumtaxat
2135 2459 2333 2489 vacantibus

1323 2507 1356 2536 in
1373 2507 1508 2541 eadem;
1528 2507 1746 2545 prestiterunt
1767 2508 1867 2538 etiam
1882 2509 2111 2546 juramentum
2136 2512 2224 2549 quod
2251 2513 2332 2542 reei-

1323 2561 1456 2599 piendis
1474 2560 1599 2590 ibidem
1617 2569 1675 2598 per
1710 2561 1823 2590 sedem
1849 2562 2069 2600 apostolicam
2095 2564 2221 2594 nullam
2251 2566 2333 2595 assi-

1323 2613 1471 2653 gnabunt
1488 2613 1704 2651 prebendam,
1721 2614 1824 2644 donec
1849 2615 1888 2645 de
1911 2615 2092 2653 prebendis
2117 2618 2260 2656 receptis
2279 2619 2334 2648 liu-

1320 2667 1469 2706 jusmodi
1488 2667 1530 2696 sit
1544 2666 1729 2704 provisum.
1749 2667 1819 2697 Nos
1834 2668 1957 2707 itaque,
1974 2670 2221 2700 ordinationem
2236 2673 2266 2701 et
2285 2681 2334 2701 re-

1324 2720 1513 2758 ceptionem
1533 2719 1725 2757 liujusniodi
1748 2721 1862 2750 taliter
1880 2724 2095 2760 presumptas
2118 2723 2261 2753 tolerare
2280 2733 2334 2754 no-

1324 2773 1444 2808 lentes,
1477 2772 1673 2802 discretioni
1718 2775 1829 2803 vestre
1872 2782 1932 2812 per
1979 2776 2163 2813 apostolica
2208 2777 2333 2815 scripta

1324 2826 1525 2856 mandamus
1541 2825 1713 2864 quatinus,
1726 2827 1754 2855 si
1772 2826 1868 2856 vobis
1883 2827 1922 2857 de
1939 2827 2039 2866 plano
2057 2831 2087 2858 et
2108 2828 2233 2867 absque
2247 2830 2334 2867 judi-

1325 2879 1369 2909 cii
1387 2879 1531 2917 strepitu
1549 2878 1737 2909 constiterit
1755 2879 1801 2909 ita
1820 2888 1906 2915 esse,
1920 2881 2128 2919 receptiones
2141 2882 2333 2918 hujusmodi

2181 2944 2209 2969 lc
