2659 3242
87 190 146 221 108

105 377 173 405 1263
246 377 363 406 Orvielo.

88 429 167 463 sept.
185 426 231 454 13.

126 778 139 793 ))

125 1070 139 1086 ))

126 1314 140 1330 ὶ)

125 1849 139 1865 ))

124 2390 139 2407 ))

124 2778 140 2794 ))

208 778 222 793 ))

197 1061 240 1090 16.

212 1314 227 1330 ))

195 1452 242 1480 17.

198 1840 241 1871 18,

196 2381 239 2409 19.

192 2770 238 2799 20.

912 186 1067 216 TABLES
1092 186 1144 217 DU
1168 187 1370 217 REGISTRE
1394 187 1586 217 D’URBAIN
1610 187 1651 217 lv

1032 277 1108 303 Paga..
1138 277 1249 297 Numeros.

1056 333 1117 353 tome
1131 332 1162 353 111

441 375 579 403 Johanni
621 376 658 402 ‹le
694 375 857 406 Chanleio‚
894 376 1042 403 canonico
1060 377 1064 407 Ι
1093 375 1141 401 371
1160 377 1164 408 Ι
1182 374 1251 401 2240

408 425 688 459 Autissiodorensi‚
709 424 838 452 mandat
855 427 887 452 ut
906 424 1045 452 Guillel-

409 482 504 508 mum,
537 474 654 501 dictum
688 474 846 507 Bellatesta,
878 473 1043 507 clericum,

406 523 675 557 consanguineum
693 523 820 550 abbatis
836 523 1039 550 Virziliacen-

406 572 460 603 sis,
480 572 510 599 in
530 572 664 599 ecclesia
684 580 708 599 S.
728 573 833 600 Amati
855 571 1038 602 Duacensis,

409 620 628 648 Atrebatensis
644 620 789 651 diocesis,
808 622 839 648 in
856 620 1038 647 canonicum

407 670 507 704 recipi
540 669 637 697 faciat
671 670 763 705 eique
798 670 834 696 de
861 668 1040 703 praebenda

407 718 597 754 provideati.

443 767 803 802 Thrugotum7electum
815 767 1030 794 Revaliensem
1050 765 1055 799 Ι
1090 765 1160 798 1891
1203 764 1254 792 400

409 824 503 852 quem
517 817 625 851 regina
642 816 755 844 Daciae
769 816 805 842 ad
824 816 965 850 regimen
982 815 1041 841 Re-

408 865 558 893 valiensis
578 866 728 892 ecclesiae
748 865 887 899 elegerat
905 866 935 890 et
952 863 1042 897 cujus

409 915 594 942 electionem
619 915 683 949 ipse
703 913 844 949 pontifex
870 920 988 939 cassani
1011 915 1041 939 et

409 963 535 990 irritam
561 963 650 998 prius
669 963 884 992 nuntiaverat,
906 962 965 996 ipsi
991 969 1042 988 ec-

411 1011 522 1039 clesiae
541 1012 685 1047 praeficit
702 1012 733 1037 in
750 1011 944 1045 episcopum.

445 1060 628 1087 Guillelmo.
650 1060 870 1088 archidiacono
888 1059 1042 1091 pariensi,
1061 1059 1066 1091 Ι
1099 1057 1149 1086 341
1168 1058 1172 1090 1
1203 1057 1255 1084 718

409 1110 571 1144 capellano
589 1109 770 1144 apostolico,
790 1108 934 1143 indulget
955 1108 1039 1143 quod

408 1166 515 1193 regem
530 1159 663 1191 Angliae
681 1167 697 1185 a
714 1158 847 1193 quodam
863 1158 1042 1191 juramento

409 1207 446 1234 ab
471 1207 540 1242 ipso
564 1208 736 1235 baronibus
760 1208 912 1242 praestito
938 1206 1042 1234 absol-

409 1264 480 1284 vere
499 1257 612 1284 valeat.

442 1306 643 1339 Riccardulm
667 1306 697 1332 in
715 1306 925 1333 Romanorum
939 1312 1044 1339 regem
1063 1305 1068 1336 Ι
1097 1303 1151 1332 344
1169 1305 1174 1338 Ι
1203 1303 1255 1330 724

409 1354 561 1389 electum,
572 1354 718 1382 hortatur
734 1354 810 1381 utin
827 1354 968 1388 Henrici7
983 1355 1042 1380 An-

409 1404 532 1438 glorum
550 1405 644 1439 regis,
663 1403 819 1431 auxilium
837 1406 999 1437 exsurgat.

446 1452 598 1488 Episcopo
624 1453 750 1487 Ripensi
781 1452 907 1479 mandat
927 1451 1061 1487 quate—l
1096 1451 1169 1485 1901
1201 1450 1253 1478 401

403 1504 506 1536 tenus,
518 1502 626 1529 ascitis
642 1502 701 1537 ipsi
717 1502 754 1528 ad
770 1501 826 1529 hoc
843 1501 1043 1535 XVibergensi

405 1552 434 1576 et
449 1545 646 1578 'Aurusiensi
675 1551 840 1586 episcopis,
865 1550 915 1583 T„
944 1551 1043 1577 Reva-

405 1599 496 1626 liensi
519 1599 629 1635 electo,
654 1608 771 1627 munus
794 1600 1040 1627 consecrationis

405 1648 564 1683 impendat
591 1651 622 1675 et
645 1649 790 1683 injungat
818 1649 918 1675 eidem
944 1651 977 1674 ut
1003 1648 1039 1675 ad

404 1705 495 1724 suum
520 1698 798 1732 metropolitanum
836 1705 866 1724 se
900 1700 1042 1732 postmo-

409 1746 482 1773 dum
531 1746 672 1774 conferat
706 1749 742 1774 ut
777 1747 827 1774 illi
863 1747 1044 1781 juramenta

409 1798 559 1830 praestet.
1059 1802 1120 1822 tome
1132 1801 1164 1822 111

446 1844 599 1880 Episcopo
615 1844 833 1871 Cameracensi
856 1845 987 1871 mundat
1005 1847 1038 1871 ut
1055 1846 1058 1877 Ι
1096 1844 1149 1871 368
1164 1845 1169 1878 Ι
1186 1844 1255 1871 2225

408 1892 549 1924 Nicolao,
566 1892 651 1920 dicto
673 1892 844 1927 Ambronz‘es,
864 1893 901 1919 de
927 1892 1043 1919 Melbo-

408 1941 471 1973 dio,
497 1942 628 1976 pauperi
655 1941 779 1976 clerico,
806 1941 1042 1969 Cameracensis

409 1990 553 2019 diocesis,
575 1990 612 2016 de
629 1990 737 2024 aliquo
758 1990 973 2017 ecclesiastico
993 1991 1041 2017 be—

409 2039 530 2069 neficio,
558 2039 595 2065 ad
629 2038 829 2066 collationem
862 2039 984 2065 abbatis
1019 2041 1048 2065 et

408 2092 580 2116 conventus
593 2088 776 2116 monasterii
787 2088 1040 2115 AltimontiS.o1·-

409 2137 491 2164 dinis
504 2146 527 2164 s.
541 2137 714 2169 Benedicti,
733 2137 871 2171 ejusdem
895 2137 1038 2169 diocesis,

407 2189 577 2221 spectante,
592 2185 769 2221 provideat,
791 2187 882 2221 juxta
904 2186 1041 2213 Alexan—

407 2236 455 2262 dri
472 2234 640 2270 papaeIlII
658 2233 851 2268 litterasjmu
867 2237 1039 2269 emanatas,

408 2292 486 2319 quas
503 2283 644 2310 monachi
656 2282 836 2310 monasterii
854 2283 1038 2311 Altimontis

407 2333 509 2360 adhuc
528 2331 702 2366 adimplere
721 2332 939 2365 neglexerunt.
1278 2359 1279 2362 Ἴ

441 2381 555 2408 Abbati
580 2381 761 2407 monasterii
791 2380 826 2406 de
849 2380 950 2415 Pelys,
972 2380 1058 2414 Cis-l
1096 2381 1144 2408 129
1162 2382 1166 2413 Ι
1186 2379 1252 2407 1162

406 2430 571 2458 tel-ciensis
591 2429 723 2459 ordinis,
749 2429 870 2456 custodi
886 2429 1036 2457 ecclesiae

404 2479 560 2506 Albensis.
577 2479 824 2513 Vesprimiensis
840 2478 984 2513 diocesis,
1003 2486 1035 2505 ac

402 2528 501 2562 priori
531 2526 718 2562 provinciali
743 2527 877 2554 fratrum
906 2527 1036 2553 Praedi—

403 2579 543 2603 catorum
591 2576 748 2609 Ungariae
794 2575 1033 2610 inquisitionem

403 2625 575 2652 committit
615 2624 652 2651 de
696 2624 837 2650 moribus
876 2628 904 2651 et
940 2625 1036 2659 gestis
1277 2639 1278 2654 η

401 2673 749 2708 Quinqueecclesiensis
779 2673 915 2708 episcopi
947 2673 1036 2707 gravi

403 2722 535 2749 infamia
554 2722 738 2749 laborantis.
1054 2729 1115 2748 tome
1130 2728 1161 2748 ιιι

442 2771 597 2807 Episcopo
622 2770 824 2798 Ulixbonensi
853 2771 979 2798 mandat
1002 2775 1035 2799 ut
1054 2772 1058 2804 Ι
1091 2771 1249 2805 41512464

406 2820 536 2846 Petrum
565 2819 722 2849 Roderici,
746 2827 915 2854 pauperem
942 2819 1038 2847 cleri-
1277 2810 1279 2853 l

406 2876 477 2895 cum
497 2868 599 2904 ipsius
618 2868 762 2897 diocesis,
779 2868 833 2904 qui
851 2868 1037 2896 nulluui.est

1057 2338 1119 2358 tome
1133 2337 1164 2357 111

1328 716 1398 744 1263

1310 769 1389 802 sept.
1411 766 1457 793 21.

1348 1021 1361 1035 ))

1349 1314 1362 1328 ))

1348 1511 1362 1525 ))

1346 2096 1360 2110 ))

1345 2391 1358 2405 J)

1345 2489 1358 2503 i)

1344 2734 1357 2747 ))

1437 1510 1450 1524 ))

1415 2087 1460 2113 22.

1413 2384 1435 2408 Ι.»

1435 2381 1447 2407 ...χ

1473 716 1592 744 Orvieto.

2260 281 2337 307 Ριςει.
2366 281 2476 301 Numeros.

1630 326 1732 353 adhuc
1766 325 1955 354 beneficium
1995 331 2171 360 assecutus,
2204 329 2266 358 nisi

1630 374 1788 410 quoddam
1804 378 1899 402 tenue
1920 376 1986 403 sine
2002 383 2079 403 cura
2094 376 2185 410 cujus
2198 386 2266 413 pro-

1630 427 1743 451 ventus
1774 424 1909 451 duarum
1937 433 2115 453 marcarum
2141 428 2265 461 argenti

1630 473 1812 503 valentiam,
1831 473 1921 500 annis
1944 474 2089 509 singulis,
2111 475 2162 501 vix
2179 483 2270 503 exce—

1631 522 1720 556 dunt,
1736 522 1818 557 quod
1834 525 1881 550 est
1895 523 2055 557 resignare
2073 526 2215 558 paratus,
2234 524 2265 551 in

1631 571 1765 599 ecclesia
1779 580 1803 598 s.
1821 571 1940 598 Mariae
1955 571 1992 598 de
2008 572 2163 600 Alcazoba
2173 573 2265 600 Sanc—

1633 620 1808 648 tarenensis
1844 621 1875 647 in
1905 621 2135 655 portionarium
2166 622 2265 658 recipi

1631 668 1738 696 faciat.

1670 717 1803 745 Ordinat
1827 717 1911 752 quod
1936 717 2070 745 ecclesia
2096 726 2122 746 s.
2149 718 2289 753 Hilarii!
2320 719 2371 746 191
2403 719 2481 752 1406

1632 766 1829 794 Pictavensis
1846 766 1885 794 ab
1901 767 1988 794 omni
2005 767 2155 799 dominio,
2169 768 2270 801 juris-

1632 814 1771 842 dictione
1809 823 1843 842 ac
1878 818 2033 850 potestate
2071 817 2269 844 pictavensis

1632 864 1773 900 episcopi
1797 864 1898 891 libera
1918 868 1949 891 et
1968 868 2114 900 exempta
2137 873 2268 901 prorsus

1631 913 1747 940 existat
1760 916 1789 940 et
1800 913 1865 940 sedi
1881 913 2071 948 apostolicae
2083 914 2266 942 immediate

1631 970 1665 989 ac
1683 966 1838 998 perpetuo
1855 963 1998 995 subjecta
2018 966 2192 991 remaneat.

1669 1013 1789 1039 Statuit
1813 1015 1847 1039 ut
1869 1013 1900 1039 in
1921 1012 2054 1039 ecclesia
2074 1012 2159 1039 beati
2181 1012 2290 1045 Mar-l
2325 1012 2373 1040 191
2393 1015 2397 1046 Ι
2431 1013 2482 1041 105

1634 1060 1692 1087 tini
1706 1061 1899 1088 Turonensis
1913 1061 1995 1088 nulli
2008 1061 2045 1089 de
2059 1064 2162 1090 cetero
2175 1061 2270 1089 liceat

1631 1109 1695 1137 nisi
1715 1109 1844 1137 unicum
1866 1110 2054 1137 heneficium
2080 1119 2150 1137 cum
2177 1118 2269 1146 prae—

1632 1157 1733 1186 benda
1748 1159 1890 1186 obtinere
1904 1169 1911 1193 g
1929 1167 1979 1186 eos
1993 1163 2098 1187 autem
2117 1160 2173 1194 qui
2192 1162 2266 1187 tunc

1629 1207 1781 1242 temporis
1806 1207 1898 1243 plura
1917 1208 2022 1235 officia
2043 1208 2123 1235 inibi
2145 1208 2273 1236 obtine—

1631 1257 1719 1291 bant,
1735 1264 1772 1284 ea
1788 1258 1928 1284 retinere
1943 1257 2069 1284 tolerat.

1667 1306 1862 1333 Electionem
1880 1305 1916 1331 de
1929 1305 2086 1342 Philippo.
2105 1305 2266 1333 thesaura·
2284 1308 2289 1338 1
2323 1306 2375 1333 194
2391 1307 2396 1339 Ι
2430 1306 2482 1333 408

1632 1355 1678 1381 rio
1693 1354 1838 1383 Metensi.
1852 1355 1883 1381 in
1896 1355 2067 1382 Metensem
2084 1355 2266 1390 episcopum

1631 1404 1663 1430 in
1696 1403 1854 1431 discordia
1887 1404 2015 1435 factam,
2052 1405 2177 1431 irritam
2213 1404 2268 1432 de—

1631 1451 1742 1478 cernit.
2242 1480 2245 1483 ,

1668 1499 1883 1530 Timotheum,
1913 1499 2048 1526 electum
2076 1499 2292 1534 Zagabrien-l
2324 1499 2398 1533 194}
2430 1501 2481 1527 407

1629 1556 1710 1580 sem,
1740 1556 1834 1583 quem
1867 1551 1940 1575 tunc
1973 1547 2202 1575 subdiaconum
2239 1551 2269 1575 et

1630 1605 1729 1633 papae
1761 1597 1974 1632 capellanum,
2001 1596 2261 1625 archidiaconum

1631 1645 1887 1681 zagabriensem.
1913 1646 2079 1681 episcopus
2104 1647 2266 1674 Penestri-

1629 1705 1698 1728 nus,
1715 1696 1830 1730 rejecta
1851 1695 2003 1722 electione
2019 1695 2110 1730 prius
2129 1695 2213 1722 facta
2226 1695 2263 1723 de

1630 1744 1800 1780 Stephano,
1833 1743 1996 1778 capellano
2033 1744 2205 1779 apostolico
2235 1746 2266 1771 et

1630 1793 1769 1828 ejusdem
1790 1792 1969 1820 Penestrini
1987 1793 2124 1828 episcopi
2141 1796 2264 1828 nepote,

1628 1851 1665 1870 ne
1684 1843 1721 1869 ad
1741 1850 1865 1870 carnem
1883 1845 1912 1869 et
1929 1842 2115 1876 sanguinem
2137 1849 2266 1877 respec-

1627 1894 1694 1918 tum
1714 1891 1830 1919 habere
1851 1891 2028 1924 videretur,
2045 1890 2266 1918 commissione

1628 1940 1711 1967 sedis
1751 1940 1953 1974 apostolicae,
1994 1939 2124 1966 ecclesie
2163 1940 2265 1974 Zaga-

1629 1989 1749 2015 briensi
1768 1988 1956 2023 prefecerat.
1985 1988 2087 2015 eidem
2113 1988 2264 2016 ecclesiae

1628 2038 1776 2073 praeficit
1792 2038 1824 2064 in
1845 2038 2027 2072 episcopum
2045 2041 2074 2064 et
2094 2040 2261 2072 pastorem.

1666 2086 1699 2114 In
1718 2094 1743 2113 e.
1765 2094 1804 2112 m.
1831 2108 1850 2114 ..
1872 2087 2052 2121 praeposito
2074 2090 2104 2113 et
2126 2086 2287 2121 capitulo!
2325 2086 2393 2117 1941
2423 2088 2477 2116 403·

1629 2135 1906 2169 Zagahriensibus.
2433 2135 2481 2171 [bis

1666 2185 1700 2211 In
1713 2193 1739 2212 e.
1757 2194 1797 2212 m.
1818 2185 1901 2212 clero
1918 2183 2142 2218 Zagabriensis
2156 2184 2263 2212 civita-

1630 2235 1670 2261 tis
1686 2237 1715 2260 et
1734 2233 1880 2260 diocesis.

1667 2283 1699 2309 ln
1724 2290 1750 2310 e.
1773 2291 1811 2310 m.
1842 2281 1957 2318 populo
1983 2281 2204 2315 Zagahriensis
2225 2281 2265 2309 ci-

1630 2331 1738 2358 vitatis
1755 2335 1785 2358 et
1805 2330 1951 2358 diocesis.

1662 2380 1696 2406 In
1723 2388 1749 2407 e.
1774 2388 1816 2406 m.
1848 2379 1993 2406 vassallis
2027 2379 2177 2407 ecclesiae
2207 2379 2265 2406 Za·
2282 2380 2286 2411 Ι
2322 2379 2394 2413 1941
2424 2378 2476 2407 407

1628 2428 1816 2463 gahriensis.
2430 2427 2477 2463 [ter

1665 2478 1707 2504 De
1723 2478 1903 2513 provisione
1915 2485 2054 2511 congrua
2073 2477 2263 2512 assignanda
2281 2477 2286 2509 Ι
2317 2476 2369 2504 437
2385 2477 2393 2511 Ι
2423 2476 2478 2504 912

1611 2528 1658 2553 'in
1676 2527 1816 2562 Ungaria
1841 2527 1986 2561 episcopo
2010 2526 2164 2561 Aquinati
2185 2537 2198 2550 ι(
2225 2526 2263 2553 ab

1628 2576 1760 2603 ecclesia
1774 2584 1830 2602 sua
1842 2583 1896 2610 pei·
1910 2575 2054 2602 inimicos
2068 2575 2204 2602 Romane
2216 2583 2262 2603 ec-

1629 2625 1722 2652 clesie
1751 2624 1859 2658 fugato
1891 2634 1914 2657 u,
1945 2624 1992 2657 R,
2022 2624 2122 2651 sam-ti
2153 2624 2266 2658 Angeli

1628 2674 1758 2701 diacono
1781 2672 1936 2700 cardinali
1953 2673 2006 2701 dat
2029 2673 2220 2700 mandatum.
2282 2679 2343 2699 ιοιιιο
2359 2678 2389 2699 111

1661 2722 1905 2757 Archiepiscopo
1920 2722 2101 2749 Patracensi
2120 2722 2263 2756 indulget
2279 2723 2283 2754 Ι
2320 2721 2392 2755 1921
2410 2720 2475 2749 1381

1629 2774 1664 2798 ut
1690 2779 1759 2798 cum
1785 2770 1908 2797 duobus
1930 2770 2057 2798 clericis
2082 2770 2264 2804 dispensare

1628 2820 1733 2847 valeat
1747 2819 1828 2855 quod
1849 2819 1912 2846 duo
1930 2818 2080 2845 beneficia
2098 2818 2265 2846 ecclesias-

1628 2868 1701 2902 tica,
1719 2868 1845 2894 etiamsi
1861 2867 2033 2901 dignitates
2049 2866 2098 2894 vel
2119 2874 2263 2902 persona-
