2519 3262
204 252 263 282 152

204 335 244 364 ad
265 341 326 364 nos
346 331 439 361 nullo
455 328 623 368 pertinent
639 324 820 359 mediante,
835 321 1044 362 precavendo
1062 320 1213 359 ipsorum

205 381 508 423 indempnitatibus
523 381 555 410 et
566 376 773 418 profectibus
790 373 1006 408 intendendo,
1017 370 1213 402 discretioni

205 439 260 468 tue
288 437 326 467 (le
350 444 416 474 qua
443 434 576 473 plenam
602 430 761 461 fiduciam
779 428 930 467 gerimus
950 435 1010 465 per
1028 424 1215 464 apostoliea

207 490 332 528 scripta
360 487 561 518 mandamus
589 484 767 523 quatenus,
793 480 884 511 veris
914 477 1142 510 existentibus
1161 485 1214 506 su-

207 542 377 582 pradictis,
396 540 574 570 universos
601 536 753 567 redditus
771 535 803 564 et
819 536 1002 572 proventus
1021 531 1130 569 ipsius
1150 537 1216 559 mo·

208 594 359 630 nasterii,
374 593 576 629 ubicumque
594 590 687 628 ipsos
701 587 832 622 habeat,
846 595 904 625 per
922 587 953 615 te
971 585 1022 615 vel
1036 593 1094 623 per
1111 583 1216 612 alium

209 658 267 679 seu
285 648 369 678 alios
389 645 532 676 fideliter
555 642 668 682 colligi
693 641 832 677 faciens,
857 639 1037 670 medietate
1064 638 1216 675 ipsorum
1243 650 1244 653 =

210 702 432 740 proventuum
458 706 517 737 pro
542 695 789 726 sustentatione
814 692 946 723 abbatis
975 693 1007 721 et
1031 690 1218 720 conventus

210 753 359 792 eiusdem
387 750 584 781 monasterii
604 758 639 779 ac
658 756 717 787 pro
736 746 888 777 facienda
907 743 1139 783 hospitalitate
1158 741 1217 770 ibi-

210 808 284 837 ‹lem
312 805 465 844 portione
494 804 638 838 servata,
669 800 844 831 residuum
871 798 1047 829 convertas
1074 796 1107 825 in
1129 794 1218 824 solu-

210 861 300 890 tione
330 857 524 896 lmjusmodi
567 855 770 885 debitorum.
800 852 942 883 Proviso
973 859 1012 880 ne
1046 849 1219 880 residuum

212 912 394 942 eorundem
422 913 645 949 proventuum
674 908 708 937 in
736 915 819 936 usus
845 905 931 935 alios
959 904 1173 933 convertatur
1190 902 1221 930 et

212 965 299 1004 quod
319 964 419 994 iidem
439 962 542 993 abbas
572 963 603 992 et
623 961 808 991 conventus
832 958 939 998 parati
958 955 1150 995 hujusmodi
1168 954 1221 983 (le-

215 1018 284 1048 bita
310 1017 453 1051 solvere,
469 1016 567 1055 juxta
593 1015 730 1045 modum
755 1012 955 1052 predictum,
974 1010 1013 1039 ab
1029 1009 1138 1048 ipsius
1156 1016 1224 1038 mo-

214 1070 353 1101 nasterii
381 1069 605 1100 creditoribus
624 1067 760 1097 interim
779 1074 880 1104 super
897 1063 1065 1094 solutione
1084 1061 1223 1100 majoris

215 1132 345 1154 summe
375 1123 569 1152 nullatenus
598 1121 830 1151 molestentur.
860 1117 1132 1148 Contradictores
1160 1115 1221 1144 etc.

216 1185 320 1215 usque
352 1174 605 1214 compescendo.
642 1174 767 1204 Datum
805 1171 893 1210 apud
933 1169 1223 1203 Urbemveterem‚

216 1230 291 1259 idus
309 1228 509 1262 decembris,
528 1236 614 1257 anno
633 1226 743 1257 tertio.
766 1235 780 1255 ))

308 1421 402 1451 1229
758 1414 882 1441 Orvieto.
900 1414 933 1440 28
947 1412 1060 1448 janvier
1075 1411 1152 1438 1202.

252 1503 389 1536 Episcopo
415 1499 613 1527 Aurelianensi
641 1498 768 1525 concedit
800 1497 965 1524 facultatem
993 1495 1113 1522 faciendi
1138 1494 1223 1528 recipi

217 1560 303 1578 unum
324 1560 354 1577 ex
371 1550 430 1576 suis
444 1549 556 1576 clericis
576 1549 604 1575 in
621 1547 740 1574 ecclesia
755 1548 789 1573 de
806 1544 1020 1574 Reinorentim,
1038 1543 1225 1570 Aurelianen-

217 1601 255 1626 sis
280 1599 412 1629 diocesis,
441 1599 469 1625 in
498 1597 668 1625 canonicum
698 1599 722 1623 et
753 1595 1024 1629 intrati-em.(1{13c.
1052 1594 1095 1620 29.
1115 1592 1161 1619 sol.
1181 1593 1225 1623 ΩΤ,

217 1656 246 1675 ir*
262 1651 336 1679 277.)

256 1766 269 1783 a
291 1755 447 1794 Episcopo
466 1753 694 1783 .›lm·elic1›1e›1si.
718 1751 877 1782 Provenit
898 1759 939 1781 ex
968 1749 1158 1780 devotionis
1175 1767 1223 1778 —-.

221 1809 340 1838 Datum
368 1808 455 1846 apud
490 1806 780 1841 Urbemveterem,
807 1814 826 1834 v
855 1803 1017 1834 kalendas
1050 1802 1224 1837 februarii,

218 1870 303 1890 anno
322 1861 431 1891 tertio.
456 1870 470 1889 a

315 2056 406 2085 1230

757 2049 882 2080 ‹Ji-vieto,
898 2050 930 2076 28
943 2049 1056 2083 janvier
1077 2049 1154 2075 12111.

255 2137 389 2171 Magistro
408 2135 571 2166 (milleium,
592 2135 668 2161 (licto
687 2135 778 2167 Niyro.
801 2133 1002 2159 archidiacono
1022 2132 1180 2167 Sagalouin*
1200 2132 1227 2158 iu

218 2186 339 2212 ecc-lesia
366 2184 575 2216 Aurelianensi,
590 2183 716 2217 indulget
740 2184 770 2208 ut
793 2182 1043 2208 archidiaconatus
1067 2181 1226 2207 visitationi

220 2235 366 2261 insistens.
390 2235 543 2268 proventus
565 2232 724 2267 praebenda)
744 2230 957 2258 Aurelianensis
977 2231 1004 2257 iu
1019 2230 1149 2257 absentia
1167 2238 1229 2264 pcr-

219 2284 310 2318 eipcre
329 2283 432 2309 valcat.
453 2283 531 2317 tllnn.
546 2282 590 2312 29,
612 2281 660 2307 sol.
677 2282 710 2307 97
731 2285 772 2313 ΥΟ,
791 2285 822 2305 n⁰
841 2280 917 2313 278.)

261 2406 274 2421 a
294 2392 438 2432 Mayixtro
458 2390 630 2426 Guillclmo,
648 2390 727 2419 dicto
754 2390 870 2428 Nigro,
892 2388 1105 2418 archidiacono
1132 2390 1231 2426 Sti-qa-

225 2446 303 2475 lunio
329 2446 358 2474 in
387 2444 511 2474 ecclesia
540 2443 756 2473 Aurelianensi
779 2444 827 2473 De
855 2444 912 2473 tua
940 2443 972 2472 et
1002 2441 1231 2481 subjectarum

222 2499 281 2529 tibi
311 2506 531 2536 personarum
567 2497 675 2526 salute
703 2495 883 2532 sollicitus,
919 2495 1008 2525 circa
1037 2503 1075 2525 ea
1107 2503 1170 2533 que
1198 2495 1231 2524 in

222 2551 495 2581 archidiaconatu
541 2551 598 2579 tuo
638 2549 808 2588 Sigalonie
850 2549 968 2578 limam
1014 2547 1232 2578 correctionis

226 2604 424 2642 exposcunt,
453 2603 540 2632 sicut
567 2602 706 2638 asseris,
736 2601 891 2641 disponis
914 2601 1087 2631 intendere
1113 2602 1143 2630 et
1170 2600 1230 2630 ibi-

226 2657 313 2691 dem,
334 2657 432 2694 prout
452 2655 490 2685 ad
507 2657 538 2685 te
562 2655 601 2685 de
618 2655 757 2694 antiqua
774 2657 805 2685 et
824 2653 1010 2693 approbata
1025 2655 1057 2684 et
1071 2654 1232 2684 hactenus

224 2710 358 2748 pacifice
388 2708 567 2738 observata
595 2707 839 2738 consuetudine
859 2707 1027 2746 pertinere
1054 2707 1230 2745 proponis,

223 2761 431 2792 visitationis
458 2760 606 2790 osticium
625 2769 793 2791 exercere.
811 2761 883 2791 Nos
903 2760 1018 2799 igitur,
1032 2759 1100 2789 tuis
1117 2761 1149 2790 et
1180 2768 1232 2789 ve-

225 2814 387 2845 nerabilis
409 2814 524 2843 fratris
543 2814 668 2844 nostri.
684 2838 690 2843 .
714 2812 972 2843 Aurelianensis
991 2812 1153 2851 episcopi,
1174 2821 1233 2850 pro

224 2870 254 2898 te
269 2867 488 2906 apostolicam
499 2867 642 2905 gratiam
653 2866 880 2904 implorantis,
894 2864 1052 2905 precibus
1065 2865 1230 2899 inclinati,

225 2921 394 2951 devotioni
414 2922 469 2950 tue
494 2919 692 2950 auctoritate
711 2919 895 2958 apostolica
914 2918 1129 2957 indulgemus
1147 2920 1181 2949 ut
1201 2918 1233 2948 in

955 235 1198 269 REGISTRES
1226 233 1439 265 D’URBAIN
1467 232 1524 263 IV.

1273 317 1391 347 eodem
1409 316 1683 346 archidiaconatu
1700 314 1895 354 hujusmodi
1913 313 2060 344 officium
2083 314 2283 350 exercendo,

1272 370 1385 408 possis
1411 370 1595 408 proventus
1611 367 1780 407 prebende
1797 369 1853 398 tue
1868 367 2129 398 Aurelianensis
2152 376 2228 398 cum
2245 376 2283 398 ea

1272 423 1466 462 integritate
1481 422 1666 461 percipere,
1684 421 1865 451 cotidianis
1881 419 2182 451 distributionibus
2202 421 2289 450 dun-

1272 478 1366 507 taxat
1383 475 1546 514 exceptis,
1565 484 1639 505 cum
1657 483 1723 513 qua
1738 474 1820 504 ‘illos
1836 474 2030 513 perciperes
2049 473 2077 503 si
2095 474 2128 503 in
2147 474 2220 512 ipsa
2236 482 2283 503 ec-

1274 530 1379 561 clesia
1403 529 1629 568 personaliter
1657 527 1836 563 resideres,
1867 527 1913 557 ita
1943 526 2033 566 quod
2062 526 2198 556 interim
2228 534 2288 565 pro

1275 583 1445 614 residente
1470 582 1504 612 in
1530 582 1605 620 ipsa
1621 580 1764 611 ecclesia
1780 580 1960 619 reputeris.
1978 580 2054 610 Non
2071 579 2286 610 obstantibus

1276 635 1449 675 aliquibus
1474 635 1655 665 contrariis
1682 633 1793 673 ipsius
1819 633 1961 664 ecclesie
1985 632 2290 663 consuetudinibus

1276 689 1329 720 vel
1346 689 1483 719 statutis
1497 688 1702 727 juramento,
1721 686 1977 718 confirmatione
1994 686 2086 716 sedis
2105 685 2289 724 apostolice

1277 745 1333 773 aut
1359 742 1426 772 alia
1450 741 1571 781 quavis
1586 741 1745 771 firmitate
1765 740 1915 776 vallatis,
1935 748 1995 770 seu
2012 747 2224 778 quacumque
2243 739 2288 768 in-

1277 796 1450 835 dulgentia
1480 794 1664 834 apostolice
1688 794 1780 824 sedis
1807 802 1867 831 per
1883 801 1984 832 quam
2002 793 2141 823 effectus
2157 800 2292 830 presen-

1277 850 1362 880 tium
1398 848 1556 887 impediri
1587 848 1702 886 posset
1738 847 1791 877 vel
1823 846 2078 885 quomodolibet
2114 845 2291 875 retardari.

1278 903 1374 933 Nulli
1392 911 1470 941 ergo
1485 903 1598 932 nostre
1615 900 1846 931 concessionis
1862 901 2044 938 etc.usque
2061 899 2290 929 incursurum.

1280 955 1504 987 Presentibus
1526 956 1602 993 post
1619 954 1806 984 triennium
1825 953 1965 983 minime
1984 952 2153 982 valituris.
2168 952 2293 982 Datum

1282 1009 1369 1049 apud
1388 1008 1678 1043 Urbemvetererm
1706 1017 1725 1037 v
1741 1006 1905 1037 kalendas
1923 1005 2098 1041 februarii,
2123 1013 2209 1035 anno
2232 1006 2297 1035 ter-

1281 1063 1341 1093 110.
1360 1073 1374 1091 p

1378 1253 1469 1284 1231

1824 1249 1950 1282 orriolo,
1967 1250 2000 1277 28
2017 1248 2130 1284 janvier
2147 1248 2223 1275 1204.

1322 1337 1492 1371 Episcopum
1510 1335 1746 1362 Aurelianensem
1764 1334 1893 1368 prsedicti
1911 1333 2013 1360 indulti
2032 1334 2150 1367 deputat
2169 1336 2300 1359 executo-

1286 1394 1357 1412 rem.
1376 1386 1454 1420 [line.
1470 1386 1514 1416 29,
1537 1384 1584 1412 fol.
1603 1386 1636 1412 97
1656 1390 1693 1415 νῦ,
1714 1392 1740 1409 n.
1756 1384 1831 1418 279.)

1327 1513 1341 1530 a
1360 1501 1519 1541 Episcopo
1544 1500 1766 1530 Aurelianensi.
1784 1498 1937 1529 Dilectus
1958 1498 2049 1527 filius
2069 1497 2230 1536 magister
2248 1515 2297 1526 -.

1286 1556 1410 1586 Datum
1439 1554 1527 1593 apud
1562 1553 1851 1588 Urbemoeterem,
1877 1562 1894 1580 v
1927 1551 2091 1581 kalendas
2122 1549 2297 1583 februarii,

1286 1618 1373 1639 anno
1392 1608 1503 1639 tertio.
1527 1618 1541 1636 »

1382 1797 1476 1828 1232
1830 1791 1955 1824 Orvieto,
1972 1791 2004 1819 18
2017 1790 2130 1826 janvier
2150 1789 2227 1816 1264.

1324 1879 1533 1906 Archidiaeono
1557 1877 1770 1905 'tarentasiensi
1796 1877 1915 1902 mandat
1941 1878 1970 1902 ut
2000 1875 2129 1905 Radutt'o,
2162 1874 2301 1901 canonico

1287 1929 1416 1955 eeclesiw
1444 1928 1643 1962 Augustensis,
1685 1926 1780 1960 nepoti
1817 1924 2026 1958 archiepiscopi
2061 1922 2302 1950 Tarentasieusis.

1287 1978 1321 2003 de
1342 1978 1427 2003 domo
1451 1977 1479 2003 in
1497 1977 1598 2003 eadem
1629 1975 1750 2002 ecelesia
1781 1974 1940 2008 provideat.
1962 1973 2041 2008 (nso.
2068 1972 2112 2003 29,
2133 1971 2180 1998 sol.
2209 1973 2242 1998 97
2266 1977 2302 2001 νῦ,

1289 2032 1317 2052 no
1334 2026 1408 2059 280.)

1329 2144 1344 2162 (t
1363 2132 1586 2162 :ircliidiacono
1621 2131 1855 2161 Taremasiensi.
1885 2131 2051 2170 Exposuit
2079 2129 2177 2160 nobis
2202 2129 2301 2160 dilec-

1290 2189 1344 2217 tus
1359 2204 1406 2214 —.
1428 2186 1551 2216 Datum
1578 2185 1664 2224 apud
1693 2185 1982 2218 Ubenweterein,
2009 2193 2054 2214 xv
2078 2183 2241 2214 kalendas
2259 2182 2303 2213 fe—

1290 2239 1432 2276 bruarii,
1450 2248 1536 2269 anno
1553 2239 1662 2269 tertio.

1384 2432 1479 2462 1233
1833 2427 1958 2458 orricio,
1980 2428 2011 2455 18
2026 2427 2140 2462 junvier
2157 2426 2234 2453 1264.

1328 2514 1459 2548 Capitulo
1478 2513 1666 2547 Augiistensis
1694 2512 1823 2539 ecclesia*
1843 2513 1959 2539 mandat
1978 2514 2007 2538 ut
2033 2511 2198 2538 Radulfum.
2217 2518 2307 2545 nepo-

1292 2566 1352 2589 tem
1375 2562 1583 2597 archiepiscopi
1613 2561 1855 2593 'l'arentasiensis,
1888 2561 1917 2587 in
1952 2560 2122 2588 canonicum
2154 2559 2306 2594 recipiant.

1293 2612 1373 2646 tileo,
1390 2614 1435 2646 20,
1449 2611 1497 2638 l‘ol.
1513 2613 1546 2639 97
1565 2617 1600 2637 w.
1619 2617 1648 2637 n⁰
1664 2612 1741 2643 281.)

1335 2724 1349 2742 α
1371 2711 1518 2752 Capitale
1534 2712 1652 2742 ecclesie
1668 2712 1877 2752 Auyustensis.
1895 2712 2061 2751 Exposuit
2084 2711 2183 2742 nobis
2206 2711 2308 2742 dilee-

1294 2769 1350 2797 tus
1366 2785 1414 2796 —.
1437 2767 1560 2796 Datum
1586 2766 1675 2805 apud
1703 2765 1992 2801 L'rhemveterem,
2021 2774 2060 2794 xv
2084 2765 2247 2796 kalendas
2265 2764 2311 2795 se-

1296 2819 1436 2855 bruarii,
1457 2828 1544 2850 anuo
1563 2819 1674 2850 tertio.
1694 2830 1708 2847 »
