2659 3242
124 202 181 232 128

137 1022 206 1050 1263

117 1079 190 1102 nov.
211 1072 255 1100 24.

281 1022 399 1050 Orvieto.

946 195 1101 226 TABLES
1127 195 1179 225 DU
1201 193 1403 225 REGISTRE
1426 193 1621 224 D'URBAIN
1649 194 1688 224 tv
1818 205 1830 215 x

1068 290 1143 314 iuges.
1174 290 1282 310 Numeros,

441 340 600 375 episcopos
633 342 663 366 et
697 339 858 375 episcopos
892 347 926 366 ac
961 339 991 365 iu
1020 346 1073 365 ca—

441 388 634 415 thedralium
675 392 704 415 et
745 387 882 415 aliarum
922 387 1073 415 ecclesia-

440 446 525 469 rum,
553 437 718 464 domorum
751 440 781 464 et
808 437 1083 466 monasteriorum,

437 489 501 513 tam
519 489 737 521 exemptorum
755 492 851 520 quam
871 493 930 513 non
946 493 1076 520 exemp-

438 537 553 569 tormu,
568 534 723 569 praelatos
740 537 770 561 et
782 534 928 569 clericos,
944 542 1075 562 conven-

440 586 490 610 tus
521 587 550 610 et
586 583 739 618 capitula,
776 591 894 610 necnon
931 583 1073 616 comites,

437 632 569 659 barones
581 634 612 659 et
626 631 759 664 nobiles,
775 634 958 667 potestates,
974 634 1076 659 recto-

437 688 497 713 res,
537 681 669 716 balivos,
707 680 851 712 consilia,
888 681 1077 711 eommunia,

439 730 664 757 universitates
701 734 730 757 et
768 730 897 765 populos
937 729 1074 757 locorum

438 779 655 815 quorumlibet
694 780 793 814 ipsius
831 779 1008 813 legationis,
1049 781 1079 804 et

440 835 657 863 quascumque
675 836 824 863 personas
846 827 1077 855 ecclesiasticas

438 880 467 904 et
484 877 673 908 saeculares,
698 876 841 911 publicas
866 879 896 903 et
922 877 1072 911 privatas,

438 929 469 952 et
491 929 590 953 terras
613 926 751 960 ipsorum
775 925 911 959 ejusdem
941 925 1074 960 legatio-

438 975 495 1009 nis,
513 983 583 1001 cum
603 974 721 1001 viderit
738 974 896 1008 expedire.

475 1023 582 1050 Eidem
598 1023 741 1050 concedit
758 1023 941 1050 facultatem
955 1022 1077 1057 dispen-
1092 1023 1096 1055 Ι
1129 1021 1182 1049 303
1198 1022 1202 1054 Ι
1235 1020 1288 1048 615

439 1073 527 1099 sandi
546 1081 615 1099 cum
634 1072 758 1099 clericis
776 1072 912 1106 partium
931 1071 1074 1106 Angliae,

442 1121 572 1148 Walliae
585 1124 615 1147 et
631 1121 802 1148 Hiberniae
817 1121 974 1147 defectum
990 1122 1075 1147 nata-

436 1170 514 1197 lium
531 1169 738 1205 patientibus,
755 1170 837 1205 quod
855 1178 962 1196 eorum
982 1169 1074 1204 quili-

436 1219 488 1245 bet
521 1219 617 1253 possit
646 1220 677 1245 in
705 1219 861 1255 susceptis
892 1219 1074 1246 ministrare

435 1267 612 1300 ordinibus,
637 1269 816 1302 promoveri
838 1268 875 1294 ad
893 1268 1073 1302 superiores

435 1320 465 1343 et
486 1316 735 1344 ecclesiasticum
752 1317 954 1348 beneficium,
972 1324 1078 1351 perso-

437 1369 545 1393 natum
580 1367 631 1394 vel
668 1366 869 1401 dignitatem,
903 1366 1074 1401 episcopali

434 1414 601 1442 dumtaxat
626 1418 767 1450 excepta,
791 1416 886 1442 etiam
915 1415 940 1441 si
965 1423 1072 1442 curam

436 1463 551 1491 habeat
587 1464 778 1496 animarum,
813 1464 984 1491 dummodo
1014 1471 1074 1490 non

433 1512 495 1539 sint
512 1513 549 1539 de
566 1512 723 1539 adulterio
740 1513 787 1539 vel
810 1512 934 1552 incestu¹
950 1521 1004 1540 seu
1027 1520 1071 1539 re-

434 1560 602 1594 gularibus
620 1561 794 1596 procreati:
810 1561 854 1588 ita
870 1563 974 1588 tamen
990 1561 1073 1596 quod

434 1609 529 1636 iidem
563 1610 671 1638 clerici
703 1610 741 1637 ad
775 1610 912 1641 ordines,
942 1611 1073 1637 statutis

433 1658 640 1693 temporibus,
655 1666 687 1685 se
704 1658 823 1686 faciant
843 1659 1021 1693 promoveri
1043 1661 1073 1685 et

434 1707 643 1742 personaliter
661 1708 819 1734 resideant
835 1709 866 1735 in
884 1708 1012 1735 eisdem.

471 1756 579 1783 Eidem
602 1757 743 1784 concedit
761 1756 946 1784 facultatem
965 1758 1053 1792 provi
1065 1772 1073 1776 -
1089 1758 1092 1790 Ι
1125 1757 1177 1785 304
1194 1757 1199 1791 1
1232 1757 1285 1784 625

435 1803 528 1830 dendi
555 1805 696 1840 quinque
723 1806 866 1840 personis
889 1805 1010 1832 idoneis
1039 1806 1071 1832 in

434 1853 576 1880 ecclesiis
597 1844 670 1880 suae
689 1854 857 1888 legationis
879 1853 1072 1880 cathedrali—

434 1901 493 1928 bus
509 1905 537 1928 et
554 1902 625 1929 aliis
643 1902 678 1928 de
697 1902 859 1929 beneficiis
878 1902 1072 1930 ecclesiasti-

434 1950 487 1981 cis,
508 1950 705 1985 praebendis,
729 1951 948 1985 personatibus
969 1955 998 1978 et
1024 1951 1074 1977 di-

433 1999 622 2034 gnitatibus,
638 2008 707 2026 cum
724 2008 799 2026 cura
816 2004 845 2027 et
859 2001 926 2027 sine
937 2008 1024 2027 cura.
1043 2003 1073 2026 et

434 2047 570 2074 faciendi
594 2056 741 2082 personas
764 2049 848 2083 ipsas
869 2049 900 2076 in
923 2049 1075 2076 ecclesiis.

435 2096 467 2122 in
490 2097 605 2132 quibus
621 2097 666 2124 eis
682 2098 842 2132 provisum
859 2097 1030 2129 exstiterit,
1047 2099 1072 2123 si

434 2146 620 2180 collegiatae
638 2146 768 2181 suerint,
790 2148 820 2173 in
836 2148 1001 2174 canonicos
1018 2155 1071 2173 seu

437 2195 568 2222 clericos
579 2196 687 2230 recipi,
698 2203 815 2223 necnon
826 2198 857 2222 et
865 2197 1072 2224 contradicto-

438 2252 487 2271 res
498 2252 552 2279 per
565 2252 729 2271 censuram
745 2245 1007 2280 ecclesiasticam,
1023 2253 1074 2280 ap-

437 2293 606 2328 pellatione
631 2294 814 2328 postposita,
842 2294 1071 2329 compescendi.

475 2342 583 2369 Eidem
607 2343 752 2377 indulget
767 2346 800 2370 ut
817 2343 925 2370 clerici
940 2343 1000 2374 sui,
1019 2343 1074 2378 qui
1092 2344 1096 2376 1
1129 2343 1202 2376 3051
1235 2343 1287 2370 629

437 2400 543 2418 secum
558 2400 679 2418 moram
696 2393 852 2418 traxerint
870 2392 919 2419 vel
934 2392 1023 2427 alibi,
1038 2392 1075 2419 de

440 2440 585 2468 mandato
599 2448 665 2469 suo,
682 2449 736 2475 pro
749 2441 929 2475 hujusmodi
942 2441 1077 2476 negotiis

439 2488 664 2519 laboraverint,
705 2494 873 2523 proventus
907 2489 1077 2517 beneficio-

439 2545 522 2572 rum,
542 2537 745 2572 dignitatum,
763 2541 988 2573 personatuum
1008 2547 1077 2565 suo-

440 2595 520 2619 rum,
559 2586 754 2621 quotidianis
790 2587 1072 2615 distributionibus

439 2633 605 2660 dumtaxat
620 2635 769 2670 exceptis,
790 2643 861 2661 cuin
881 2643 917 2661 ea
937 2636 1072 2670 integri-

440 2685 503 2710 tate
517 2683 678 2718 percipere
694 2684 832 2712 valeant.
846 2692 915 2710 cum
929 2692 993 2719 qua
1004 2684 1074 2711 illos

439 2733 639 2766 perciperent
659 2733 685 2759 si
701 2732 910 2766 personaliter
929 2733 960 2759 in
979 2734 1073 2760 eccle-

439 2780 506 2811 siis,
532 2780 563 2806 in
587 2781 703 2816 quibus
720 2780 882 2811 beneficia,
903 2781 1074 2815 dignitates

439 2831 471 2855 et
488 2831 675 2863 personatus
699 2829 764 2864 ipsa
783 2829 974 2862 obtinerent,
997 2831 1076 2857 resi-

438 2877 557 2904 dorent.

1346 392 1418 412 nov.
1441 384 1486 414 24.

1383 493 1397 507 7)
1458 492 1471 507 ))

1385 885 1399 899 ))
1463 884 1476 898 t)

1383 1275 1397 1289 ))
1459 1274 1473 1290 >)

1383 1815 1396 1830 ))
1456 1814 1472 1831 ))

1421 2350 1427 2369 x

1385 2401 1398 2416 2)
1459 2400 1472 2414 ))

1460 2547 1473 2561 ))

1384 2889 1397 2904 ))
1461 2888 1476 2903 ))

1506 336 1626 363 orvieto.

2300 289 2378 314 Pagos.
2408 289 2520 308 sumen-0⁸.

1704 335 1809 362 Eidem
1850 335 1977 362 mandat
2007 339 2163 370 quatenus
2191 337 2324 371 hujus-l
2357 337 2431 369 3051
2463 337 2518 365 630

1665 384 1747 411 modi
1764 388 1937 419 proventus
1955 385 2051 412 dictis
2067 385 2192 412 clericis
2204 385 2303 413 faciat

1666 434 1788 468 integre
1802 433 1990 460 ministrari.
2304 441 2366 461 tome
2384 441 2416 461 ιιι

1706 482 1859 517 Episcopo
1880 482 2057 516 Agennensi
2079 481 2207 509 mandat
2221 487 2320 518 qua-l
2360 483 2409 510 132
2425 485 2430 516 Ι
2447 483 2518 511 1166

1668 534 1771 563 tenus,
1791 540 1809 557 a
1830 531 1983 565 magistro
2009 530 2168 565 Stephano
2190 531 2227 559 de
2252 531 2307 558 Bi-

1669 580 1774 611 terris,
1787 580 1935 606 canonico
1947 579 2096 607 ecclesiae
2112 581 2303 615 Vasatensis,

1667 628 1703 655 de
1733 629 1917 656 canonicatu
1945 632 1973 656 et
2006 629 2183 664 praebenda
2208 629 2304 658 libere

1667 678 1866 713 resignatone
1883 681 2018 713 recepta,
2035 679 2256 706 canonicatum
2275 683 2307 707 et

1667 728 1878 763 praebendam
1909 727 2082 755 Guillelmo
2112 728 2149 755 de
2174 728 2304 762 Bedato,

1668 779 1817 804 canonico
1835 777 1986 804 ecclesiae
2007 777 2043 804 de
2060 777 2181 807 Mauso,
2202 778 2308 805 confe-

1669 830 1727 854 rat.
2310 833 2372 853 tome
2387 832 2419 853 111

1704 875 1807 903 Petro.
1831 876 1979 902 canonico
1995 875 2193 908 Bononiensi,
2215 883 2307 902 man—
2323 876 2328 908 Ι
2359 875 2408 903 361
2427 874 2520 910 12198

1668 924 1721 952 dat
1743 928 1775 951 ut
1790 924 1988 960 Bonannum,
2006 924 2171 957 clericum,
2193 927 2303 952 natum

1669 973 1824 1000 Venturae
1845 973 2017 1001 Merciadri
2040 973 2076 1000 de
2097 973 2212 1008 Barga,
2233 973 2307 1001 nul—

1669 1022 1731 1050 lum
1753 1022 1943 1049 beneficium
1961 1025 2155 1057 assecutum,
2172 1023 2302 1050 obtentu

1667 1072 1716 1103 R,
1735 1081 1758 1100 S.
1780 1072 1893 1107 Angeli
1915 1072 2040 1099 diaconi
2067 1072 2249 1103 cardinalis,
2272 1073 2304 1099 in

1667 1120 1801 1148 ecclesia
1826 1129 1851 1147 s.
1877 1120 2097 1155 christophori
2123 1120 2160 1146 de
2188 1120 2304 1155 Barga,

1667 1170 1813 1196 Lucanae
1835 1169 1979 1199 diocesis,
1996 1171 2027 1196 in
2046 1169 2231 1197 canonicum
2254 1177 2305 1196 re-

1665 1218 1728 1253 cipi
1745 1218 1850 1245 faciat.
2307 1225 2369 1244 tome
2386 1224 2417 1244 ιι]

1701 1266 1817 1294 Abbati
1831 1276 1854 1295 s.
1870 1267 1970 1301 Eligii
1987 1267 2203 1294 Noviomensis
2220 1275 2304 1294 man-
2320 1269 2325 1299 Ι
2359 1267 2411 1294 369
2427 1269 2432 1301 Ι
2448 1266 2518 1294 2228

1665 1315 1718 1342 dat
1731 1319 1766 1342 ut
1782 1316 1932 1347 Martino.
1949 1315 2134 1350 presbytero
2155 1316 2305 1344 canonico

1666 1365 1817 1392 ecclesiae
1845 1365 1882 1391 de
1912 1365 2047 1399 Nigella‚
2074 1365 2305 1399 Novioinensis‚

1666 1413 1814 1444 diocesis,
1837 1413 2000 1448 capellano
2018 1414 2155 1441 Simonis
2175 1414 2212 1440 de
2233 1414 2305 1440 Cla-

1666 1466 1819 1497 romonte,
1829 1463 1948 1490 domini
1960 1463 1997 1490 de
2007 1463 2144 1497 rogalia,
2156 1463 2306 1498 praeben-

1665 1511 1791 1537 damin
1825 1511 1934 1538 eadem
1964 1512 2110 1543 ecclesia,
2140 1514 2303 1538 vacantem

1667 1567 1721 1594 per
1737 1560 1982 1594 resignationem
2007 1560 2153 1594 magistri
2169 1559 2303 1587 Gerardi

1666 1609 1702 1635 de
1729 1610 1908 1643 Betencurt,
1939 1609 2116 1641 confirmet,
2148 1616 2208 1636 non
2233 1608 2307 1636 obs-

1666 1657 1749 1684 tante
1770 1658 1964 1692 oppositione
1982 1658 2105 1692 Angeli,
2123 1659 2191 1685 nati
2210 1657 2307 1685 Ohis-

1665 1707 1749 1733 sonis
1773 1706 1811 1734 de
1836 1706 2021 1742 Columpna,
2048 1707 2228 1742 praedictae
2255 1714 2306 1734 ec-

1666 1756 1779 1783 clesiae
1797 1756 1950 1784 canonici.
2311 1763 2372 1783 tome
2387 1762 2419 1783 m

1699 1804 1940 1832 Bartholomaeo
1965 1805 2002 1832 de
2026 1805 2159 1841 Montes,
2183 1806 2321 1839 rectori!
2355 1804 2515 1838 37112241

1666 1854 1816 1881 ecclesiae
1833 1854 1869 1880 de
1889 1855 2079 1889 Soranvilla‚
2096 1855 2302 1882 Treverensis

1665 1902 1809 1937 diocesis,
1821 1902 2045 1938 obsequiorum
2054 1903 2302 1931 consideratione

1665 1960 1745 1987 quae
1764 1951 1922 1986 quondam
1936 1952 2113 1979 Herbertus
2132 1952 2169 1979 de
2185 1953 2304 1987 vireio,

1666 1999 1835 2026 canonicus
1856 1999 2016 2034 Metensis,
2039 2000 2215 2027 avunculus
2230 2000 2307 2027 Bar-

1667 2047 1848 2079 tholomaei,
1866 2048 1999 2075 Metensi
2015 2049 2166 2076 eeclesiae
2188 2050 2220 2076 in
2238 2057 2306 2084 pro·

1664 2097 1826 2123 secutione
1841 2098 1959 2131 negotii
1977 2097 2141 2125 electionis
2154 2098 2253 2125 sactae
2267 2098 2305 2126 de

1666 2145 1824 2180 Philippo,
1851 2147 1906 2180 qui
1932 2153 1963 2172 se
1989 2154 2044 2180 pro
2065 2146 2210 2182 episcopo
2236 2146 2306 2174 Me-

1668 2196 1747 2222 tensi
1773 2194 1911 2228 gerebat.
1931 2194 1967 2221 ad
1989 2194 2128 2228 ejusdem
2153 2195 2304 2222 ecclesiae

1666 2245 1808 2278 regimen
1859 2243 2030 2279 impendit,
2084 2244 2305 2271 canonicatum

1666 2293 1805 2327 ejusdem
1845 2292 2010 2325 ecclesiae,
2050 2296 2213 2320 vacantem
2250 2301 2306 2328 per

1667 2342 1807 2375 ejusdem
1832 2341 1981 2368 IIerberti
2001 2344 2146 2375 mortem,
2170 2342 2372 2369 conformem
2389 2348 2423 2370 111

1702 2391 1843 2417 Priorem
1864 2399 1888 2417 s.
1915 2390 2136 2425 symphoriani
2157 2394 2186 2418 et
2211 2390 2326 2424 deca-1
2359 2391 2409 2418 371
2427 2390 2521 2425 1:2242

1666 2447 1740 2466 num
1764 2439 1934 2466 Metensem
1958 2439 2137 2474 praedictae
2161 2439 2308 2466 collatio-

1666 2488 1714 2515 nis
1732 2491 1915 2515 executores
1932 2487 2071 2522 deputat.
2310 2494 2372 2514 tome
2390 2494 2423 2515 ιιι

1703 2536 1934 2564 .›x1·chidiacono
1959 2536 2190 2564 Constantiensi
2214 2539 2324 2569 man-l
2358 2537 2430 2568 3731
2447 2537 2518 2565 2251

1664 2585 1719 2612 dat
1737 2589 1772 2612 ut
1787 2585 1996 2612 Guillelmum
2013 2585 2050 2612 de
2065 2585 2305 2617 Subniontibus,

1666 2637 1820 2662 rectorem
1865 2634 2015 2662 ecclesiae
2058 2635 2095 2662 de
2133 2635 2303 2669 Trungei0‚

1666 2683 1848 2710 Baiocensis
1863 2683 2009 2711 diocesis.
2033 2683 2063 2709 in
2080 2683 2305 2718 possessionem

1667 2732 1806 2767 ejusdem
1827 2732 1977 2759 eeclesiae
2002 2733 2119 2763 mittat,
2139 2735 2243 2759 amoto
2267 2732 2305 2759 ab

1666 2789 1703 2809 ea
1714 2782 1861 2816 Hernico,
1873 2782 1956 2809 dicto
1969 2781 2109 2811 Jtaubenc,
2120 2781 2304 2816 presbytero

1667 2830 1806 2865 ejusdem
1823 2831 1968 2858 diocesis.
2307 2836 2368 2856 tom
2387 2835 2418 2856 ιιι

1701 2879 1896 2911 Bertoldmn,
1925 2879 2015 2914 cujus
2039 2879 2163 2910 electio,
2182 2879 2324 2910 exaud-t
2357 2878 2409 2906 373
2427 2879 2518 2911 12253
