2519 3262
202 190 261 220 238

201 272 343 312 gratiam
373 269 566 309 specialem.
587 267 785 306 dignitatem
817 265 870 296 vel
900 266 1118 304 personatum
1145 264 1217 294 sine

201 334 279 356 cura
312 324 345 354 in
370 323 513 354 ecclesia
540 321 691 360 predicta
724 321 802 349 tuno
833 318 989 357 proximo
1008 319 1216 353 vacaturum,

203 377 441 408 conserendum
458 373 631 404 donationi
654 371 838 411 apostolice
857 371 1018 401 duximus
1047 379 1217 401 reservan-

202 431 294 466 dum,
327 429 546 459 decernentes
578 426 714 457 irritum
743 426 775 455 et
797 425 896 455 inane
927 424 956 454 si
981 433 1079 454 secus
1108 424 1147 454 de
1179 432 1216 454 eo

204 482 390 522 apostolica
406 481 459 511 vel
480 480 601 519 quavis
625 479 691 509 alia
717 477 917 508 auctoritate
940 477 1149 516 contingeret
1170 478 1215 506 at-

201 535 371 574 temptari,
383 543 419 564 ac
437 534 555 564 dantes
572 532 668 562 vobis
686 530 926 562 nichilominus
943 539 1002 569 per
1012 532 1146 561 nostras
1163 529 1217 559 lit-

202 590 292 619 teras
315 588 348 618 in
367 587 547 621 mandatis,
568 587 604 616 ut
620 593 680 615 vos
694 584 747 614 vel
767 584 852 614 alter
864 585 1014 614 vestrum
1036 583 1145 613 eidem
1166 591 1217 612 ca-

202 641 336 680 pellano
345 641 382 670 de
394 639 543 678 predicta
551 639 713 677 dignitate
725 637 776 667 vel
785 639 967 676 personatu
976 636 1216 675 cu1·aretis‚per

202 703 262 724 vos
276 694 328 724 vel
342 702 400 732 per
415 693 531 728 alium,
547 691 736 730 providere.
750 690 1092 720 Contradictoresetc.
1108 697 1216 728 usque

201 746 456 786 compescendo.
473 746 600 776 Verum
618 744 707 783 quia,
723 743 809 773 sicut
827 743 1031 781 accepimus,
1048 743 1081 772 in
1098 742 1215 772 eadem

202 800 344 831 ecclesia
362 799 506 838 quedam
525 798 637 829 officia
662 797 814 828 existunt
835 805 899 836 que
919 805 984 826 non
1010 803 1215 826 consuevere

203 853 266 883 sul)
284 853 461 891 dignitatis
477 851 529 882 vel
554 852 758 890 personatus
774 849 938 880 vocabulo
962 847 1212 887 comprehendi,

202 914 275 941 nos,
294 908 330 936 ut
353 905 440 935 idem
460 904 656 943 capellanus
676 903 761 934 fante
779 903 845 933 sibi
863 902 970 942 gratie
988 902 1087 932 citius
1102 909 1216 931 conse-

202 961 324 998 quatur
338 959 503 993 effectum,
525 958 683 988 volumus
700 957 740 987 ad
767 956 961 995 hujusmodi
978 955 1089 985 officia
1114 954 1211 985 colla-

201 1013 340 1046 tionem,
359 1011 601 1050 provisionem,
623 1010 888 1040 reservationem
904 1012 935 1039 et
955 1009 1126 1039 decretum
1144 1016 1214 1046 pre—

201 1065 289 1096 dicta
303 1064 450 1095 extendi.
475 1064 621 1103 Ideoque
644 1063 845 1093 mandamus
866 1062 1027 1101 quatinus
1045 1061 1085 1091 ad
1104 1061 1215 1100 provi-

202 1119 331 1149 sionem
355 1118 435 1148 dicti
461 1117 614 1156 magistri
641 1117 682 1147 de
706 1116 821 1155 aliquo
852 1116 962 1146 officio
990 1116 1022 1145 et
1051 1115 1214 1154 dignitate

202 1171 253 1201 vel
272 1172 453 1210 personatu
471 1171 581 1209 ipsius
597 1170 738 1200 ecclesie
758 1170 831 1199 sine
850 1177 940 1203 cura,
956 1169 1051 1208 Juxta
1070 1168 1214 1198 formam

201 1224 298 1255 vobis
317 1225 487 1260 traditam,
518 1223 721 1266 procedatis.
738 1224 862 1254 Datum
888 1223 975 1261 apud
995 1221 1212 1253 Urbemvete-

204 1285 286 1313 rem,
308 1286 340 1306 VI
363 1277 438 1307 idus
455 1276 656 1312 decembris
674 1285 761 1306 anno
778 1275 890 1306 tertio.
907 1284 923 1304 »

773 1456 899 1490 Orvicto,
914 1457 948 1484 30
967 1456 1039 1482 avril
1062 1456 1140 1483 1204.

295 1460 391 1490 1603

237 1542 372 1577 Magistro
391 1541 520 1568 Michaeli
541 1542 574 1568 de
596 1541 679 1576 Fara,
711 1540 850 1567 canonico
866 1539 1076 1573 Suessioncnsi,
1096 1540 1213 1566 mandat

202 1594 231 1618 ut
248 1592 404 1618 (luidonem
422 1592 456 1617 ‹le
475 1591 545 1617 Fara
564 1590 714 1621 clericum,
736 1589 848 1616 nullum
871 1589 963 1616 adhuc
982 1589 1153 1616 beneficium
1170 1597 1214 1615 as-

202 1643 343 1671 secutum,
360 1641 479 1667 obtentu
496 1639 611 1670 Mariae,
628 1640 762 1666 dominae
777 1639 811 1665 de
835 1639 917 1669 Fara,
944 1638 1142 1665 Lauduuensis
1159 1638 1217 1665 dio-

201 1689 285 1720 cesis,
307 1689 336 1716 111
352 1688 473 1716 ecclesia
494 1688 723 1723 Aurigniacensi,
752 1688 881 1723 ejusdem
902 1687 1036 1719 diocesis,
1054 1687 1082 1714 in
1102 1687 1217 1714 canoni-

201 1746 266 1764 cum
295 1738 382 1772 recipi
413 1738 495 1765 saciat
526 1738 606 1771 eique
636 1738 670 1764 dc
695 1737 857 1771 praehenda
882 1737 1039 1771 provideat.
1069 1736 1146 1771 1111311.
1170 1737 1213 1766 29,

201 1786 251 1813 sol.
274 1788 332 1818 1237,
352 1787 468 1821 110053.)

242 1907 257 1926 1(
279 1895 424 1935 Mayistro
444 1894 586 1924 itliclzaeli,
602 1893 638 1923 de
652 1894 744 1929 Fara,
763 1894 909 1923 canonico
928 1893 1147 1923 Suessioncnsi.
1172 1894 1213 1923 Et

203 1949 230 1978 si
252 1948 292 1978 ad
324 1966 370 1978 —.
404 1949 527 1978 Datum
560 1948 647 1986 apud
670 1947 961 1980 Urbemveterem,
992 1956 1011 1975 11
1051 1946 1214 1976 kalendas

205 2002 296 2037 maii,
318 2010 404 2031 anno
427 2001 536 2031 tertio.
553 2010 569 2029 ))

792 2184 916 2213 Orvieto,
937 2184 953 2209 9
973 2183 1043 2210 avril
1069 2183 1143 2210 12131.

297 2187 389 2218 1604

239 2271 492 2305 ⁴xi-chiprcshytcro
506 2270 540 2296 de
558 2270 715 2303 Langusco.
728 2268 881 2295 Januensis
896 2267 1032 2297 diocesis.
1051 2268 1167 2295 mundat
1186 2270 1213 2294 ut

203 2321 298 2353 l'ctro,
317 2322 383 2346 nato
410 2319 535 2353 llugonis
565 2318 692 2349 Blanchi,
707 2317 822 2344 comitis
840 2317 993 2350 Lavaniac,
1008 2317 1214 2351 consanguinei
1247 2329 1248 2336 1

202 2372 247 2401 ().,
263 2378 284 2395 s⁴
302 2368 418 2395 Adriani
432 2367 544 2394 diaconi
559 2367 724 2399 cardinalis,
744 2367 863 2393 obtentu
885 2367 1013 2393 Andreae
1029 2367 1063 2393 de
1080 2365 1214 2395 Lavauia,

203 2417 344 2452 capellani
360 2417 522 2451 apostolici,
546 2415 740 2443 archidiaconi
763 2415 926 2446 Janucnsis,
944 2415 1024 2450 cujus
1045 2414 1122 2441 idem
1140 2414 1214 2440 exis-

204 2467 238 2494 tit
253 2466 386 2497 clericus,
402 2466 436 2492 dc
453 2465 596 2500 dignitate
611 2464 654 2491 vel
665 2464 788 2492 rectoria
805 2464 835 2491 in
850 2463 973 2491 ecclesia
984 2463 1132 2495 Januensi,
1147 2471 1212 2489 cum

204 2524 271 2542 cura
288 2515 331 2542 vcl
349 2515 410 2541 sinc
425 2523 502 2544 cura,
522 2514 680 2548 provideat.
705 2514 783 2545 (111111.
798 2513 907 2546 29,1“1)1.
930 2514 977 2540 157
994 2517 1034 2540 v0.
1050 2516 1081 2539 11ο
1096 2512 1158 2539 054.

245 2632 260 2646 11
280 2619 539 2659 Archipresbilero
557 2619 593 2649 de
609 2619 779 2659 Lanqasco,
798 2619 960 2649 darmensis
979 2618 1115 2649 diocesis.
1132 2618 1214 2649 Illos

205 2672 349 2711 benigno
371 2671 532 2702 debemus
558 2691 608 2701 —.
627 2671 752 2702 Datum
776 2671 864 2710 apud
888 2671 1177 2707 Urbemveterem,
1197 2681 1214 2700 v

205 2724 282 2756 idus
299 2724 429 2764 aprilis,
450 2733 536 2755 anno
552 2725 663 2756 tertio.
678 2733 695 2754 »

959 179 1204 212 REGISTRES
1230 178 1443 210 D’URBAIN
1474 179 1531 209 IV.

1850 264 1974 294 Orvieto,
1996 265 2027 292 12
2047 264 2119 292 avril
2137 265 2215 292 1265.

1366 265 1383 295 1
1390 264 1462 295 605

1311 348 1449 382 Episcopo
1462 348 1633 375 Abrincensi
1649 349 1779 375 concedit
1800 348 1969 375 facultatem
1985 357 2050 376 cum
2077 357 2133 376 uno
2147 350 2182 376 de
2205 349 2287 377 cleri-

1274 396 1314 422 cis
1330 396 1620 431 1ρ511151115ροῑ1511η111
1639 400 1679 424 ut.
1701 406 1757 424 non
1783 398 1915 424 obstante
1940 398 2147 425 constitutione
2169 399 2287 426 eoncilii

1275 445 1429 479 generalis,
1448 446 1502 472 duo
1520 446 1669 476 beneficia,
1691 454 1789 472 curam
1813 446 1949 473 habentia
1966 446 2144 473 animarum.
2166 446 2286 474 insimul

1275 494 1399 520 retinere
1419 494 1541 521 micant.
1562 495 1638 526 (111111,
1657 496 1702 521 29.
1720 495 1768 521 sol.
1789 496 1837 522 157
1856 501 1892 526 νο,
1910 501 1940 522 11ο
1953 496 2029 525 655.)

1314 606 1331 626 «
1351 596 1510 636 Episcopo
1536 596 1726 628 Abrinccnsi.
1747 598 1855 628 Tuam
1882 597 2033 629 volentes
2055 598 2220 629 honorare
2237 617 2287 629 —.

1274 650 1399 680 Datum
1413 650 1500 688 apud
1520 649 1809 685 Urbemveterem,
1830 659 1852 680 11
1873 651 1950 681 idus
1967 651 2100 690 aprilis,
2119 660 2206 682 anno
2224 655 2287 682 ter-

1274 703 1334 733 tio.
1354 715 1368 729 1)

1876 857 2003 891 Orvieto,
2018 858 2034 884 2
2048 857 2120 885 avril
2140 859 2216 886 1264.

1366 860 1382 889 1
1389 859 1462 890 606

1311 942 1450 977 Episcopo
1474 942 1592 969 Senensi
1613 942 1730 968 mandat
1748 945 1790 973 ut,
1811 942 1834 969 si
1854 942 1987 976 expedire
2010 942 2126 975 viderit,
2145 945 2289 970 rectorem

1274 991 1412 1018 ccclesiae
1428 992 1462 1018 dc
1476 992 1602 1018 Ccrcano
1627 992 1766 1025 quasdam
1785 990 1984 1025 possessiones
1996 991 2125 1026 ejusdem
2150 991 2289 1019 ecclesiae

1275 1043 1455 1067 commutare
1471 1041 1632 1075 permittat.
1650 1041 1729 1075 (Rau.
1748 1041 1793 1072 29,
1809 1040 1858 1067 sol.
1880 1041 1927 1068 157
1944 1046 1982 1072 γ’,
2000 1045 2031 1066 n⁰
2045 1041 2120 1075 656.)

1316 1154 1333 1174 «
1352 1143 1509 1183 Episcopo
1525 1142 1664 1174 Senensi.
1680 1144 1730 1174 Ex
1746 1146 1841 1183 parte
1859 1144 1973 1175 dilecti
1991 1163 2040 1175 —.
2059 1145 2185 1175 Datum
2199 1145 2289 1184 apud

1277 1197 1566 1230 Urbemveterem.
1588 1208 1635 1228 1111
1655 1207 1760 1229 nonas
1779 1199 1911 1238 aprilis,
1934 1208 2021 1230 anno
2038 1200 2148 1230 tertio.
2168 1209 2184 1228 »

1368 1358 1461 1388 1607
1853 1357 1979 1391 Orvicto,
1999 1358 2034 1386 30
2047 1358 2120 1385 avril
2138 1359 2215 1386 1264.

1309 1440 1433 1468 Johanni
1454 1440 1582 1475 Cotl'crii‚
1604 1441 1855 1476 archipresbytero
1871 1442 1904 1468 de
1919 1442 2182 1476 Monte—Andronis,
2200 1443 2289 1470 xanc-

1274 1490 1406 1517 tonensis
1426 1489 1559 1523 diocesis,
1576 1490 1729 1517 ecclesiam
1749 1499 1772 1517 s.
1794 1491 1933 1524 Medardi,
1955 1491 2177 1526 Burdegalensis
2195 1491 2288 1518 dioce-

1275 1539 1327 1567 sis.
1340 1548 1355 1565 a
1373 1548 1402 1565 sc
1419 1539 1554 1566 collatam
1567 1538 1654 1566 fuisse
1668 1540 1807 1566 declarat.
1821 1540 1902 1574 (Rea.
1919 1540 1964 1571 29,
1985 1539 2032 1567 sol.
2052 1540 2100 1567 157
2113 1547 2152 1571 vo,
2170 1544 2202 1567 11ο
2212 1540 2290 1574 657.)

1315 1649 1330 1669 t(
1347 1638 1482 1668 dohanni
1503 1639 1645 1678 Coffcrii,
1671 1639 1933 1680 archipresbytero
1951 1639 1985 1669 de
1999 1640 2287 1677 ,Home-Andronis,

1274 1692 1495 1723 sanctonensis
1509 1692 1644 1724 diocesis.
1668 1694 1800 1723 Meritis
1816 1693 2001 1724 laudabilis
2019 1694 2288 1724 conversationis

1275 1763 1324 1777 —.
1342 1747 1439 1783 Sane,
1457 1755 1532 1777 cum
1558 1747 1735 1777 ecclesiam
1754 1747 1862 1777 sancti
1879 1747 2042 1783 Medardi,
2061 1747 2289 1787 Burdegalen-

1275 1800 1323 1830 sis
1338 1801 1495 1836 diocesis
1524 1801 1564 1830 ad
1582 1800 1723 1830 liberam
1750 1801 2015 1840 resignationem
2034 1800 2203 1839 quondam
2221 1809 2289 1831 ma-

1274 1854 1371 1893 gistri
1390 1855 1554 1885 Forconis
1574 1854 1614 1884 de
1631 1854 1802 1889 Talantia,
1819 1854 1985 1892 capellani
2004 1854 2122 1889 nostri,
2146 1855 2288 1884 rectoris

1274 1908 1425 1947 ejusdem
1441 1908 1591 1941 ecclesie,
1612 1916 1648 1937 ac
1666 1907 1897 1946 postmodum,
1915 1907 2090 1946 capellano
2107 1908 2181 1946 ipso
2199 1907 2288 1946 apud

1275 1961 1389 1991 sedem
1413 1961 1635 1999 apostolicam
1656 1960 1758 1991 rebus
1781 1961 1941 1990 humanis
1965 1963 2136 1999 exempto,
2154 1961 2287 1991 canoni·

1273 2017 1385 2044 catum
1407 2017 1439 2044 et
1450 2013 1665 2052 prebendam,
1683 2022 1768 2052 quos
1787 2014 1875 2044 idem
1893 2013 2089 2052 capellanus
2101 2014 2135 2044 in
2145 2013 2289 2045 ecclesia

1275 2067 1380 2097 sancti
1412 2067 1564 2097 Severini
1593 2066 1867 2105 Burdegalensis,
1895 2066 2008 2096 obitus
2037 2067 2090 2096 sui
2120 2070 2286 2106 tempore,

1275 2120 1459 2155 obtinebat,
1487 2120 1549 2150 tibi
1576 2129 1611 2150 ac
1640 2120 1763 2150 dilecto
1788 2120 1858 2150 tilio
1889 2120 2052 2159 magistro
2077 2120 2223 2150 Johanni
2247 2120 2287 2151 de

1274 2174 1430 2204 Galliano
1441 2174 1565 2204 dictam
1577 2173 1754 2203 ecclesiam
1767 2173 1874 2203 sancti
1887 2173 2052 2209 Medardi,
2063 2175 2095 2204 te
2108 2174 2219 2212 ipsam
2227 2182 2288 2213 per

1272 2228 1328 2266 jus
1344 2227 1405 2257 tibi
1423 2227 1627 2266 acquisitum
1654 2227 1687 2256 in
1706 2235 1743 2257 ea
1769 2229 1889 2265 sponte
1905 2229 1938 2257 et
1957 2226 2063 2257 libere
2079 2227 2284 2266 resignante.

1266 2281 1419 2316 ¹dilectus
1441 2280 1532 2310 tilius
1549 2282 1664 2310 noster
1683 2280 1734 2311 Ο..
1755 2280 1862 2310 sancti
1876 2280 2018 2311 Adriani
2039 2280 2202 2311 diaconus
2217 2289 2288 2310 car—

1275 2334 1412 2369 111113115,
1433 2334 1472 2364 de
1490 2333 1630 2372 speciali
1652 2333 1810 2364 mandato
1827 2336 1943 2364 nostro
1963 2333 2048 2364 facto
2065 2333 2132 2364 sibi
2151 2333 2287 2364 oraculo

1275 2389 1350 2418 vive
1366 2390 1471 2423 vocis,
1487 2387 1700 2420 contulisset,
1717 2395 1778 2417 nos
1789 2387 1938 2423 demum,
1958 2387 2038 2426 quia
2057 2387 2147 2417 idem
2163 2387 2287 2426 magis-

1275 2444 1325 2472 ter
1340 2441 1511 2472 Johaunes
1529 2441 1562 2470 in
1580 2441 1712 2480 prefata
1728 2441 1836 2471 sancti
1853 2441 2007 2472 Severini
2024 2440 2179 2477 ecclesia,
2200 2440 2286 2472 litte-

1275 2504 1387 2525 rarum
1412 2497 1606 2526 nostrarum
1631 2494 1843 2529 auctoritate,
1873 2494 1969 2533 prius
1994 2496 2150 2533 receptus
2177 2493 2288 2524 fuerat

1274 2549 1309 2579 in
1332 2549 1530 2579 canonicum
1546 2549 1577 2578 et
1599 2548 1633 2577 in
1662 2548 1812 2583 fratrem,
1838 2547 1990 2578 volentes
2008 2547 2097 2586 quod
2118 2548 2191 2586 ipse
2213 2556 2285 2586 pre-

1273 2602 1417 2632 bendam
1434 2601 1572 2632 haberet
1589 2601 1742 2636 eandem,
1754 2600 1884 2640 prefato
1901 2601 2065 2631 cardinali
2079 2602 2114 2631 ut
2128 2610 2146 2631 a
2163 2603 2196 2631 te
2213 2609 2285 2640 pre-

1273 2656 1439 2686 dictorum
1452 2654 1670 2685 canonicatus
1680 2657 1709 2685 et
1728 2653 1909 2693 prebende,
1925 2663 1961 2684 ac
1979 2663 1997 2684 a
2014 2654 2103 2684 dicto
2122 2654 2287 2693 magistro

1271 2708 1424 2739 ,Iohanne
1441 2708 1550 2747 ipsius
1568 2707 1710 2737 ecclesie
1726 2707 1834 2737 sancti
1856 2707 2009 2738 Medardi
2035 2707 2182 2745 receptis
2200 2707 2284 2737 resi-

1271 2761 1489 2801 gnationibus
1504 2760 1634 2796 liberis,
1655 2760 1718 2791 tibi
1737 2760 1878 2791 eandem
1895 2760 2074 2791 ecelesiam
2092 2760 2200 2791 sancti
2218 2760 2286 2791 Me-

1271 2815 1379 2851 dardi,
1400 2823 1475 2845 cum
1505 2813 1640 2853 juribus
1655 2816 1685 2844 et
1714 2814 1929 2852 pertinentiis
1952 2813 2037 2847 suis,
2066 2815 2098 2844 et
2122 2813 2285 2852 quicquid

1270 2868 1487 2907 supradictus
1503 2867 1666 2906 magister
1686 2866 1772 2897 forte
1790 2867 1824 2897 in
1836 2875 1874 2897 ea
1892 2866 1945 2897 vel
1966 2866 2076 2905 ipsius
2093 2865 2284 2901 occasione,
