2659 3242
168 246 231 277 266

191 524 267 553 1264
353 527 480 554 Ormi-10.

169 574 238 610 iuil.
274 575 320 603 17.

199 982 211 997 ι
268 973 315 1000 18.
385 990 408 993 -

196 1256 208 1271 D
277 1257 289 1271 Ι
382 1263 421 1266 *—-

193 2496 206 2511 D
274 2495 287 2511 D
379 2501 419 2506 ·—⁴

190 2751 202 2767 ἱ
271 2752 283 2767 Ι
375 2758 410 2762 —

1008 244 1179 275 TABLES
1199 243 1260 274 DU
1282 243 1502 274 REGISTRE
1523 244 1732 274 D'URBAIN
1756 246 1798 274 lv

1102 339 1190 364 Pauca.
1204 337 1338 358 Numeros.

536 394 608 419 livio
632 394 798 429 providere
822 394 939 420 valeat.

1128 457 1190 473 tome
1213 453 1242 473 ΠΙ

577 525 762 561 Praeposito
797 526 945 553 ecclesiae
972 534 995 553 S.
1023 530 1116 554 Geor-
1138 525 1217 564 1235
1239 523 1337 564 1208‘3

535 575 575 606 gii
597 574 792 601 Coloniensis
814 576 947 602 mandat
971 577 1006 602 ut
1029 576 1130 603 Gode-

532 623 650 650 fridum
672 624 710 650 de
732 623 882 658 Elistorp,
905 623 1052 651 clericum
1071 623 1129 650 Co-

536 672 683 699 loniensis
702 672 843 705 diocesis,
870 673 1005 699 obtentu
1030 673 1124 699 comi-

537 721 577 747 tis
589 721 788 754 Juliacensis‚
800 721 829 748 in
839 721 968 748 ecclesia
979 728 1018 748 ss.
1028 723 1128 756 Apos-

535 770 671 796 lolorum
692 770 926 796 Coloniensium
949 770 980 796 in
1001 770 1128 797 canoni-

531 826 612 852 cum,
635 819 693 846 sub
719 819 956 854 exspectatione
981 819 1130 853 praeben-

530 868 600 900 dae,
629 868 727 901 recipi
746 867 854 895 iaciat.

589 974 720 1000 Mandat
799 975 834 1001 ut
911 975 1101 1000 mercatores
1154 971 1158 1011 Ι
1175 970 1233 998 327
1255 970 1259 1010 Ι
1276 971 1335 998 689

529 1021 700 1050 civitatum
724 1023 866 1054 Tusciae,
884 1022 940 1057 qui
963 1021 1125 1050 mandatis

529 1071 712 1105 apostolicis
732 1077 841 1106 parere
859 1071 1061 1105 paratisunt,
1075 1070 1123 1104 Ju-

528 1120 667 1147 beantur
684 1121 724 1147 ad
743 1120 909 1147 civitatem
927 1118 1133 1146 Assisinatem

527 1175 559 1195 se
575 1170 748 1196 transferre
779 1168 890 1203 ibique
921 1167 1048 1194 morari.

567 1247 772 1275 Patriarchae
843 1248 862 1275 J
867 1246 1102 1274 erosolimitano
1125 1246 1128 1285 Ι
1145 1246 1205 1274 419
1251 1245 1256 1285 Ι
1272 1246 1330 1273 866

527 1297 657 1323 mandat
678 1296 807 1323 nunciet
829 1296 1121 1324 excommunicatos

526 1345 726 1372 Christianos
766 1345 945 1373 sarracenis
973 1351 1059 1372 arma
1083 1346 1116 1372 et

527 1394 588 1421 alia
618 1394 705 1421 vitae
734 1394 906 1421 necessaria
937 1393 1122 1421 deferentes.

549 1495 1031 1523 l‘atriarchaejerosolimitano,
1050 1502 1137 1528 apos·
1154 1496 1157 1527 Ι
1177 1494 1235 1520 419
1251 1493 1257 1526 Ι
1274 1494 1331 1520 867

527 1543 641 1570 [olicae
680 1544 762 1570 sedis
793 1544 908 1577 legato,
954 1543 1119 1577 archiepis-

525 1593 613 1627 copis
655 1593 687 1619 et
728 1592 896 1626 episcopis,
940 1600 973 1619 ac
1010 1592 1124 1618 ceteris

523 1642 722 1669 ecclesiarum
779 1641 938 1675 praelatis,
1003 1647 1123 1668 necnon

522 1691 653 1719 Militiae
677 1690 809 1724 Templi,
834 1690 935 1719 sancti
959 1690 1124 1722 Johannis,

522 1742 651 1769 sanctae
689 1740 806 1768 Mariae
858 1739 1124 1767 'theutonicorum

521 1791 685 1817 domorum
715 1788 883 1823 magistris,
914 1789 945 1815 et
973 1788 1123 1816 Gauri-ido

521 1841 559 1866 de
595 1838 797 1866 Sraziniissen
834 1838 964 1870 escalco,
988 1837 1123 1864 Henrico

523 1887 640 1921 bajulo,
667 1887 807 1915 Johanni
829 1886 867 1913 de
889 1885 992 1912 Biblio
1018 1892 1132 1913 mares-

521 1937 617 1969 calco,
653 1936 792 1963 ,iohanni
827 1935 936 1962 comiti
957 1935 1121 1969 Joppensi,

521 1986 554 2011 ct
565 1985 703 2013 ,Iohanni
716 1984 843 2012 domino
854 1984 1021 2018 Beritensi,
1034 1986 1113 2013 aliis-

520 2040 582 2068 que
624 2033 792 2066 nobilibus,
845 2035 1110 2062 communitatum

521 2082 711 2115 consulibus,
744 2083 980 2111 fraternitatum
1012 2086 1110 2111 recto-

520 2132 606 2158 ribus
633 2133 665 2157 et
691 2132 814 2158 cunctis
837 2130 956 2159 Christi
971 2133 1116 2160 fidelibus

522 2181 553 2207 in
582 2187 678 2214 regno
708 2180 967 2208 Jerosolimitano
1004 2183 1120 2209 consti-

521 2229 601 2256 tutis
629 2231 760 2257 mandat
782 2231 941 2264 quatenus
972 2232 1011 2258 ad
1041 2232 1127 2266 pacis

521 2279 554 2305 et
575 2279 761 2306 concordiae
783 2279 901 2307 foedera
924 2279 1122 2308 reformanda

519 2329 602 2355 inter
624 2328 782 2355 discordes
803 2328 834 2355 in
856 2331 970 2356 Terrae
989 2329 1123 2357 Sanctae

519 2377 663 2411 partibus
689 2378 766 2404 dent
791 2384 930 2411 operam.

1119 2440 1183 2459 tome
1204 2436 1236 2459 ΙΙΙ

563 2485 882 2520 Archipresbyterum
961 2488 1108 2516 ecclesiae
1127 2484 1131 2524 l
1169 2489 1207 2517 87
1228 2487 1234 2528 Ι
1252 2489 1328 2516 1098

521 2534 731 2562 Ferrariensis
818 2536 996 2564 collationis
1088 2537 1119 2565 in

519 2581 662 2610 favorem
712 2585 929 2612 Justamontis
980 2587 1020 2613 de
1045 2586 1120 2614 Val—

518 2632 582 2659 lero
613 2632 727 2666 editae,
766 2635 966 2661 executorem
1003 2635 1118 2663 consti-

516 2680 589 2708 tuit.
1114 2699 1177 2716 tome
1199 2696 1230 2717 111

560 2743 718 2778 Episcopo
747 2744 885 2772 Tullensi
906 2746 1038 2773 mandat
1069 2748 1104 2773 ut
1123 2741 1128 2782 Ι
1144 2743 1206 2775 297
1225 2741 1231 2783 Ι
1251 2748 1327 2776 1878

520 2792 559 2818 ab
584 2792 734 2826 Aubrico,
760 2795 882 2821 rectore
907 2795 1056 2822 ecclesiae
1080 2795 1119 2823 de

518 2840 605 2874 Aroi,
639 2841 796 2869 Tullensis
830 2843 972 2877 diocesis,
1008 2843 1118 2871 morbo

1415 640 1489 669 1264

1392 690 1462 724 juil.
1500 692 1545 718 18.

1421 1654 1433 1668 ιι
1502 1656 1513 1670 r

1416 2057 1428 2071 ι
1497 2057 1508 2071 ι

1499 2310 1510 2324 ι

1416 2713 1428 2727 ι
1497 2713 1508 2727 ι

1575 643 1702 671 Orvielo.

2330 340 2416 366 Panes.
2430 340 2566 363 nument»

1761 394 1937 427 paralytico
1965 401 2121 428 percusso,
2149 395 2359 429 resignatione

1760 444 1900 476 recepta,
1929 444 2072 470 eamdem
2100 444 2266 471 rectoriam
2294 451 2359 471 ma-

1760 491 1858 521 gistro
1901 491 2049 519 Guerrico
2091 492 2130 519 de
2172 491 2355 525 sansonie,

1761 539 1966 573 Lingonensis
1999 540 2140 573 diocesiS,
2173 540 2325 568 conterat.

2353 591 2416 609 tome
2438 588 2468 609 m

1798 646 1920 673 ,Iacobo
1950 646 2118 679 Pictavim',
2149 647 2258 681 nepoti
2280 654 2345 674 ma·
2366 646 2370 686 Ι
2387 647 2446 674 297
2467 645 2473 686 Ι
2491 647 2563 676 1881

1761 693 1851 728 gistri
1881 694 2052 727 Michaelis,
2084 696 2213 722 sanctae
2242 695 2359 723 Boma-

1760 750 1818 769 nae
1846 743 1993 770 ecclesiae
2018 743 2276 777 vicecancellarii,
2303 745 2357 771 ob-

1762 793 1853 818 tentu
1876 792 2018 825 ejusdem
2039 792 2209 826 Michaelis,
2232 793 2358 820 canoni—

1759 842 1867 867 catum
1889 841 2036 868 secularis
2056 841 2202 868 ecclesiae
2223 848 2246 868 s.
2268 841 2358 869 Pauli

1762 889 1977 916 Narbonensis
2009 890 2142 917 confert.

2351 953 2415 971 tome
2437 949 2467 971 ΙΙΙ

1799 996 1992 1031 Episcopum
2008 996 2289 1024 carcassonensem
2307 998 2340 1024 et
2359 991 2364 1031 Ι
2381 996 2441 1024 297
2461 995 2467 1036 Ι
2485 996 2564 1025 1882

1760 1044 1909 1071 abbatem
1926 1052 1949 1071 s.
1965 1045 2090 1080 Papuli,
2103 1045 2278 1073 Tolosanae
2291 1045 2358 1073 dio-

1756 1093 1845 1126 cesis,
1865 1094 2047 1128 praedictae
2065 1094 2242 1121 collationis
2259 1094 2357 1129 depu-

1756 1143 1807 1169 tat
1827 1144 2019 1170 executores.

2347 1205 2412 1224 tome
2434 1202 2464 1223 ΙΙΙ

1791 1248 1942 1283 Magistro
1959 1249 2095 1276 Henrico
2107 1249 2192 1276 dicto
2203 1249 2340 1282 Ρὴαηίη,
2361 1248 2366 1287 Ι
2383 1248 2443 1276 298
2463 1248 2468 1288 Ι
2486 1248 2563 1276 1897

1754 1297 1865 1324 clerico
1883 1298 2075 1325 Ossoriensis
2093 1298 2234 1330 diocesis,
2253 1298 2355 1325 indul-

1755 1347 1808 1380 get
1830 1347 1864 1372 ut
1886 1348 2012 1380 praeter
2030 1348 2169 1382 quatuor
2189 1345 2353 1380 beneficia,

1753 1401 1890 1429 quorum
1921 1397 2096 1429 proventus
2127 1396 2267 1422 valorem
2299 1403 2354 1423 an-

1754 1451 1853 1471 nuum
1873 1443 2004 1477 triginta
2024 1452 2202 1471 marcarum
2229 1444 2352 1471 sterlin-

1755 1499 1865 1526 gorum
1908 1499 1971 1519 non
2013 1493 2182 1526 excedunt,
2225 1492 2352 1520 unicum

1754 1541 1839 1568 aliud
1863 1542 1999 1576 recipere
2023 1544 2053 1568 et
2079 1542 2213 1569 retinere
2235 1541 2352 1569 valeat.

2348 1591 2412 1610 tome
2434 1587 2465 1610 lu

1792 1647 1943 1682 Magistro
1966 1648 2132 1675 Guillelmo
2148 1648 2285 1676 Rolandi
2298 1649 2338 1676 de
2357 1647 2362 1687 Ι
2377 1647 2438 1676 303
2461 1646 2467 1687 Ι
2485 1647 2562 1676 1917

1752 1696 1928 1729 Aureliaco,
1967 1697 2129 1731 capellano
2166 1697 2352 1732 apostolico,

1752 1745 1850 1780 priori
1866 1746 1904 1773 de
1922 1746 2056 1779 Dausac,
2072 1746 2151 1780 juris
2167 1746 2267 1774 civilis
2282 1752 2352 1781 pro-

1751 1793 1872 1828 fessori,
1906 1794 2175 1822 Claromontensis
2209 1794 2350 1828 diocesis,

1753 1843 1976 1870 canonicatum
1999 1845 2030 1871 et
2052 1844 2266 1878 praebendam
2287 1850 2350 1871 non

1753 1892 1982 1919 sacerdotalem
2017 1892 2049 1919 in
2084 1892 2212 1920 ecclesia
2245 1892 2351 1920 Claro-

1749 1941 1907 1967 mentensi
1934 1940 2067 1968 confert.

2346 1991 2410 2009 tome
2432 1987 2463 2010 ΙΙΙ

1787 2048 1817 2075 S.
1847 2048 1990 2075 Amantii
2011 2048 2107 2082 Burgi
2121 2048 2336 2075 Ruthenensis
2356 2045 2437 2087 Ι303
2459 2046 2464 2087 Ι
2482 2047 2560 2076 1918

1747 2097 1779 2123 et
1802 2097 1918 2123 Portus
1941 2096 2008 2130 Dei,
2032 2096 2264 2124 Lemovicensis
2285 2097 2352 2124 dio·

1754 2151 1870 2178 cesum,
1885 2145 2003 2180 priores
2016 2145 2198 2180 praedictae
2211 2145 2351 2173 collatio-

1750 2193 1799 2220 nis
1816 2195 2000 2221 executores
2017 2194 2163 2229 deputat.

2345 2244 2408 2262 tome
2430 2240 2461 2262 ΙΙΙ

1787 2300 2017 2328 Archidiacono
2061 2300 2208 2328 ecclesiae
2250 2301 2336 2328 Men·
2357 2299 2437 2340 1304
2457 2298 2464 2340 Ι
2481 2299 2560 2328 1⁹25

1751 2356 1803 2377 sae
1821 2349 2071 2385 pampilonensis
2089 2350 2220 2377 mandat
2239 2351 2275 2377 ut
2291 2351 2348 2377 Pe—

1750 2400 1835 2426 trum
1869 2399 2008 2431 Garsiae‚
2044 2398 2228 2425 Stellensem
2262 2398 2348 2426 cleri-

1751 2454 1833 2480 cum,
1852 2447 2016 2474 alumnum
2033 2446 2176 2482 magistri
2192 2447 2349 2475 Johannis

1749 2496 1888 2529 Garsiae‚
1915 2496 2069 2531 capellani
2096 2495 2271 2531 apostolici,
2298 2504 2349 2524 ca-

1748 2544 1852 2572 nonici
1877 2545 2048 2578 Trecensis,
2075 2545 2107 2571 in
2132 2544 2261 2572 ecclesia
2285 2547 2347 2579 Ty-

1746 2594 1906 2621 rasonensi
1928 2594 1958 2621 in
1991 2594 2221 2629 portionarium
2253 2594 2349 2628 recipi

1747 2641 1856 2670 (aciat,
2339 2643 2402 2662 tome
2424 2640 2455 2662 ΙΙΙ

1787 2704 1944 2739 Episcopo
1973 2705 2125 2732 Paduano
2148 2705 2280 2732 mandat
2295 2707 2329 2732 ut
2351 2704 2432 2743 1304
2453 2703 2554 2744 {1927

1748 2753 1962 2780 Balzanellum
1978 2754 2017 2780 de
2035 2753 2174 2788 Valegio,
2188 2753 2345 2787 clericum,

1747 2803 1860 2829 natum
1884 2802 1997 2828 nobilis
2020 2802 2079 2828 viri
2103 2802 2282 2836 Piscatoris,
2305 2803 2346 2830 ci-

1746 2850 1796 2877 vis
1826 2850 2004 2883 Mantuani,
2036 2851 2068 2877 in
2099 2850 2227 2878 ecclesia
2257 2851 2345 2878 Man-

1751 2902 1849 2927 tuana
1866 2899 1897 2926 in
1918 2900 2117 2934 canonicum,
2137 2900 2194 2926 sub
2208 2905 2339 2934 exspec-
