2519 3262
167 216 208 246 94
930 218 1174 250 REGISTRES
1202 219 1416 251 D'CRBAIN
1447 221 1504 251 IV.

170 299 277 330 tiandi
294 301 325 330 et
343 299 569 331 sententiandi
582 300 719 331 licentia
734 301 886 339 speciali,
902 301 1016 333 habito
1029 303 1179 342 plurium
1210 320 1213 336 ·.

169 351 336 384 bonorum
353 353 504 384 virorum
523 353 677 390 consilio,
702 354 741 384 de
768 355 907 393 speciali
929 356 1087 387 mandato
1109 365 1182 395 pre-

169 405 251 436 dicti
271 405 398 436 domini
415 406 535 441 nostri,
551 407 799 438 sententialiter
814 409 1101 447 condeinpnamus
1117 410 1181 440 dic-

170 512 267 550 cujus
293 511 445 542 absentia
467 512 530 542 Dei
556 512 727 551 presentia
753 513 962 552 suppleatur,
986 514 1021 544 in
1041 515 1182 553 quadra-

170 564 263 603 ginta
285 565 408 595 marcis
434 565 665 595 leodiensibus
697 566 869 596 solvendis
892 567 1067 597 annuatim
1092 568 1181 599 dicto

170 617 298 648 Thonie
323 618 362 648 de
393 617 581 648 redditibus
615 619 840 657 prepositure,
863 628 1039 659 quousque
1071 621 1181 652 dictus

172 670 318 701 Thomas
341 671 385 701 sit
412 671 445 700 in
466 671 554 701 dicta
585 671 727 701 ecclesia
753 672 859 702 sancti
881 673 1026 703 Servatii
1051 674 1181 713 Trajec·

170 724 278 754 tensis
301 724 505 763 prebendam
521 724 650 763 integre
672 725 704 754 et
724 725 861 763 pacifice
885 728 1072 763 assecutus,
1091 729 1122 758 et
1141 728 1182 758 ad

171 776 449 806 satisfaciendum
479 776 568 807 dicto
600 777 726 807 Thome
757 778 797 808 de
826 778 926 809 dictis
959 780 1182 820 quadraginta

171 829 295 859 marcis
316 838 334 859 a
355 831 507 868 tempore
527 838 592 868 quo
618 830 682 860 suit
706 839 807 869 super
825 831 886 861 hoc
905 833 1067 870 monitus,
1083 833 1181 872 juxta

170 882 365 912 mandatum
395 882 620 921 apostolicum
647 892 707 922 per
731 884 914 923 Symonem
934 885 973 916 de
996 886 1180 925 Montibus,
1212 902 1213 908 1

171 935 368 966 canonicum
383 936 491 966 sancti
502 936 594 966 Petri
608 936 820 974 Leodiensis‚
833 940 1047 970 executorem
1058 940 1179 979 ipsius,
1212 950 1213 970 1

171 987 421 1018 sententialiter
447 988 708 1027 pronuntiamus
734 991 765 1020 et
793 992 1044 1029 pronuntiando
1071 993 1181 1023 decla—

172 1050 287 1071 ramus
319 1041 446 1071 dictum
472 1041 636 1072 Thomam
663 1044 895 1082 recipiendum
922 1053 996 1075 esse
1025 1046 1059 1075 in
1087 1055 1182 1078 cano-

170 1094 283 1124 nicum
300 1096 331 1124 et
346 1094 380 1124 in
398 1094 536 1125 fratrem
550 1095 584 1125 in
598 1096 747 1134 predicta
761 1097 903 1128 ecclesia
915 1099 1022 1129 sancti
1036 1100 1181 1130 Servatii

171 1147 410 1186 Trajectensis,
429 1150 461 1179 et
478 1149 711 1187 adjudicamus
727 1150 757 1179 ei
779 1151 1027 1182 sententialiter
1044 1153 1183 1191 preben-

171 1200 249 1231 dam
267 1200 352 1231 nulli
370 1201 428 1231 alii
446 1201 607 1238 debitam,
622 1202 651 1232 si
670 1211 736 1241 qua
753 1205 846 1234 vacat
860 1204 894 1234 in
908 1205 1060 1244 predicta
1078 1207 1180 1237 eccle-

172 1253 233 1290 sia,
254 1254 307 1284 vel
319 1255 475 1292 proximo
492 1257 699 1291 vacaturam,
719 1258 749 1287 et
767 1257 808 1286 ad
826 1258 1053 1296 receptionem
1072 1259 1182 1298 ipsius

172 1307 298 1337 Thome
327 1307 359 1337 in
380 1308 590 1344 canonicum,
615 1311 646 1339 et
665 1310 707 1339 ad
730 1310 995 1349 assignationem
1013 1312 1182 1350 prebende

172 1361 200 1390 si
217 1369 283 1399 qua
292 1362 385 1391 vacat
397 1361 448 1391 vel
461 1362 618 1400 proximo
632 1365 825 1393 vacaturam
840 1364 918 1402 (sic),
936 1366 1182 1397 sententialiter

170 1413 458 1452 condempnamus
470 1415 578 1445 dictos
591 1439 611 1445 ..
623 1417 846 1455 prepositum,
863 1441 881 1447 ..
899 1418 1073 1455 (1001101101,
1086 1421 1116 1449 01
1133 1429 1183 1450 ca-

169 1466 316 1504 pitulum
331 1467 563 1507 Trajectenses
580 1471 747 1507 quatenus
760 1470 800 1499 ad
813 1471 946 1500 eosdem
958 1473 1182 1503 communiter

169 1519 222 1548 vel
246 1519 383 1549 divisim
407 1521 558 1550 noscitur
576 1522 757 1560 pertinere,
782 1525 814 1552 et
838 1524 1086 1555 sententialiter
1108 1534 1183 1556 con-
1213 1518 1214 1521 ¹

170 1572 392 1610 dempnamus
411 1573 537 1603 dictum
555 1575 765 1613 prepositum
787 1576 821 1605 111
840 1577 1001 1615 expensis
1018 1578 1182 1617 legitimis

169 1627 307 1664 propter
324 1625 383 1655 hoc
403 1626 510 1661 1110115,
531 1636 673 1665 quarum
692 1629 900 1659 taxationem
917 1630 1014 1661 nobis
1028 1631 1061 1661 in
1073 1633 1182 1670 poste-

171 1687 245 1708 rum
273 1687 500 1709 reservamus.
525 1680 647 1710 Actum
673 1683 704 1711 et
726 1683 981 1720 pronuntiatum
1007 1685 1095 1723 apud
1123 1686 1181 1716 L'r-

170 1730 409 1766 bemveterem,
448 1733 481 1762 in
515 1734 642 1771 palatis)
675 1735 803 1765 domini
834 1744 932 1775 pape,
966 1738 1182 1776 presentibus

171 1785 306 1814 domino
323 1785 486 1822 Johanne,
508 1787 760 1827 archiepiscopo
779 1789 1092 1826 sancte-Severine3
1115 1801 1183 1822 ma-

171 1838 276 1876 gistro
308 1839 478 1869 Bernardo
508 1839 685 1875 Johannis,
720 1841 954 1873 archidiacono
982 1844 1180 1881 Vasatensi,

172 1890 1180 1932 dominoArnaldo,prepositoColoniensi,GuillelmoPetrL

172 1945 329 1973 canonico
349 1945 455 1974 sancti
485 1946 678 1980 Frontonis,
697 1946 986 1987 Petragoricensis
1016 1950 1180 1987 diocesis3

172 1997 308 2026 domino
326 1997 450 2027 Adulfo
469 1998 508 2028 de
528 1999 770 2033 Blanchanem3
790 2001 982 2039 Lamberto,
1000 2003 1121 2034 clerico
1142 2005 1181 2035 de

172 2049 316 2085 Leodio,
346 2051 509 2089 magistro
539 2052 662 2082 ,11100110
692 2054 732 2083 de
764 2055 928 2091 Mevania,
948 2056 1074 2086 domini
1096 2066 1181 2096 pape

172 2103 349 2141 scriptore,
366 2104 571 2134 (stodescalco
582 2106 620 2134 dc
634 2106 727 2140 Lira,
739 2107 866 2138 Abram
879 2108 918 2138 de
932 2110 1179 2146 scandi-emate,

171 2155 314 2187 clericis.
335 2158 365 2186 et
385 2157 540 2195 pluribus
558 2158 636 2188 aliis
654 2159 798 2189 testibus
819 2161 860 2190 ad
882 2161 943 2192 hoc
963 2163 1090 2193 vocatis
1108 2173 1180 2202 spe-

171 2208 301 2238 cialiter
316 2211 346 2240 et
366 2211 502 2249 rogatis,
519 2220 605 2242 anno
619 2213 755 2243 Domini
769 2214 1036 2250 31⁰CC0LXHH⁰‚
1048 2217 1182 2255 pontiti-

172 2263 265 2291 catus
284 2262 411 2293 domini
427 2263 554 2294 Urbani
570 2273 654 2303 pape
672 2266 744 2302 llll,
766 2275 851 2297 anno
870 2268 979 2304 tertio,
998 2269 1181 2301 indictione

171 2324 229 2346 vu.
250 2320 306 2344 xv⁰
326 2316 588 2355 kalendasjulii.
605 2318 642 2348 ln
660 2319 755 2357 cujus
774 2320 1019 2358 testimonium,
1040 2332 1180 2361 presens

171 2368 343 2406 publicum
364 2369 624 2402 instrumentum
643 2372 715 2402 lieri
734 2373 876 2404 fecimus
896 2377 927 2405 et
946 2375 1050 2414 sigilli
1072 2378 1180 2407 nostri

171 2421 355 2452 munimine
374 2422 536 2454 roborari.
554 2424 595 2454 Et.
613 2434 672 2464 ego
687 2425 923 2465 Rapuundus,
939 2428 1049 2459 dictus
1068 2429 1180 2466 Fame,

171 2474 210 2504 de
227 2474 350 2505 'l'rihus
363 2475 472 2510 honis,
487 2480 698 2509 sacrosancte
708 2480 859 2511 Romane
869 2482 1010 2512 ecclesie
1023 2482 1180 2521 publicus

172 2528 335 2564 notarius,
365 2529 522 2560 omnibus
549 2532 726 2569 premissis
752 2542 891 2571 presens
921 2535 1057 2566 interfui
1083 2539 1111 2567 et
1141 2538 1180 2568 de

172 2580 326 2610 mandato
356 2582 498 2619 predicti
525 2583 653 2614 domini
679 2585 811 2616 abbatis
841 2588 963 2627 scripsi
988 2591 1018 2619 et
1042 2592 1179 2629 rogatus

172 2633 316 2663 tideliter
333 2634 502 2673 publicavi
520 2638 549 2666 et
568 2637 664 2676 signo
681 2648 754 2670 meo
772 2641 914 2679 signavi.
937 2655 951 2670 »

211 2685 303 2716 Nulli
322 2696 400 2726 ergo
423 2691 536 2720 nostre
560 2692 838 2731 confirmationis,
861 2696 922 2725 etc.
944 2695 1067 2726 Datum
1092 2697 1180 2735 apud

173 2738 457 2778 Urbemveterem,
479 2752 511 2772 10
528 2751 634 2774 nonas
648 2746 794 2784 augusti,
813 2755 898 2778 anno
916 2749 1027 2779 tertio.
1048 2762 1063 2777 »

1334 306 1430 338 1108
1844 306 1969 339 Orvieto,
1987 306 2004 333 3
2019 309 2086 334 aout
2104 307 2183 335 1264.

1279 389 1408 416 Priorem
1435 390 1707 417 1nsulae·b.·Mariae
1742 392 1771 417 et
1799 390 1941 417 decanum
1967 390 2106 418 ecclesiae
2129 400 2152 418 s.
2175 391 2256 419 Pauli

383 459 388 465 .
549 459 554 465 .
767 461 772 466 ,
1212 456 1213 462 1
1241 437 1407 465 Leodiensis
1433 439 1596 473 praedictae
1623 438 1783 466 sententiae
1799 442 1965 466 executores
1990 440 2150 468 constituit.
2175 440 2256 475 (nno.

170 459 242 488 tum
255 460 465 498 preposxtum
477 460 829 499 Trajectensem,11cet
840 460 1015 492 absentem
1028 471 1178 501 corpore,
1211 467 1213 507 J
1241 486 1287 519 29,
1307 486 1356 514 sol.
1375 488 1410 514 65
1426 493 1463 519 vo,
1483 492 1515 514 n⁰
1533 488 1605 522 157..)

1284 603 1299 619 «
1317 593 1424 623 Priori
1442 593 1714 632 Insula-hfillarie,
1734 595 1853 626 ordinis
1876 595 1970 625 Vallis
1989 595 2164 632 Scelerum,
2181 602 2209 627 et
2225 622 2232 628 .
2250 621 2258 628 .

1243 645 1355 676 decano
1383 647 1506 677 ecclesie
1531 657 1554 678 s.
1576 648 1671 678 Pauli
1693 648 1880 679 Leodiensis.
1901 649 2061 680 Exhibita
2087 649 2186 680 nobis
2209 650 2259 681 di-

1242 699 1320 730 lecti
1338 718 1387 729 —.
1401 700 1527 731 Datum
1543 703 1577 732 ut
1593 710 1707 740 supra.
1727 714 1741 729 »

1335 876 1431 907 1109
1807 876 1932 907 0011010,
1950 878 1983 904 12
1995 877 2089 913 juillet
2108 878 2185 906 1264.

1279 960 1441 987 Seutentias
1459 968 1475 987 a
1499 960 1634 996 Gregorio
1651 961 1685 987 de
1713 961 1843 996 Neapoli.
1865 962 2014 996 capellano
2038 961 2207 996 apostolico,
2231 964 2260 990 et

1212 1025 1213 1036 l
1243 1008 1361 1041 L'herto,
1376 1018 1400 1035 s.
1418 1009 1563 1036 Eustachii
1580 1010 1700 1037 diacono
1721 1010 1872 1042 cardinali,
1890 1010 2018 1045 prolatas
2035 1010 2063 1037 in
2081 1019 2167 1038 causa
2183 1011 2259 1038 inter

1243 1057 1394 1085 Riboldum
1418 1058 1563 1085 Morenam
1578 1061 1605 1085 et
1622 1059 1772 1085 Alhertum
1793 1059 1826 1086 de
1846 1059 1984 1086 Buxinatc
1999 1060 2033 1086 de
2051 1060 2214 1094 praehenda
2229 1059 2259 1087 in

1242 1107 1362 1134 ecclesia
1379 1116 1402 1134 5.
1422 1107 1560 1143 Stephani
1581 1108 1610 1134 in
1632 1108 1727 1135 Brolio
1742 1108 1946 1135 Mediolanensi
1965 1112 2074 1143 exorta,
2092 1109 2258 1138 confirmat.

1244 1155 1322 1190 (Rea.
1341 1156 1385 1188 29,
1406 1156 1455 1183 fol.
1473 1158 1518 1189 06,
1535 1156 1649 1187 110158.)

1285 1267 1300 1285 11
1319 1255 1459 1292 Riboldo,
1480 1255 1561 1285 dicto
1583 1255 1732 1292 Morene,
1754 1256 1900 1285 canonico
1924 1256 2044 1286 ecclesie
2069 1256 2169 1285 sancti
2192 1255 2259 1286 Ste-

1242 1310 1340 1350 phani
1355 1310 1385 1338 in
1401 1308 1508 1339 Brolio
1524 1308 1755 1339 Mediolanensi.
1770 1309 1818 1339 Ea
1834 1317 1899 1348 que
1913 1309 2042 1348 judicio
2055 1311 2130 1346 010.,
2150 1318 2258 1349 usque

1244 1363 1458 1393 communiri.
1475 1362 1561 1392 Sane
1576 1361 1695 1401 petitio
1714 1364 1771 1392 tua
1787 1361 1886 1392 nobis
1899 1362 2050 1392 exhibita
2065 1362 2258 1394 continebat

1244 1417 1333 1455 quod
1343 1424 1404 1446 nos
1414 1416 1447 1445 in
1459 1424 1561 1445 causa
1574 1424 1638 1454 que
1649 1416 1737 1445 inter
1748 1417 1781 1445 te
1796 1417 1827 1445 et
1837 1415 2015 1446 Albertum
2026 1416 2066 1446 de
2075 1416 2256 1454 Buxinate,

1244 1469 1454 1500 ordinarium
1473 1468 1774 1505 Mediolanensem,
1795 1477 1896 1507 super
1921 1469 2066 1507 quadam
2088 1469 2259 1508 prebenda

1244 1531 1307 1561 que
1325 1523 1358 1552 in
1373 1522 1517 1553 ecclesia
1531 1521 1639 1552 sancti
1655 1521 1817 1560 Stephani
1832 1522 1867 1552 in
1884 1522 1998 1552 Brolio
2011 1522 2259 1553 Mediolanensi

1243 1576 1374 1606 vacavit
1391 1584 1450 1614 per
1468 1577 1613 1605 mortem
1628 1575 1755 1605 Oldrici
1769 1574 1972 1614 presbyteri,
1989 1575 2142 1614 ejusdem
2154 1575 2260 1606 eccle-

1244 1630 1293 1660 sie
1312 1629 1477 1664 canonici,
1494 1630 1524 1658 et
1541 1628 1576 1658 in
1590 1637 1655 1667 qua
1670 1629 1811 1667 uterque
1825 1630 1977 1658 vestrum
1998 1637 2034 1658 50
2054 1628 2185 1659 dicebat
2201 1629 2258 1660 ha-

1243 1682 1321 1713 bere
1346 1682 1414 1721 jus,
1434 1681 1642 1717 vertebatur,
1664 1682 1705 1711 ad
1727 1681 1843 1712 sedem
1863 1682 2086 1720 apostolicam
2106 1682 2258 1721 legitime

1243 1736 1414 1771 devoluta,
1444 1735 1605 1765 dilectum
1631 1735 1739 1765 filium
1766 1735 1969 1774 magistrum
1999 1735 2202 1774 Gregorium
2218 1735 2258 1766 de

1244 1789 1397 1827 Neapoli,
1416 1788 1630 1827 capellanum
1650 1790 1816 1822 nostrum,
1835 1788 1991 1819 dedimus
2019 1788 2176 1828 partibus
2202 1798 2260 1819 au-

1245 1843 1405 1874 ditorem3
1426 1844 1456 1872 et
1475 1841 1624 1876 tandem,
1638 1841 1696 1871 lite
1711 1850 1823 1872 coram
1837 1850 1875 1872 eo
1887 1841 2039 1881 legitime
2058 1843 2257 1878 contestata,

1244 1896 1410 1934 factisque
1438 1894 1666 1934 positionibus
1693 1897 1723 1925 et
1753 1895 2034 1934 responsionibus
2050 1896 2090 1926 ad
2108 1895 2257 1933 easdem,

1244 1958 1280 1978 ac
1300 1949 1454 1979 formatis
1476 1948 1630 1978 articulis
1660 1950 1691 1978 et
1710 1948 1886 1986 productis
1902 1948 1980 1978 hinc
1999 1949 2076 1979 inde
2099 1948 2256 1986 testibus,

1243 2011 1379 2032 causam
1397 2001 1591 2039 hujusmodi
1609 2000 1731 2031 dilecto
1748 2001 1818 2031 filio
1839 2004 1954 2032 nostro
1974 2002 2028 2034 tt,
2048 2002 2156 2032 sancti
2174 2002 2258 2032 Eus-

1243 2055 1343 2086 tachii
1369 2055 1510 2084 diacono
1535 2053 1710 2090 cardinali,
1735 2054 1937 2085 audiendam
1960 2055 2196 2085 commisimus
2226 2057 2258 2086 et

1244 2110 1308 2139 tine
1325 2108 1437 2138 debito
1456 2107 1715 2138 terminamlam.
1736 2108 1829 2137 Idem
1846 2117 1925 2138 vero
1938 2108 2133 2142 cardinalis,
2148 2109 2259 2148 cogni-

1242 2162 1287 2192 tis
1304 2162 1413 2201 ipsius
1429 2170 1528 2191 cause
1546 2161 1679 2191 meritis
1694 2162 1724 2191 et
1739 2161 1827 2200 juris
1845 2161 1962 2191 ordine
1978 2161 2167 2198 observato,
2182 2170 2258 2201 pro-

1243 2215 1409 2245 nuntiavit
1444 2215 1630 2254 predictam
1659 2214 1865 2253 prebendam
1897 2215 1936 2244 ad
1964 2216 1995 2245 te
2025 2215 2196 2254 pertinere
2217 2215 2257 2246 de

1238 2269 1325 2307 jure,
1345 2271 1375 2299 et
1394 2268 1455 2299 11111
1468 2267 1715 2298 sententialiter
1732 2268 1937 2307 adjudicavit
1953 2268 2105 2305 eandem,
2117 2268 2258 2299 dictum—

1242 2332 1306 2361 que
1324 2322 1501 2352 Albertum
1522 2330 1540 2351 a
1557 2321 1645 2351 dicta
1670 2321 1840 2360 prebenda
1861 2330 2021 2352 amovens
2041 2330 2078 2352 ac
2100 2321 2165 2352 sibi
2187 2331 2258 2361 per-

1242 2377 1381 2414 petuum
1410 2375 1585 2405 silentium
1611 2375 1789 2413 imponens
1807 2383 1908 2413 super
1926 2383 1975 2410 ea,
1997 2375 2110 2413 ipsum
2129 2375 2170 2405 ad
2189 2383 2258 2406 res-

1242 2429 1433 2459 tituendum
1448 2430 1479 2459 et
1492 2429 1731 2459 dimittendum
1752 2428 1813 2458 tibi
1833 2428 2019 2467 predictam
2037 2428 2254 2468 prebendam,

1243 2492 1317 2512 cum
1340 2481 1506 2512 fructibus
1528 2481 1604 2512 inde
1622 2482 1803 2520 perceptis,
1822 2481 2062 2512 nichilominus
2077 2482 2255 2522 condemp-

1243 2536 1347 2571 navit,
1375 2537 1476 2574 prout
1507 2537 1538 2565 in
1569 2535 1796 2565 instrumento
1822 2534 1958 2573 publico
1988 2535 2065 2565 inde
2091 2535 2254 2573 confecto,

1243 2588 1392 2628 sigillato
1412 2588 1526 2627 sigillo
1551 2588 1662 2627 ipsius
1684 2588 1879 2623 cardinalis,
1898 2587 2033 2626 plenius
2053 2588 2255 2619 continetur.

1241 2642 1338 2676 Sane,
1365 2643 1583 2680 procuratore
1612 2641 1692 2671 dicti
1723 2640 1856 2671 Alberti
1881 2649 1941 2679 pro
1971 2649 2010 2671 eo
2040 2650 2058 2671 a
2089 2642 2256 2672 sententia

1241 2694 1435 2733 hujusmodi
1467 2695 1507 2725 ad
1539 2696 1691 2724 nostram
1722 2694 1932 2724 audientiam
1963 2694 2168 2733 appellante,
2193 2703 2255 2725 nos

1241 2747 1435 2786 hujusmodi
1477 2747 1715 2786 appellationis
1755 2756 1893 2778 causam
1932 2747 2119 2778 venerabili
2158 2748 2255 2779 fratri

1242 2803 1357 2831 nostro
1390 2824 1396 2830 .
1415 2826 1420 2832 .
1455 2801 1612 2840 episcopo
1651 2801 1846 2835 sabinensi,
1881 2802 1912 2831 et
1944 2801 2054 2831 eidem
2089 2801 2254 2832 cardinali

1241 2854 1442 2885 audiendam
1459 2856 1490 2884 et
1507 2854 1755 2884 terminandam
1774 2854 1838 2884 tine
1857 2853 1970 2884 debito
1989 2854 2150 2885 duximus
2164 2863 2254 2886 com·

1241 2908 1452 2938 mittendam.
1497 2907 1780 2946 Comparentihus
1814 2907 1916 2947 igitur
1952 2906 2107 2945 partibus
2139 2916 2253 2939 coram
