2519 3262
1102 211 1341 249 TROISIEME
1367 211 1532 248 ANNEE.

2297 226 2354 256 159

275 307 406 340 diocesis,
422 307 564 340 Raiuerio,
582 307 749 342 presbytero
764 306 899 332 canonico
912 304 1039 332 ecclesiae
1059 313 1081 330 s.
1098 303 1207 330 Nicolai
1223 303 1286 329 Bal·
1311 306 1314 333 ζ
1344 312 1448 342 eaque
1466 302 1562 333 nobis
1580 303 1725 334 fideliter
1740 305 1927 341 recitasset,
1947 314 2007 335 nos
2024 306 2160 336 demum
2187 308 2354 339 ordinavi-

275 355 470 390 neoregensis,
499 355 621 389 confert,
647 355 787 390 magistro
808 355 919 381 ,tndrea
939 354 973 380 de
1001 353 1113 388 Sinycio
1133 354 1284 379 executore

273 405 420 439 deputato.
437 405 517 439 tunc.
535 405 579 436 29,
598 405 646 431 fol.
669 404 718 431 103
733 409 769 434 νο,
785 408 816 429 n⁰
829 403 881 430 312
897 403 905 437 )

314 524 330 545 ((
348 513 491 554 Mayistro
508 513 628 543 Andree
644 513 680 542 de
695 512 834 551 Similem,
850 511 994 550 scriptori
1006 514 1117 545 nostro,
1135 510 1285 539 canonico

274 567 396 597 ecclesie
412 578 435 597 s.
458 566 604 596 Timothei
623 565 785 595 [remensis.
806 564 901 598 Cum,
920 564 1005 593 sicut
1026 563 1217 602 accepimus
1237 581 1285 591 —.

273 621 397 652 Datum
426 620 513 659 apud
545 619 833 651 Urbemveterem,
863 626 883 646 x
916 617 1078 647 kalendas
1107 616 1285 653 februarii,

275 682 361 704 anno
375 673 486 704 tertio.
507 682 521 701 »

811 858 938 892 Oivieio,
956 858 1117 894 27j11nvier
1137 860 1213 886 1261.

364 864 380 893 1
388 863 460 894 263

306 946 407 973 Abbati
422 945 592 973 monasterii
610 945 797 980 Figiacensis,
814 943 1001 972 caturcensis
1016 943 1151 978 diocesis,
1166 946 1282 972 mandat

270 997 300 1022 ut
320 1004 336 1022 a
361 995 510 1022 monachis
533 995 703 1022 monasterii
730 993 942 1022 Aureliaeeusis
967 996 1083 1023 centum
1109 993 1197 1021 libras
1224 997 1282 1021 tur.

270 1044 377 1071 exsolvi
390 1043 476 1071 faciat
492 1044 612 1079 IIugoni,
630 1043 777 1078 capellano
798 1044 969 1078 apostolico,
984 1045 1092 1071 decano
1112 1043 1283 1071 monasterii

269 1093 453 1127 Soliacensis‚
480 1094 516 1120 ad
543 1093 744 1120 ‚aureliacense
771 1093 985 1121 monasterium
1005 1094 1088 1129 pleno
1109 1093 1173 1129 jure
1203 1101 1283 1128 spec-

267 1142 356 1169 tantis
381 1143 460 1178 (REG.
477 1143 522 1175 29,
544 1141 592 1169 fol.
617 1143 666 1170 103
681 1148 718 1176 νο,
738 1146 769 1168 n⁰
782 1142 858 1174 313.)

309 1264 324 1284 «
350 1253 464 1284 Abbati
496 1255 671 1284 monasterii
703 1254 902 1293 Fiyiacensz'S,
928 1254 1122 1285 Caturcensis
1142 1255 1279 1285 diocesis.

267 1307 434 1346 Exposuit
449 1316 561 1337 coram
578 1307 675 1338 nobis
691 1307 834 1338 dilectus
847 1308 939 1338 filius
956 1309 1066 1348 Hugo,
1084 1309 1281 1348 capellanus

269 1362 395 1398 noster,
424 1361 570 1391 decanus
589 1361 787 1391 monasterii
812 1362 1030 1397 Soliacensis,
1056 1363 1097 1393 ad
1114 1365 1283 1393 monaste-

268 1414 357 1444 rium
375 1414 808 1454 Aureliaeenseplenojure
824 1416 1019 1454 spectantis,
1033 1416 1162 1446 ordinis
1173 1417 1281 1447 sancti

268 1468 453 1504 Benedicti,
468 1468 568 1506 quod,
585 1468 701 1498 eodem
717 1469 922 1499 monasterio
937 1469 1183 1505 Aureliacensi,
1195 1471 1281 1509 quod

269 1521 310 1551 ad
326 1521 514 1551 Romanam
532 1521 711 1551 ecclesiam
727 1521 821 1551 nullo
841 1522 986 1560 pertinet
1006 1523 1187 1558 mediante,
1206 1523 1280 1554 Cla-

267 1574 495 1604 romoutensis
508 1574 664 1610 diocesis,
681 1574 812 1605 abbatis
828 1576 989 1614 regimine
1000 1576 1172 1610 destituto,
1188 1576 1281 1607 Guil-

266 1627 489 1662 lelmus‚tunc
500 1627 1278 1669 ostalariusipsiusmonasteriiAureliacensis,

267 1681 300 1711 in
314 1680 469 1712 abbatem
483 1681 634 1720 ejusdem
650 1681 763 1711 miuus
780 1682 938 1712 canonice
952 1682 1014 1712 fuit
1031 1682 1169 1712 electus.
1180 1682 1277 1719 Sane,

267 1734 462 1773 hujusmodi
492 1734 668 1765 electionis
698 1734 831 1773 negotio
857 1735 897 1764 ad
919 1735 1033 1765 sedem
1057 1735 1279 1774 apostolicam

267 1787 417 1826 legitime
434 1787 603 1821 devoluto,
622 1787 795 1826 predictus
810 1787 956 1817 decanus
971 1788 1079 1818 eidem
1094 1788 1279 1819 Guillelmo

267 1849 368 1879 super
384 1841 446 1871 1100
470 1849 505 1870 30
526 1840 683 1879 opposuit
707 1840 857 1871 obiciens
875 1841 964 1880 quod
984 1841 1055 1879 ipse
1072 1843 1203 1872 tantum
1222 1851 1279 1880 pa-

266 1893 412 1924 tiebatur
429 1894 463 1924 in
478 1893 672 1924 litteratura
689 1894 857 1924 defectum
875 1896 909 1924 ut
925 1895 1015 1924 esset
1030 1903 1170 1933 prorsus
1186 1895 1279 1925 inba-

266 1947 347 1977 bilis
365 1947 406 1977 ad
422 1947 572 1986 regimen
589 1947 843 1977 Aureliacensis
864 1948 1062 1978 monasterii
1080 1950 1277 1985 1ne1norati3

267 1999 382 2039 sicque
401 2000 554 2039 prefatus
578 1999 797 2036 Guillelmus,
817 2002 990 2039 tamquam
1015 2000 1079 2030 sibi
1100 2001 1188 2032 male
1203 2011 1279 2032 con-

267 2053 369 2089 scius,
380 2053 437 2092 jus
452 2053 585 2092 siquod
597 2053 663 2083 sibi
675 2053 708 2083 in
725 2053 874 2092 predicta
891 2054 1052 2084 electione
1066 2056 1277 2093 acquisitum

266 2106 387 2143 fuerat,
416 2106 522 2137 libere
540 2106 574 2136 111
596 2107 723 2136 nostris
739 2106 898 2136 manibus
920 2107 1116 2146 resignavit.
1138 2109 1278 2148 Nosque

266 2160 402 2190 demum
418 2160 578 2190 dilectum
598 2160 706 2190 filium
720 2160 954 2195 Guillelmum,
975 2162 1054 2191 tunc
1074 2162 1278 2193 monachum

264 2214 371 2244 sancti
407 2213 577 2244 Martialis
609 2214 875 2248 Lemovicensis,
914 2215 1100 2253 supradicti
1133 2216 1276 2253 ordinis,

265 2266 470 2305 prefecimus
496 2267 606 2297 eidem
632 2267 868 2297 Aureliacensi
892 2268 1099 2298 monasterio
1120 2269 1152 2298 in
1176 2269 1277 2300 abba-

263 2321 344 2350 tem.
355 2320 495 2356 Verum,
507 2329 583 2350 cum
594 2320 682 2350 idem
693 2320 851 2357 decanus,
864 2321 1038 2351 occasione
1053 2321 1163 2360 ipsius
1179 2331 1278 2362 nego-

264 2372 304 2402 tii
327 2373 563 2412 prosequendo
589 2373 774 2403 utilitatem
798 2373 878 2404 dicti
903 2375 1101 2405 monasterii
1122 2375 1274 2406 Aurelia-

263 2425 386 2462 censis,
405 2434 440 2456 se
456 2426 570 2465 gravia
585 2426 734 2457 subiisse
751 2435 853 2457 onera
863 2435 1087 2466 expensarum
1106 2437 1276 2466 asserens,

264 2476 362 2508 nobis
389 2478 564 2508 humiliter
585 2479 813 2517 supplicasset
831 2480 867 2509 ut
893 2480 933 2510 de
954 2479 1053 2511 bonis
1078 2481 1187 2520 ipsius
1205 2491 1276 2513 mo-

263 2531 406 2561 nasterii
428 2531 693 2568 Aureliacensis,
714 2532 810 2571 cujus
826 2533 860 2562 in
877 2533 937 2564 hoc
955 2534 1138 2565 utilitatem
1162 2544 1276 2574 prose-

264 2585 362 2614 cutus
392 2585 516 2619 extitit,
548 2584 614 2614 sibi
645 2585 779 2615 refundi
808 2594 976 2625 expensas
1005 2587 1199 2628 hujusmodi
1230 2590 1278 2620 fa-

263 2646 429 2672 ceremus,
461 2646 498 2668 ac
526 2637 732 2668 venerabilis
763 2639 866 2669 frater
895 2642 1009 2670 noster
1036 2664 1069 2672 ..
1096 2642 1276 2681 episcopus

262 2690 473 2728 Sabinensis,
489 2691 543 2721 cui
560 2692 732 2730 negotium
750 2700 851 2730 super
866 2694 1026 2732 expensis
1043 2694 1171 2725 eisdem
1187 2705 1275 2726 00111-

263 2744 434 2781 misimus,
461 2744 648 2774 audivisset
674 2753 738 2783 que
768 2744 879 2775 dictus
902 2746 1049 2777 decanus
1070 2748 1102 2777 et
1130 2747 1275 2779 dilectus

262 2796 354 2828 filius
381 2797 542 2837 magister
569 2797 776 2828 Guillelmus
805 2798 951 2829 Rolandi
970 2799 1125 2835 clericus,
1153 2801 1211 2840 qui
1238 2810 1274 2832 se

261 2850 398 2889 gerebat
412 2859 472 2889 pro
490 2852 708 2890 procuratore
723 2853 909 2881 conventus
926 2852 1180 2884 Aureliacensis
1204 2863 1274 2885 mo-

262 2903 405 2934 nasterii
438 2904 627 2939 memorati,
659 2904 839 2935 voluerunt
870 2913 1058 2944 proponere
1089 2914 1202 2938 coram
1221 2916 1272 2942 eo,

1344 363 1419 385 mus
1439 356 1527 394 quod
1551 356 1691 394 predicti
1710 356 1813 386 abbas
1830 359 1860 387 et
1879 360 2063 389 conventus
2081 360 2352 397 Aureliacenses,

1344 417 1409 438 non
1435 408 1589 439 obstante
1608 410 1696 448 quod
1719 410 1823 440 abbas
1846 411 1917 450 ipse
1938 411 2061 442 absens
2084 416 2165 449 erat,
2188 423 2246 444 seu
2265 417 2352 454 quod

1344 461 1432 491 idem
1461 465 1659 500 procurator
1678 464 1717 493 ad
1742 463 1989 494 defendendum
2010 468 2210 497 conventum
2240 468 2351 506 ipsum

1345 515 1541 545 mandatum
1569 516 1744 546 sufficiens
1768 526 1833 547 non
1860 517 2014 555 habebat,
2041 519 2149 550 solvat
2172 521 2280 551 eidem
2300 522 2351 552 de-

1345 577 1426 598 cano
1443 570 1576 598 centum
1595 569 1699 599 libras
1726 571 1960 601 turonensium
1974 581 2033 610 pro
2051 574 2221 611 expensis.
2241 575 2352 613 Ipsius

1346 621 1449 660 igitur
1467 621 1584 651 decani
1609 623 1915 661 supplicationibus
1937 627 2135 660 annuentes,
2158 626 2352 658 discretioni

1344 676 1400 704 tue
1418 675 1618 705 mandamus
1636 677 1795 714 quatinus
1808 677 1915 707 dictos
1933 677 2087 709 abbatem
2105 681 2136 709 et
2154 683 2353 712 conventum

1346 727 1606 758 Aureliaeenses
1622 729 1711 767 quod
1727 730 1854 768 prefato
1873 730 1997 761 decano
2015 732 2054 762 de
2071 732 2262 771 hujusmodi
2280 742 2354 764 cen-

1344 781 1415 810 tum
1442 780 1539 810 libris
1565 781 1698 820 plenam
1723 783 1989 814 satisfactionem
2014 785 2219 824 impendant,
2248 789 2351 818 moni-

1344 834 1435 863 tione
1453 835 1633 872 premissa,
1649 844 1708 874 per
1722 844 1899 866 censuram
1912 838 2187 875 ecclesiasticam,
2207 841 2353 879 appella-

1346 886 1434 917 tione
1468 889 1608 924 remota,
1640 889 1835 927 compellas.
1853 890 1929 920 Non
1961 891 2114 922 obstante
2143 910 2191 921 —.
2226 894 2351 925 Datum

1343 940 1432 978 apud
1470 940 1759 979 Urbemveterem‚
1801 952 1833 972 vi
1866 943 2028 974 kalendas
2059 945 2231 981 februarii,
2262 956 2347 977 anno

1342 993 1454 1023 tertio.
1474 1003 1488 1022 »

1433 1181 1529 1213 1264

1906 1183 2031 1215 Orvieto,
2046 1185 2062 1211 5
2078 1184 2182 1211 1011101-
2200 1186 2278 1213 1264.

1376 1266 1569 1302 infrascriptis
1586 1269 1705 1295 mandat
1719 1271 1748 1295 ut
1762 1269 1914 1297 Δ11111110011111
1932 1270 2013 1298 Pauli
2028 1272 2062 1297 de
2079 1271 2199 1299 Bulsena
2214 1273 2351 1300 clericum

1340 1314 1370 1341 111
1389 1316 1560 1343 canonicum
1582 1320 1609 1344 et
1630 1317 1659 1344 111
1681 1317 1802 1345 fratrem
1816 1319 1957 1353 recipiant
1974 1319 2003 1346 in
2020 1328 2119 1347 eorum
2140 1321 2271 1354 ecclesia,
2293 1323 2349 1349 «in

1340 1371 1394 1398 qua
1412 1365 1633 1399 praebendarum
1654 1373 1703 1392 seu
1723 1366 1926 1394 beneficiorum
1944 1368 2093 1396 distinctio
2112 1372 2139 1396 ct
2157 1373 2250 1398 certus
2265 1380 2350 1399 cauo-

1340 1412 1470 1440 nicorum
1486 1423 1622 1442 numerus
1639 1424 1695 1442 nou
1712 1415 1842 1443 habetur.
1861 1426 1874 1441 1)
1892 1417 1970 1451 (Rae.
1987 1418 2031 1450 29,
2049 1418 2096 1445 sol.
2118 1419 2177 1457 104,
2196 1425 2225 1445 n⁰
2240 1422 2314 1453 314.)

1381 1524 1395 1543 «
1419 1539 1424 1544 .
1444 1541 1448 1545 .
1463 1516 1618 1555 preposilo
1633 1521 1660 1545 et
1676 1517 1811 1557 capitulo
1828 1517 1949 1548 ecclesie
1961 1529 1984 1548 s.
2001 1518 2135 1549 Crisline
2154 1520 2190 1550 de
2203 1521 2347 1559 Bulsena,

1344 1567 1531 1598 tsi-bevetane
1559 1569 1694 1600 diocesi&
1727 1571 1915 1602 Onerosum
1943 1572 2038 1602 vobis
2067 1582 2131 1603 non
2156 1591 2204 1603 —.
2224 1575 2348 1606 Datum

1340 1622 1427 1659 apud
1451 1621 1739 1660 Urbemveterem,
1771 1625 1869 1654 nonis
1896 1625 2069 1662 februarii,
2095 1635 2180 1657 auno
2200 1628 2312 1660 tertio.
2333 1639 2347 1658 »

1431 1819 1526 1850 1265
1906 1820 2031 1854 Orvieu),
2047 1823 2061 1847 7
2080 1821 2182 1848 sevrier
2197 1823 2275 1850 1261.

1374 1902 1528 1936 Stephano,
1538 1903 1645 1929 decano
1658 1903 1798 1937 Tullensi,
1815 1904 1952 1931 familiari
1966 1905 2133 1939 apostolicO,
2145 1907 2348 1935 canonicatum

1338 1953 1364 1977 ct
1383 1951 1567 1985 praebendam
1589 1952 1616 1979 in
1634 1952 1756 1979 ecclesia
1773 1953 1891 1980 Metcnsi
1911 1954 2033 1981 confert.
2054 1955 2133 1989 (Bm.
2156 1956 2202 1990 29,
2220 1956 2267 1983 fol.
2288 1958 2347 1989 104,

1338 2006 1369 2026 n⁰
1385 2001 1459 2032 315.)

1379 2120 1393 2140 ((
1413 2111 1584 2150 Stephano,
1600 2111 1714 2141 decano
1734 2111 1878 2149 Tullensi,
1895 2113 2049 2152 familiari
2067 2120 2178 2144 nostro.
2196 2116 2346 2155 Dignum

1338 2166 1387 2194 est
1398 2166 1429 2194 et
1439 2183 1487 2193 -—.
1503 2165 1600 2201 Sane,
1616 2165 1786 2196 intellecto
1799 2166 1926 2196 dudum
1942 2167 2029 2206 quod
2043 2168 2076 2197 in
2089 2168 2231 2199 Metensi
2244 2170 2346 2200 00010-

1338 2217 1389 2248 sia
1401 2218 1499 2248 multi
1515 2220 1609 2248 erant
1622 2219 1848 2249 diversimode
1858 2219 1920 2250 sub
1933 2220 2179 2259 prebendarum
2193 2225 2347 2261 expecta-

1337 2271 1428 2301 tione
1453 2272 1591 2310 recepti,
1610 2273 1639 2301 et
1660 2272 1748 2310 quod
1764 2272 1879 2310 plures
1897 2272 1943 2302 ibi
1960 2273 2128 2311 prebende
2148 2279 2346 2307 vacaverant

1337 2333 1401 2364 que
1426 2326 1504 2355 tunc
1523 2325 1625 2355 etiam
1644 2325 1683 2355 de
1711 2325 1797 2355 facto
1816 2325 1990 2362 vacabant,
2013 2327 2168 2366 quodque
2186 2328 2257 2358 illis
2276 2330 2346 2369 qui·

1335 2377 1400 2408 bus
1414 2378 1529 2408 eedem
1546 2377 1714 2417 prebende
1730 2378 1938 2410 debebantur
1954 2379 2046 2418 ipsas
2061 2389 2127 2411 non
2140 2381 2346 2420 valentibus,

1336 2432 1473 2470 propter
1490 2430 1681 2470 aliquorum
1703 2431 1945 2469 resistentiam,
1962 2432 2126 2471 othnere,
2147 2442 2214 2465 non
2237 2436 2347 2466 modi-

1336 2493 1411 2515 cum
1428 2486 1498 2515 erat
1518 2484 1552 2514 in
1578 2485 1652 2523 ipsa
1670 2485 1812 2515 ecclesia
1835 2486 2033 2516 scandalum
2053 2487 2266 2525 suscitatum,
2284 2497 2347 2520 nos

1334 2537 1482 2572 tandem,
1499 2537 1650 2568 volentes
1663 2537 1839 2568 ecclesiam
1854 2547 1871 2568 a
1881 2539 2098 2571 multitudine
2108 2542 2157 2572 tot
2171 2544 2345 2582 expectau-

1334 2592 1419 2622 tium
1441 2590 1585 2621 liberare
1609 2599 1645 2621 ac
1665 2591 1699 2621 in
1724 2600 1762 2622 ea
1786 2592 1942 2630 personis
1963 2592 2047 2624 bene
2075 2595 2207 2625 meritis
2235 2597 2346 2634 provi-

1334 2644 1426 2680 dere,
1446 2652 1503 2674 eos
1521 2643 1612 2674 solos
1630 2644 1687 2683 qui
1713 2646 1808 2675 erant
1825 2645 2023 2678 auctoritate
2043 2646 2236 2678 litterarum
2252 2650 2345 2680 sedis

1334 2697 1519 2736 apostolice
1547 2697 1580 2727 111
1600 2697 1743 2728 ecclesia
1759 2697 1833 2737 ipsa
1851 2699 1988 2738 recepti,
2010 2700 2221 2731 decrevimus
2239 2710 2344 2733 rema-

1334 2759 1424 2785 nere,
1437 2750 1647 2789 receptiones
1660 2750 1765 2781 factas
1779 2751 1819 2782 de
1834 2752 1977 2791 reliquis
1989 2754 2020 2784 et
2034 2762 2151 2784 eorum
2166 2754 2299 2785 litteras
2313 2757 2344 2786 et

1334 2803 1532 2834 collationes
1555 2803 1801 2842 prebendarum
1828 2805 1981 2845 aliosque
2003 2815 2183 2845 processus
2210 2807 2343 2839 habitos

1333 2865 1392 2895 per
1410 2857 1557 2893 easdem,
1579 2857 1645 2887 nisi
1663 2857 1803 2888 collatas
1829 2858 1879 2889 eis
1903 2858 2091 2897 prebendas
2116 2860 2182 2899 ipsi
2205 2861 2342 2899 pacifice

1332 2909 1527 2948 possideant
1551 2911 1583 2940 et
1608 2910 1732 2949 quiete,
1755 2910 1796 2941 de
1815 2911 2024 2950 plenitudine
2047 2913 2225 2952 potestatis
2244 2921 2340 2952 apos-
