2519 3262
1087 201 1326 239 Tn01s1EMi÷
1355 202 1518 239 ANNEE.
2288 221 2339 249 ,29

353 294 446 324 1220
820 292 945 324 Orvimo,
961 294 977 319 9
992 292 1106 328 janvier
1124 292 1201 319 12114.

293 377 430 412 Episcopo
455 380 481 404 et
509 377 633 412 capitulo
657 378 878 404 Dertusensibus
899 377 1019 403 mandat
1041 378 1071 403 ut
1096 377 1272 402 Boi-nardum

257 427 291 452 de
311 427 469 457 ,Χάει-101111,
492 429 626 460 nepotem
642 427 677 453 l'r.
696 425 858 460 Raymundi
878 426 912 451 de
940 424 1118 455 Pennaforti,
1135 424 1274 458 preniten-

262 475 341 501 tiarii
358 477 386 501 et
407 475 549 510 capellani
566 475 727 510 apostolici,
752 474 780 500 in
797 482 896 501 eorum
919 474 1038 500 ccclesia
1058 473 1086 499 in
1103 473 1272 499 canonicum

265 526 291 550 et
309 523 429 550 Fratrem
444 524 594 558 recipiant.
613 524 691 557 (fisa.
710 524 754 555 29,
773 522 821 549 sol.
842 524 876 549 95
894 527 934 554 νο,
951 525 982 548 n⁰
998 522 1074 557 208.)

297 634 313 655 ((
342 624 499 664 Episcopo
529 629 555 653 et
581 623 716 663 capitulo
746 622 993 658 Derlusensibus,
1024 622 1142 652 ordinis
1176 623 1274 651 sancti

258 678 435 716 Αιιῃιιειίηἰ.
456 677 507 707 Ad
538 676 728 707 innocentis
755 676 822 706 vite
844 676 996 706 studium
1022 684 1081 714 per
1103 684 1203 713 quam
1223 684 1271 705 ac-

257 731 404 769 quiritur
430 730 538 769 gloria
566 730 691 760 civium
726 738 964 768 supernorum,
996 729 1142 759 dilectus
1178 728 1270 758 filius

257 784 450 814 Bernardus
476 784 516 813 de
539 783 728 819 Adai-rona,
748 791 877 821 pauper
900 783 1057 818 clericus,
1088 791 1193 820 nepos
1224 782 1272 811 di-

256 837 334 867 lecti
351 837 414 866 filii
434 837 550 866 fratris
568 836 764 875 Raymundi
778 836 817 866 de
837 835 1046 871 Pennasorti,
1071 835 1271 874 penitentia-

258 889 300 919 rii
317 891 348 920 et
365 889 531 928 capellani
549 889 669 923 nostri,
688 889 856 920 ferventer
875 889 1043 928 aspirans,
1060 889 1172 928 elegit,
1184 889 1271 918 sicut

257 943 393 979 asserit,
421 952 488 973 una
517 942 704 979 vobiscum,
734 942 798 972 filii
833 942 1030 980 capitulum,
1065 942 1099 972 in
1128 941 1271 972 ecclesia

255 998 368 1027 vestra
385 996 419 1026 in
444 1005 509 1035 qua
526 996 606 1026 ordo
625 996 732 1026 sancti
757 995 941 1034 Augustini
956 997 1124 1031 servatur,
1144 994 1207 1025 sub
1222 1004 1271 1025 re-

254 1049 364 1089 gulari
379 1049 494 1079 habitu
512 1049 676 1078 virtutum
695 1049 840 1079 Domino
859 1048 1030 1078 famulari.
1051 1048 1122 1079 Nos
1141 1048 1268 1087 itaque,

256 1103 347 1142 pium
380 1103 489 1141 ipsius
506 1102 619 1132 clerici
639 1102 851 1141 propositum
869 1110 972 1140 super
990 1102 1051 1132 hoc
1071 1102 1105 1131 in
1122 1102 1268 1132 Domino

256 1156 532 1186 commendantes
547 1164 584 1185 ac
602 1164 691 1191 eum,
711 1155 835 1185 intuitu
853 1155 996 1194 predicti
1017 1155 1196 1194 capellani,
1214 1155 1268 1185 be·

255 1209 370 1239 nivolo
398 1210 643 1248 prosequentes
668 1209 800 1244 affectu,
831 1208 1090 1238 universitatem
1121 1210 1267 1239 vestram

256 1271 415 1302 rogamus
443 1263 475 1292 et
506 1262 682 1292 hortamur
710 1263 847 1298 attente,
871 1270 930 1300 per
955 1261 1142 1300 apostolica
1171 1261 1268 1291 vobis

254 1316 380 1354 scripta
419 1315 453 1345 in
493 1315 619 1345 virtute
649 1314 840 1345 obedientie
872 1315 1015 1345 firmiter
1051 1315 1268 1354 precipiendo

255 1368 453 1398 mandantes
482 1370 648 1407 quatenus
666 1368 826 1398 dilectum
846 1368 967 1402 filium,
986 1368 1015 1397 si
1033 1369 1085 1398 est
1102 1368 1266 1406 ydoneus

214 1457 219 1461 ¹
255 1430 314 1461 pro
341 1422 455 1451 divina
483 1423 515 1451 et
542 1423 657 1451 nostra
684 1421 883 1456 reverentia,
906 1422 940 1451 in
969 1422 1166 1452 canonicum
1186 1422 1268 1452 reci-

254 1476 357 1514 piatis
374 1478 406 1505 et
423 1475 563 1505 fratrem
580 1484 616 1505 ac
639 1475 788 1505 fraterna
806 1475 840 1504 in
854 1475 1001 1505 Domino
1025 1475 1164 1505 caritate
1183 1477 1267 1505 trac-

255 1528 347 1564 tetis,
377 1537 442 1558 non
462 1527 616 1558 obstante
634 1529 761 1558 statuto
785 1528 825 1558 de
842 1530 931 1558 certo
952 1528 1191 1558 canonicorum
1209 1537 1266 1557 nu-

256 1590 348 1612 mero
374 1582 566 1620 juramento
606 1581 659 1611 vel
698 1581 953 1611 confirmatione
986 1581 1171 1620 apostolica
1208 1590 1267 1611 seu

255 1643 467 1674 quacumque
497 1634 657 1665 firmitate
681 1634 816 1664 vallato.
846 1635 966 1664 Preces
993 1636 1127 1665 nostras
1145 1636 1176 1665 et
1195 1643 1267 1673 pre-

255 1689 389 1727 ceptum
406 1688 439 1718 in
454 1688 514 1718 hac
540 1689 635 1726 parte
651 1688 766 1718 taliter
784 1688 957 1726 impleturi
974 1689 1010 1718 ut
1029 1688 1150 1718 exinde
1166 1688 1268 1727 digna

255 1741 414 1772 laudibus
444 1741 532 1779 apud
561 1750 622 1771 nos
650 1742 763 1771 vestra
779 1741 957 1771 sinceritas
976 1740 1149 1771 habeatur.
1176 1741 1267 1771 Alio-

254 1795 337 1834 quin
361 1794 557 1824 rescribatis
584 1793 682 1824 nobis
705 1802 842 1824 causam
863 1802 965 1832 quare
995 1794 1029 1823 id
1053 1794 1185 1824 efficere
1208 1794 1267 1824 mi-

254 1849 344 1878 nime
378 1847 541 1878 debeatis.
571 1848 696 1877 Datum
717 1848 806 1885 apud
836 1847 1125 1883 Urbemveterem,
1142 1857 1162 1877 v
1190 1847 1266 1877 idus

250 1901 410 1940 januarii,
430 1909 517 1931 anno
536 1901 646 1931 tertio.
669 1910 684 1930 1)

344 2084 436 2114 1221

790 2082 915 2115 Orvieto,
933 2083 964 2109 21
979 2082 1092 2117 janvier
1114 2083 1191 2109 1204.

287 2168 370 2194 Petro
385 2167 542 2201 Guillelmi,
564 2168 731 2203 presbytero
750 2168 996 2202 Pctragoricensis
1018 2169 1152 2200 diocesis,
1171 2170 1265 2204 capel-

252 2218 317 2244 lano
335 2218 384 2251 M„
398 2226 420 2244 s.
437 2217 532 2244 Maria}
556 2217 584 2243 in
599 2217 715 2244 Portica
736 2217 846 2244 diaconi
868 2217 1035 2249 cardinalis,
1061 2219 1264 2246 canonicatum

251 2266 390 2293 secularis
411 2266 541 2293 ecclesia?
559 2276 580 2293 s.
602 2267 718 2297 Asterii,
737 2266 981 2301 petragoricensis
998 2267 1131 2294 diocesis.
1145 2269 1266 2295 obtentu

252 2315 399 2342 Roncclini
416 2316 450 2342 de
474 2315 538 2346 Fos,
561 2315 745 2350 praeceptoris
764 2316 867 2342 domus
892 2315 1000 2342 Militiae
1022 2317 1133 2351 Templi
1152 2317 1179 2343 in
1198 2317 1265 2344 Pro·

251 2363 356 2396 vincia,
373 2364 494 2391 confert.
512 2365 588 2397 (llas.
606 2365 652 2397 29,
671 2364 719 2391 sol.
736 2364 770 2391 95
791 2369 830 2395 vo,
848 2370 877 2390 11⁰
896 2365 973 2399 209.)

292 2475 306 2495 1(
326 2465 418 2494 Petro
449 2464 615 2499 Gzcillelini,
643 2465 821 2505 presbytero
845 2465 1108 2505 Petraqoricensi's
1126 2465 1264 2502 diocesis,

252 2518 412 2558 capellano
432 2518 535 2548 dilecti
555 2518 615 2558 filii
634 2520 730 2548 nostri
754 2519 810 2555 M„
834 2525 936 2549 sancte
960 2519 1057 2549 Mai-ie
1082 2520 1113 2549 in
1137 2520 1263 2550 Portica

252 2571 374 2602 diaconi
398 2571 574 2601 cardinalis.
598 2572 651 2602 Ad
678 2572 867 2603 faciendam
890 2572 952 2603 tibi
975 2573 1118 2612 gratiam
1138 2573 1266 2612 specia-

252 2625 320 2656 lem
342 2628 373 2656 et
400 2628 452 2656 tue
470 2625 649 2665 probitatis
672 2626 794 2656 merIta
822 2635 924 2664 super
946 2626 1069 2665 quibus
1095 2626 1265 2657 laudabile

252 2679 313 2710 tibi
343 2679 579 2709 testimonium
615 2678 821 2717 perhibetur,
850 2681 881 2709 et
912 2679 1027 2710 dilecti
1053 2680 1114 2709 filii
1149 2680 1265 2710 fratris

253 2733 430 2763 Ronceliui
454 2733 493 2762 de
517 2733 595 2768 Fos,
614 2732 821 2771 preceptoris
844 2732 968 2762 domus
992 2733 1114 2763 Militie
1132 2733 1264 2772 Templi

252 2785 287 2816 in
316 2786 490 2816 provintia
519 2786 639 2816 devota
663 2785 866 2824 supplicatio
891 2795 952 2816 nos
976 2786 1149 2817 inducunt.
1178 2787 1265 2817 Hinc

253 2840 302 2869 est
322 2839 411 2878 quod
426 2848 499 2874 nos,
511 2839 782 2869 consideratione
799 2839 880 2868 dicti
900 2838 1015 2869 fratris
1025 2841 1057 2869 et
1070 2839 1264 2879 hujusmodi

254 2892 453 2922 meritorum
486 2892 636 2928 obtentu,
666 2892 901 2922 canonicatum
930 2892 1093 2922 secularis
1122 2892 1264 2923 ecclesie

1333 293 1439 322 sancti
1464 293 1604 328 Asterii,
1637 295 1926 333 l'etragoricensis
1957 297 2114 334 diocesis,
2145 309 2180 329 ac
2203 302 2338 338 prelseir

1332 345 1407 374 dam
1434 346 1519 375 nulli
1545 346 1603 375 alii
1637 347 1676 377 de
1698 347 1772 385 jure
1791 348 1950 384 debitam,
1969 351 1997 380 si
2024 354 2074 381 est
2103 352 2148 382 ibi
2168 354 2339 385 distinctio

1332 397 1579 436 prebendarum
1617 401 1794 439 certusque
1833 403 2069 433 cauomcorum
2102 413 2274 442 muuerus,
2310 411 2337 437 et

1333 453 1427 480 vacat
1444 451 1484 480 ad
1502 460 1655 489 presens,
1673 453 1824 492 alioquin
1840 456 2028 492 portionem
2046 457 2085 486 (10
2104 460 2339 489 ‹Jonunimilsus

1332 503 1565 541 proventibus,
1586 505 1672 535 sicut
1690 506 1747 535 alii
1775 507 1924 537 canonici
1943 509 2083 539 ecclesie
2102 511 2249 548 predicte
2268 521 2340 550 per-

1332 557 1473 595 cipiunt,
1486 557 1545 587 tibi
1560 558 1849 590 conferimuscun]
1864 561 2073 599 pleniludine
2085 563 2172 601 jiiris
2189 566 2337 595 rannulfi

1331 611 1429 646 teque
1458 610 1497 639 de
1524 610 1609 648 ipsis
1634 619 1693 649 per
1718 613 1870 642 nostrum
1898 613 2036 643 anulum
2064 614 2275 645 investimus.
2304 618 2337 647 Si

1330 671 1408 692 vero
1428 662 1602 693 distinctio
1621 666 1652 693 et
1679 673 1840 694 numerus
1862 666 2054 704 hujusmodi
2071 670 2148 697 sunt
2166 668 2289 698 ibidem
2308 672 2338 699 et

1329 714 1423 744 nulla
1440 715 1611 753 prebenda
1639 719 1734 747 vacat
1753 718 1793 747 ad
1819 726 1968 756 presens,
1993 719 2087 749 illam
2114 729 2212 758 quam
2231 721 2338 758 primo

1329 775 1447 797 vacare
1480 769 1669 807 contigerit,
1700 770 1873 800 donationi
1907 772 2091 810 apostolice
2127 776 2338 803 reservantes

1329 820 1566 851 conferendam
1590 821 1651 852 tibi
1670 831 1730 860 per
1751 825 1965 854 executorem
1985 825 2215 864 deputandum
2242 836 2259 856 a
2284 836 2338 857 no-

1327 872 1392 909 bis,
1410 874 1624 905 decernimus
1640 876 1774 906 irritum
1793 879 1823 907 et
1851 877 1948 907 inane
1970 878 1997 907 si
2019 887 2116 908 secus
2134 888 2151 909 a
2169 888 2337 918 quoquam

1327 926 1367 957 de
1399 927 1569 965 prebenda
1593 937 1653 959 seu
1676 930 1831 967 portione
1860 930 2053 969 hujusmodi
2084 933 2260 971 contigerit
2292 936 2337 962 at-

1327 981 1498 1018 temptari,
1521 990 1587 1011 non
1614 981 1768 1013 obstante
1794 983 1823 1013 si
1844 985 1893 1013 est
1922 984 1955 1013 in
1973 984 2115 1015 ecclesia
2134 986 2206 1023 ipsa
2234 987 2337 1015 statu-

1326 1035 1398 1063 tum
1414 1034 1453 1063 de
1472 1037 1562 1065 certo
1579 1036 1817 1066 canonicorum
1840 1046 1978 1067 numero
1993 1038 2183 1076 juramento
2202 1039 2253 1069 vel
2271 1040 2337 1068 alia

1327 1086 1477 1125 qualibet
1497 1088 1657 1118 firmitate
1674 1089 1850 1125 vallatum,
1870 1092 1927 1120 aut
1947 1091 1975 1120 si
1992 1092 2192 1130 scripsimus
2213 1092 2258 1121 ibi
2277 1101 2335 1130 pro

1326 1140 1404 1170 aliis
1437 1140 1561 1179 quibus
1597 1142 1757 1173 nolumus
1786 1144 2010 1182 prejiidicium
2045 1145 2209 1183 generari.
2243 1145 2337 1174 Nulli

1327 1203 1405 1233 ergo
1433 1196 1546 1224 nostre
1564 1195 1768 1232 collationis,
1800 1197 2013 1232 investiture,
2043 1198 2285 1228 reservationis
2307 1200 2336 1227 et

1327 1248 1582 1278 constitutionis
1607 1251 1668 1279 etc.
1698 1250 1822 1280 Datum
1847 1251 1934 1288 apud
1966 1250 2252 1288 Urbemveterem,
2290 1261 2335 1281 xii

1327 1301 1488 1331 kalendas
1507 1301 1681 1339 februarii,
1699 1312 1785 1333 anno
1799 1304 1910 1334 tertio.
1940 1314 1951 1332 ι)

1420 1491 1515 1521 1222
1863 1492 1988 1523 Orrieto,
2005 1493 2036 1518 :dl
2050 1492 2167 1526 junvier
2188 1494 2262 1519 izei.

1362 1574 1533 1608 Episcopum
1544 1577 1570 1601 et
1583 1575 1787 1608 Rampnult'um
1801 1577 1833 1602 de
1847 1577 1975 1603 Marolio.
1989 1577 2223 1604 archidiaconum
2241 1579 2336 1605 l'etru-

1326 1623 1503 1657 goricenses,
1525 1624 1667 1658 praedictic
1685 1624 1847 1651 collationis
1863 1629 2028 1652 executores
2047 1627 2173 1660 deputat⁴
2198 1628 2275 1654 ‹lii-:cu
2291 1628 2333 1657 μθ,

1327 1671 1375 1698 tol.
1394 1674 1428 1699 95
1441 1675 1481 1703 νο,
1504 1678 1533 1698 n⁰
1546 1673 1623 1707 ΥΟ)

1367 1786 1380 1803 1(
1399 1775 1556 1815 Episcopo
1574 1781 1600 1805 et
1618 1776 1727 1806 dilecto
1743 1777 1808 1816 filio
1824 1777 2012 1817 Humpnulfo
2029 1779 2064 1808 (le
2079 1780 2220 1816 ‚ilas-olio,
2236 1782 2334 1810 arelli-

1326 1828 1454 1858 diacono
1482 1828 1794 1869 Petraqoricensibus.
1826 1831 1877 1860 Ad
1906 1831 2092 1862 faciendum
2121 1833 2242 1864 dilecto
2268 1835 2336 1865 ulio

1327 1883 1424 1912 Petro
1443 1882 1631 1919 Guillelmi,
1649 1883 1848 1922 presbytero
1870 1885 2159 1923 Petragoricensis
2178 1887 2334 1924 diocesis,

1325 1936 1499 1974 capellano
1517 1936 1630 1966 dilecti
1650 1937 1712 1966 filii
1734 1937 1842 1967 nostri
1860 1938 1918 1973 M,
1942 1940 2054 1968 sancte
2080 1939 2184 1969 Marie
2208 1940 2241 1970 in
2259 1942 2336 1971 Por·

1324 1989 1393 2019 11011
1411 1991 1486 2024 etc.‚
1504 1991 1539 2019 ut
1555 1998 1668 2028 supra,
1681 1990 1793 2020 verbis
1810 1993 2038 2030 competenter
2059 1993 2209 2029 mutatis,
2232 2003 2337 2032 usque

1324 2043 1490 2081 generari.
1505 2043 1669 2078 Quocirca
1689 2044 1889 2074 mandamus
1906 2047 2072 2083 quatenus
2089 2047 2233 2076 eundem
2248 2055 2336 2085 pres·

1325 2095 1484 2134 byterum
1494 2096 1546 2126 vel
1565 2098 1818 2135 procuratorem
1836 2106 1947 2131 suum,
1962 2098 2034 2136 ejus
2047 2099 2193 2134 nomine,
2212 2100 2246 2129 in
2264 2100 2338 2139 ipsa

1325 2149 1468 2179 ecclesia
1486 2157 1546 2179 vos
1565 2149 1617 2179 vel
1644 2149 1730 2180 alter
1751 2151 1902 2180 vestrum
1921 2159 1979 2188 per
2002 2160 2061 2181 vos
2081 2152 2132 2181 vel
2158 2161 2217 2190 per
2234 2153 2337 2183 alium

1325 2204 1381 2233 aut
1398 2202 1485 2232 alios
1503 2203 1605 2241 recipi
1625 2202 1757 2233 faciatis
1782 2203 1816 2233 in
1835 2204 2032 2234 canonicum
2049 2205 2127 2234 etin
2145 2205 2282 2235 fratrem
2302 2215 2338 2237 ac

1324 2256 1354 2285 ei
1373 2256 1412 2286 de
1438 2255 1610 2294 prebenda
1637 2256 1689 2286 vel
1719 2257 1874 2294 portione
1899 2257 2104 2296 hujusmodi,
2129 2258 2157 2288 si
2180 2261 2274 2289 vacat
2298 2259 2339 2289 ad

1323 2317 1475 2347 presens,
1497 2309 1549 2339 vel
1566 2309 1819 2348 quamprimum
1837 2310 1877 2339 ad
1895 2310 1927 2339 id
1946 2319 1980 2340 se
2001 2310 2143 2341 facultas
2163 2311 2336 2347 obtulerit,

1323 2362 1501 2400 providere
1528 2362 1665 2395 curetis,
1691 2361 1756 2391 sibi
1786 2362 1925 2392 stallum
1947 2363 1980 2392 in
2006 2363 2105 2394 choro
2125 2366 2157 2393 et
2176 2364 2286 2394 locum
2305 2365 2339 2395 in

1325 2415 1472 2454 capitulo
1503 2423 1579 2445 cum
1605 2415 1816 2453 plenitudine
1842 2414 1930 2453 juris
1956 2417 2107 2446 canonici
2133 2417 2337 2456 assignando

1324 2477 1361 2498 ac
1386 2468 1575 2498 inducendo
1598 2467 1710 2506 ipsum
1730 2467 1764 2497 in
1783 2468 1992 2506 corporalem
2010 2469 2238 2507 predictorum
2263 2479 2337 2509 pos-

1324 2522 1514 2552 sessionem
1542 2522 1573 2551 et
1600 2521 1774 2551 inductum
1799 2521 1900 2552 etiam
1925 2522 2145 2559 defendendo,
2172 2532 2238 2553 non
2264 2523 2338 2554 obs-

1324 2574 1474 2606 tantibus
1490 2592 1540 2610 ——,
1557 2574 1609 2605 vel
1628 2574 1718 2613 quod
1738 2583 1840 2613 super
1860 2575 2002 2606 ecclesia
2018 2577 2124 2606 sancti
2143 2577 2279 2606 Martini
2298 2577 2338 2607 ad

1323 2628 1453 2658 Pictam
1471 2628 1669 2658 auctoritate
1694 2629 1811 2657 nostra
1834 2627 1899 2658 sibi
1916 2629 2050 2663 collata,
2071 2630 2158 2659 inter
2175 2630 2287 2668 ipsum
2306 2632 2338 2660 et

1323 2682 1492 2720 quendam
1507 2681 1613 2711 alium
1631 2689 1743 2711 coram
1756 2681 1909 2719 delegato
1927 2690 1945 2711 a
1965 2682 2062 2712 nobis
2081 2683 2213 2721 questio
2234 2683 2337 2713 venti-

1324 2734 1424 2771 latur,
1451 2735 1507 2764 aut
1533 2734 1621 2773 quod
1649 2734 1738 2764 idem
1764 2734 1886 2764 Petrus
1908 2743 2050 2773 presens
2077 2744 2140 2765 nou
2170 2736 2270 2766 suerit
2296 2736 2337 2765 ad

1323 2787 1545 2826 prestandum
1566 2788 1605 2817 110
1628 2786 1849 2817 observandis
1873 2788 1980 2826 ipsius
2000 2789 2140 2818 ecclesie
2160 2791 2336 2819 consuetu-

1323 2840 1460 2870 dinibus
1487 2843 1517 2870 et
1537 2840 1674 2870 statutis
1698 2840 1837 2870 solitum
1858 2841 2100 2879 juramentum,
2126 2843 2204 2871 dum
2223 2844 2334 2871 tamen

1323 2893 1408 2923 illud
1423 2895 1548 2932 prestet
1560 2902 1618 2931 per
1635 2895 1885 2931 procuratorem
1900 2894 1938 2923 ad
1956 2894 2014 2923 11ου
2030 2895 2220 2933 specialiter
2238 2902 2333 2923 cons-
