2519 3262
254 219 315 249 264

253 306 297 336 tis
313 305 364 335 vel
382 304 483 334 etiam
502 298 735 340 impetrandis,
759 305 822 336 que
841 296 880 326 de
898 295 1036 335 proprio
1054 295 1111 325 tuo
1128 292 1264 323 nomine

1006 205 1249 239 REGISTRES
1278 204 1493 236 D'URBAIN
1524 205 1580 235 IV.

1296 306 1297 328 g
1323 290 1414 331 gulis
1429 291 1498 321 tuis
1517 290 1692 321 beneficiis
1714 290 2165 321 mentionem.Decernimus
2184 291 2336 330 insuper,

255 367 291 388 ac
307 358 346 388 de
363 354 555 395 hujusmodi
572 353 680 392 gratia
690 351 751 382 tibi
769 350 855 380 facta
869 349 1004 388 plenam
1022 349 1053 378 et
1066 354 1265 385 expressam
1294 383 1295 386 Ἴ

255 419 320 441 non
343 409 489 439 facerent
506 405 724 437 mentionem.

294 463 398 492 Porro
420 460 508 490 dicto
528 457 765 497 predecessore
788 454 877 484 viam
899 453 1056 483 universe
1080 450 1192 481 carnis
1215 450 1265 479 in-

253 523 381 555 gresso,
407 513 487 552 quia
513 511 575 542 tibi
604 510 709 540 adhuc
731 507 844 538 debita
872 505 1022 546 provisio
1051 513 1117 535 non
1149 511 1266 542 prove-

254 569 347 599 nerat
367 576 409 596 ex
423 564 546 596 litteris
561 562 778 602 supradictiS,
802 569 863 590 nos
882 561 925 595 te,
943 566 1042 598 quem
1058 566 1123 587 non
1142 555 1265 586 minori

252 621 428 651 affectione
459 626 559 658 quam
584 617 673 646 idem
705 617 742 645 A.
778 613 998 653 predecessor
1026 610 1265 650 diligebamus,

252 672 412 714 prosequi
443 669 675 701 favorabiliter
701 667 925 701 intendentes,
959 674 997 695 ac
1023 673 1082 703 per
1113 663 1172 693 hoc
1196 663 1265 692 tam

251 733 450 766 processum
481 724 591 763 ipsius
625 721 775 761 episcopi
806 718 1031 750 Abrincensis
1066 726 1168 756 super
1199 716 1266 745 hiis

1322 344 1362 374 de
1388 345 1502 374 nostre
1526 343 1737 382 plenitudine
1761 343 1949 382 potestatis,
1973 343 2061 382 quod
2088 343 2149 373 hoc
2176 343 2279 373 etiam
2307 344 2337 373 si

1294 402 1295 426 1
1322 397 1503 436 objiciatur
1522 398 1554 427 in
1573 397 1702 435 judicio
1724 397 1776 427 vel
1798 398 1894 427 extra
1909 396 2075 434 judicium
2093 396 2134 426 ad
2152 396 2338 435 impedien-

1322 450 1404 481 dum
1426 453 1457 481 te
1473 451 1655 490 quominus
1674 449 1881 489 provisionis
1906 449 1968 480 tibi
1992 449 2076 479 facte
2098 449 2138 479 de
2157 449 2246 479 dieta
2263 457 2334 488 pre-

1296 527 1297 530 =
1322 506 1477 547 positura
1494 505 1655 544 consequi
1677 505 1790 543 possis
1807 504 1975 538 effectum,
1992 503 2056 534 tibi
2077 503 2111 533 in
2134 502 2250 542 aliquo
2269 511 2337 533 non

252 779 416 815 habitum,
442 785 544 816 quam
580 774 856 809 reservationem,
889 772 1072 805 decretum,
1105 768 1266 809 approba-

252 833 379 863 tionem
397 833 429 861 et
456 829 707 869 suppletionem
733 826 885 866 ejusdem
910 823 1162 864 predecessoris
1193 823 1266 852 rata

251 885 412 916 habentes
433 885 464 914 et
487 883 584 913 firma
602 889 706 920 eaque
725 879 925 910 auctoritate
943 877 1129 917 apostolica
1147 875 1264 906 confir·
1296 868 1298 913 J

252 939 396 970 mantes,
425 936 554 966 eisdem
585 933 699 964 abbati
730 934 762 963 et
810 931 1045 962 archidiacono
1084 938 1142 968 per
1177 929 1265 959 litte·
1296 922 1297 927 ¹

1296 987 1297 993 ¹
1323 986 1441 1012 mandat
1460 985 1616 1019 compellat
1629 985 1770 1011 decanum
1787 985 1814 1009 et
1828 982 1988 1017 capitulum
2003 981 2142 1009 ecclesiae
2157 989 2179 1008 s.
2198 979 2337 1008 Johannis

255 1000 308 1020 ras
338 991 471 1020 nostras
503 988 740 1019 mandavimus
768 988 803 1016 ut
834 994 936 1024 super
977 984 1038 1014 1100
1065 983 1265 1013 auctoritate

254 1046 369 1075 nostra
392 1043 612 1082 procederent
631 1042 729 1080 Juxta
752 1040 957 1070 directarum
983 1038 1033 1068 eis
1056 1037 1165 1076 ipsius
1191 1044 1262 1075 pre-

250 1097 440 1128 decessoris
455 1096 701 1127 continentiam
715 1094 920 1129 litterarum,
934 1091 1087 1122 volentes
1101 1089 1232 1120 tamdiu
1247 1098 1266 1119 a
1296 1107 1297 1113 1

248 1152 279 1181 te
293 1151 491 1180 decanatum
502 1145 965 1186 retineripredictum‚donec
978 1144 1038 1174 tibi
1054 1144 1152 1180 foret,
1164 1143 1264 1182 juxta
1296 1167 1297 1175 ,

250 1206 401 1234 tenorem
418 1200 767 1240 mandatiapostolici,
781 1200 821 1229 de
839 1198 1033 1237 hujusmodi
1051 1196 1267 1236 prepositura

250 1257 302 1287 vel
316 1257 479 1295 dignitate
496 1255 671 1294 provisum
687 1255 719 1284 et
737 1252 878 1283 haberes
893 1251 1049 1287 liberam,
1072 1250 1265 1289 expeditam

250 1312 284 1341 et
295 1310 469 1349 pacificam
479 1308 733 1348 possessionem
746 1306 867 1345 ipsius.
882 1305 1035 1343 Cumque
1047 1303 1264 1343 postmodum
1296 1315 1297 1344 3

253 1363 469 1402 prepositura
487 1361 597 1400 ipsius
616 1360 757 1390 ecclesie
775 1358 881 1389 sancti
898 1357 1083 1388 Audomari
1102 1365 1160 1395 per
1180 1364 1266 1385 mor-
1296 1357 1297 1397 J
1321 1350 1484 1381 johannis
1494 1349 1835 1388 Concel'gii,ele1‘icus
1848 1347 2098 1383 LaudunenSiS,
2115 1346 2206 1385 quod
2222 1346 2337 1378 dilecti

250 1418 317 1446 tem
346 1415 511 1445 ι1011011015
528 1414 567 1444 (10
589 1413 714 1447 Β10515,
737 1411 901 1451 prepositi
930 1410 1081 1449 ejusdem
1109 1408 1262 1442 ecclesie,

252 1468 452 1504 vacavisset,
472 1468 680 1497 memoratus
694 1465 798 1495 abbas
816 1465 921 1498 solus,
933 1464 1033 1502 prout
1050 1463 1081 1493 ei
1101 1463 1265 1500 compete-
1296 1492 1297 1502 ἶ

250 1522 304 1553 bat
329 1531 370 1552 ex
388 1520 552 1551 beneficio
571 1518 767 1558 hujusmodi
789 1517 990 1553 litterarum,
1014 1515 1264 1554 preposituram
1296 1547 1297 1550 Ἰ

252 1576 361 1614 ipsam
380 1576 553 1604 vacantem
572 1572 704 1603 Matheo
724 1571 763 1601 de
785 1571 912 1605 Firmo,
940 1569 1100 1600 canonico
1123 1569 1264 1599 ecclesie

252 1627 360 1658 sancti
380 1626 517 1657 Martini
537 1626 576 1656 de
595 1624 781 1663 Campellis
803 1623 836 1653 in
856 1622 945 1658 Bria,
970 1621 1181 1661 procuratori
1195 1623 1262 1652 100,

254 1682 325 1711 ν100
349 1690 385 1710 ac
404 1680 540 1710 nomine
567 1681 635 1712 tuo,
665 1677 863 1708 auctoritate
892 1676 1083 1706 litterarum
1112 1674 1264 1713 ipsarum
1296 1691 1297 1700 1

250 1734 402 1771 contulit,
414 1732 600 1772 assignavit
617 1734 647 1762 et
662 1731 806 1761 eundem
823 1730 865 1760 M.
884 1729 923 1759 de
941 1729 1026 1767 ipsa,
1042 1730 1099 1758 tuo
1115 1728 1263 1763 nomine,
1296 1758 1297 1766 ἵ

251 1797 309 1827 per
326 1796 425 1817 suum
444 1786 583 1816 anulum
608 1784 795 1814 investivit.
814 1784 954 1822 Nosque
977 1783 1065 1821 quod
1090 1781 1130 1811 ab
1148 1781 1265 1812 eodem

251 1841 369 1871 abbate
389 1848 490 1878 super
502 1839 562 1869 hoc
576 1838 701 1868 factum
717 1837 840 1871 extitit,
856 1836 1135 1866 ratumliabentes
1148 1836 1180 1865 et
1193 1843 1265 1873 gra-

251 1896 334 1929 tum,
348 1893 409 1923 tibi
426 1892 674 1931 preposituram
694 1891 834 1921 eandem
851 1889 1050 1920 auctoritate
1065 1888 1264 1927 apostolica,

252 1947 291 1976 de
308 1946 447 1984 speciali
462 1945 582 1984 gratia,
595 1953 636 1974 ex
649 1945 739 1974 certa
755 1943 896 1973 scientia
912 1951 969 1980 per
985 1943 1118 1971 nostras
1134 1941 1266 1971 litteras
1296 1948 1297 1974 ι

252 2000 413 2029 duximus
430 1997 706 2032 confirmandam,
726 1997 945 2026 decernentes
963 1995 1097 2024 irritum
1118 1995 1149 2024 et
1167 1994 1265 2024 inane

252 2051 415 2091 quicquid
432 2051 471 2081 de
487 2050 701 2089 prepositura
716 2049 844 2084 cadem,
864 2050 939 2087 post
956 2047 1151 2086 hujusmodi
1168 2046 1265 2076 colla·
1296 2072 1297 2077 ,

254 2106 379 2135 tionem
404 2104 465 2134 tibi
495 2104 615 2134 factam
638 2103 677 2133 de
702 2103 787 2140 ipsa,
813 2110 871 2140 per
895 2108 1124 2140 quoscumque
1150 2101 1265 2130 nostra

253 2158 306 2188 vel
323 2158 389 2188 alia
407 2157 527 2196 quavis
545 2156 743 2186 auctoritate
762 2156 811 2185 est
828 2155 879 2185 vel
898 2154 1000 2184 fuerit
1019 2154 1264 2191 attemptatum.

252 2212 338 2247 Quia
357 2219 436 2241 vcro
460 2211 495 2240 111
520 2209 643 2240 litteris
664 2211 732 2239 tam
760 2208 870 2247 ipsius
893 2206 1145 2246 predecessoris
1166 2215 1266 2245 quam

252 2266 393 2302 nostris,
419 2272 521 2301 super
542 2262 606 2292 hiis
623 2261 759 2296 habitis,
780 2261 819 2291 de
842 2260 995 2290 canoniis
1020 2261 1050 2289 et
1070 2259 1263 2298 prebendis,

253 2326 337 2356 quas
367 2317 401 2346 in
422 2316 621 2352 Parisiensi,
650 2315 840 2350 Baiocensi,
867 2313 1084 2348 Eboracensi,
1113 2312 1265 2343 511105111-

253 2371 370 2406 1·101151,
388 2369 619 2400 Lincolniensi
635 2370 666 2399 et
685 2367 890 2407 quibusdam
909 2367 987 2397 aliis
1007 2366 1162 2397 ecclesiis
1180 2366 1266 2396 obti-

252 2433 325 2459 nes,
341 2423 467 2454 mentio
482 2431 546 2453 non
562 2421 799 2461 extititlhabita
810 2420 982 2460 specialis,
998 2419 1157 2449 dubitans
1175 2428 1215 2449 ne
1234 2419 1267 2449 id

254 2477 315 2507 tibi
332 2475 585 2515 quomodolibet
600 2475 719 2505 obesse
734 2474 856 2510 valeat,
873 2472 1146 2512 supplicastitibi
1166 2481 1267 2511 super

253 2530 313 2560 hoc
328 2538 386 2568 per
404 2529 495 2560 sedis
512 2528 696 2567 apostolice
712 2526 980 2558 sollicitudinem
994 2525 1178 2565 provideri.
1196 2526 1267 2557 Nos
1297 2535 1299 2559 3

254 2584 378 2617 autem,
398 2590 579 2621 personam
594 2582 685 2611 tuam
708 2581 869 2620 precipua
895 2579 1125 2610 benivolentia
1152 2587 1267 2617 prose—

254 2636 409 2674 quantes,
438 2634 645 2673 presentium
671 2633 732 2664 tibi
758 2633 959 2664 auctoritate
985 2632 1131 2672 gratiose
1151 2640 1265 2663 conce-
1298 2661 1299 2671 ,

254 2688 366 2719 dimus
383 2689 429 2724 ut,
448 2687 508 2718 hoc
524 2695 590 2717 11011
602 2686 768 2723 obstante,
783 2686 912 2725 prefate
926 2686 1037 2717 littere
1054 2685 1134 2715 dicti
1151 2686 1267 2724 prede·
1298 2678 1299 2714 ἶ

255 2741 402 2772 cessoris
411 2741 444 2772 et
455 2741 569 2771 nostre
583 2740 677 2770 illam
689 2740 874 2771 efficaciam
892 2738 1037 2770 habeant
1054 2738 1266 2778 eundemque
1298 2719 1299 2763 l
1324 2732 1404 2757 1θῦῑῦ
1421 2730 1549 2766 episcopi
1563 2730 1801 2766 Corisopitensis‚
1820 2729 1994 2765 magistrum
2010 2730 2179 2759 Dr⁰⁰0ss0m›
2197 2731 2340 2756 rectorem

255 2795 405 2835 vigorem
420 2803 456 2825 ac
470 2794 498 2824 si
513 2794 647 2832 plenam
663 2795 693 2824 et
714 2801 912 2833 expressam
934 2794 941 2813 ¹
963 2792 1123 2824 fecissent
1143 2793 1183 2823 de
1201 2793 1268 2823 sin-

290 2910 310 2934 t.
326 2909 379 2934 Ces
394 2909 466 2933 deux
484 2911 556 2933 mots
572 2910 637 2933 sont
654 2907 764 2939 repetes
782 2915 833 2939 par
848 2914 949 2932 errcur
964 2907 1037 2932 dans
1057 2906 1083 2931 le
1102 2907 1234 2938 registro.

1323 561 1477 591 obsistat.
1493 558 1589 589 Nulli
1603 566 1681 597 ergo
1697 559 1810 588 nostre
1824 557 2054 587 concessionis
2069 558 2101 587 et
2117 556 2331 586 constitutio-

1323 614 1376 644 nis
1390 632 1438 643 -.
1456 614 1580 643 Datum
1597 612 1685 651 apud
1710 611 1999 647 Urbemveterem,
2016 620 2036 640 11
2056 610 2220 640 kalendas
2234 609 2335 648 junii,

1325 676 1411 698 anno
1429 666 1540 697 tertio.
1563 678 1577 693 »

1919 848 2044 879 Orvieto,
2058 847 2088 875 11
2108 847 2166 874 mai
2187 847 2265 874 1264.

1415 853 1512 884 1706

1357 936 1459 963 Abbati
1479 935 1647 962 monasterii
1669 944 1692 960 5.
1709 933 1818 960 Nicolai
1835 933 1864 960 in
1883 933 1983 966 Boseo,
1997 932 2191 959 Laudunensis
2203 931 2337 965 diocesis,

1321 1034 1350 1061 in
1375 1035 1466 1068 Burgo
1488 1032 1669 1060 Laudunensi
1695 1035 1723 1059 ut
1746 1032 1840 1063 Petro,
1856 1034 1922 1058 nato
1938 1030 2077 1057 Johannis
2094 1029 2257 1064 Concergii,
2276 1029 2339 1056 cle-

1323 1083 1382 1110 rico
1402 1082 1596 1114 Lauduncnsi,
1624 1082 1658 1108 de
1688 1081 1813 1116 quodam
1834 1080 1970 1107 beneficio
1991 1078 2170 1114 provideant.
2191 1079 2269 1112 (nze.
2288 1078 2334 1111 29,

1323 1132 1372 1160 fol.
1392 1133 1451 1163 172,
1469 1136 1500 1158 n⁰
1514 1132 1588 1162 750⁴)

1364 1255 1377 1273 1(
1394 1243 1506 1274 Abbati
1522 1242 1698 1272 monasterii
1711 1242 1811 1271 sancti
1823 1240 1966 1271 Niclzolai
1983 1241 2012 1269 in
2034 1240 2140 1275 Boscu,
2156 1239 2336 1269 Laudunen-

1322 1298 1363 1327 sis
1374 1297 1510 1327 diocesis.
1533 1296 1699 1335 Exposuit
1715 1296 1812 1326 nobis
1827 1295 1973 1325 dilectus
1988 1294 2081 1324 filius
2092 1294 2226 1327 Petrus,
2238 1296 2338 1324 natus

1322 1404 1385 1434 tilii
1404 1427 1410 1433 .
1431 1404 1609 1438 .decanus,
1630 1404 1661 1432 et
1687 1401 1874 1441 capitulum
1891 1401 2032 1431 ecclesie
2051 1400 2158 1430 sancti
2173 1399 2338 1431 Johannis

1323 1458 1357 1487 in
1374 1457 1486 1496 Burgo
1512 1455 1729 1487 Laudunensi
1756 1454 1985 1494 promiserunt
2006 1453 2071 1483 sibi
2097 1453 2136 1483 de
2160 1453 2275 1492 aliquo
2296 1461 2339 1484 ex

1323 1512 1396 1541 octo
1414 1510 1589 1540 beneficiis
1615 1509 1654 1539 ad
1672 1508 1887 1539 collationem
1900 1516 2018 1538 eorum
2035 1506 2224 1537 comuniter
2239 1506 2340 1545 perti-

1323 1563 1496 1598 nentibus,
1511 1562 1764 1602 quamprimum
1783 1561 1824 1591 ad
1848 1561 1881 1591 id
1907 1569 1942 1591 se
1960 1561 2096 1591 offerret
2112 1559 2337 1598 oportunitas,

1296 1624 1297 1634 ¹
1322 1617 1512 1656 providere,
1528 1625 1563 1646 se
1578 1616 1619 1646 ad
1632 1615 1665 1645 id
1677 1624 1736 1654 per
1746 1623 1826 1644 suas
1838 1614 2136 1653 patenteslitteras
2146 1612 2337 1652 obligando.

1322 1672 1393 1701 Nos
1423 1670 1537 1708 igitur,
1566 1669 1725 1699 clericum
1749 1668 1874 1707 ipsum,
1900 1669 2038 1706 propter
2060 1666 2240 1706 probitatis
2279 1674 2338 1696 sue

1323 1724 1445 1754 merita
1462 1731 1564 1762 super
1582 1721 1706 1760 quibus
1720 1721 1750 1751 ei
1778 1720 1948 1751 laudabile
1973 1719 2209 1750 testimonium
2228 1718 2339 1758 perhi—

1296 1770 1297 1781 ’
1322 1778 1432 1813 betur,
1448 1776 1594 1816 gratiose
1611 1775 1771 1814 prosequi
1791 1783 1827 1804 ac
1846 1773 2082 1804 favorabiliter
2111 1773 2337 1809 intendentes,

1323 1830 1521 1861 discretioni
1554 1831 1610 1859 tue
1634 1828 1835 1858 mandamus
1853 1827 2026 1866 quatinus,
2060 1827 2089 1856 si
2105 1828 2155 1856 est
2185 1826 2339 1865 ydoneus

1296 1895 1297 1899 ¹
1323 1883 1476 1918 scientia,
1508 1882 1661 1913 moribus
1690 1884 1719 1911 et
1745 1882 1832 1911 etate
1859 1880 2020 1919 aliudque
2041 1880 2240 1910 canonicum
2274 1888 2341 1909 non

1323 1937 1479 1971 obsistat,
1498 1936 1606 1966 dictos
1623 1936 1787 1965 ‹lec-anum
1805 1935 1836 1964 et
1859 1934 2045 1972 capitulum
2063 1933 2244 1972 diligenter
2271 1941 2343 1963 mo-

1296 1985 1297 1996 *
1323 1999 1404 2020 neas
1424 1991 1455 2020 et
1472 1989 1612 2019 inducas
1630 1991 1665 2018 ut
1683 1988 1792 2018 eidem
1807 1987 1929 2017 clerico
1945 1987 1985 2017 de
2003 1986 2195 2026 huJusmodi
2215 1985 2343 2016 benefi-

1323 2043 1386 2079 cio,
1405 2042 1658 2081 quamprimum
1676 2041 1716 2071 ad
1746 2041 1779 2070 id
1808 2049 1843 2070 se
1867 2040 2010 2070 facultas
2041 2039 2214 2073 obtulerit,
2240 2039 2339 2078 juxta

1322 2095 1584 2134 promissionem
1602 2097 1632 2124 et
1648 2094 1888 2133 obligationem
1904 2101 2012 2130 suam,
2027 2092 2203 2131 providere
2219 2101 2339 2131 procu-

1323 2150 1408 2179 rent.
1426 2148 1522 2184 Quod
1539 2148 1567 2177 si
1586 2147 1723 2178 monitis
1740 2147 1808 2177 tuis
1820 2155 1938 2185 parere
1950 2146 2217 2184 contempserint
2231 2145 2265 2175 in
2278 2145 2339 2176 hac

1323 2206 1429 2241 parte,
1446 2203 1482 2231 tu
1493 2210 1533 2231 ex
1550 2202 1629 2231 tunc
1643 2200 1673 2231 ei
1690 2200 1729 2230 de
1746 2199 1941 2239 hujusmodi
1958 2198 2132 2234 beneficio,
2145 2198 2174 2229 si
2186 2200 2281 2229 vacat
2299 2198 2341 2228 ad

1323 2263 1464 2294 presens
1483 2254 1535 2284 vel
1548 2254 1718 2293 quamcito
1733 2253 1893 2283 obtulerit
1911 2261 1947 2283 se
1963 2252 2119 2287 facultas,
2139 2251 2338 2282 auctoritate

1331 2310 1446 2338 nostra
1458 2316 1515 2346 per
1537 2309 1568 2337 te
1588 2308 1639 2337 vel
1658 2307 1762 2337 alium
1780 2307 1917 2337 studeas
1935 2306 2125 2345 providere.
2145 2305 2341 2336 Contradic-

1324 2363 1415 2392 tores
1438 2363 1500 2391 etc.
1522 2369 1629 2400 usque
1654 2360 1909 2400 compescendo.
1927 2360 2003 2390 Non
2031 2358 2185 2390 obstante
2206 2376 2255 2389 —.
2275 2359 2340 2390 Da—

1324 2417 1395 2446 tum
1411 2415 1499 2454 apud
1516 2414 1803 2448 Urbeiiiveterem,
1823 2423 1843 2444 1·
1865 2413 1942 2444 idus
1968 2413 2060 2447 maii,
2084 2421 2171 2444 anno
2189 2413 2301 2444 tertio.
2325 2422 2340 2442 »

1416 2598 1512 2629 1707
1915 2595 2042 2626 Orvieto,
2063 2595 2094 2622 16
2108 2594 2167 2622 mai
2187 2594 2264 2622 1264.

1360 2681 1462 2708 Abbati
1477 2682 1512 2708 de
1530 2681 1688 2717 Langouio.
1707 2679 1930 2715 corisopitensis
1943 2679 2079 2712 diocesis,
2095 2680 2213 2707 mandat
2232 2682 2274 2711 ut,
2293 2679 2340 2707 ob-

1324 2779 1463 2806 ecclesiae
1475 2780 1508 2807 de
1524 2779 1626 2806 Medle.
1641 2779 1669 2806 in
1686 2778 1893 2813 corisopitensi
1908 2778 2030 2806 ecclesia
2042 2778 2071 2805 in
2087 2778 2258 2806 canonicum
2272 2785 2339 2806 cum

1323 2828 1485 2863 praebenda
1505 2827 1593 2863 recipi
1613 2827 1709 2856 saciat.
1731 2828 1810 2863 (Rue.
1830 2828 1876 2862 29,
1894 2827 1943 2855 sol.
1964 2828 2023 2861 172,
2043 2833 2073 2854 η’
2087 2828 2161 2858 757.)
