2519 3262
214 212 273 241 352

213 296 341 327 tinebat
366 297 455 336 quod
476 296 585 326 felicis
614 294 858 325 recordationis
886 294 1104 324 Innocentius
1125 303 1223 333 papa,

212 351 431 388 predecessor
457 351 581 384 noster,
612 348 686 385 tibi,
717 356 776 387 pro
801 347 955 378 subsidiO
974 348 1078 378 Terre
1103 348 1223 378 Sancte

213 405 326 433 sancte
345 402 462 433 Crucis
481 403 649 431 caractere
670 401 845 440 insignito,
864 400 1114 439 redemptiones
1133 402 1224 430 voto·

212 465 287 486 rum
325 456 634 494 crucesignatorum
663 463 700 484 ac
729 454 839 493 legata
863 454 1060 484 indistincte
1088 454 1120 483 in
1148 453 1223 492 pios

212 517 294 539 usus
325 517 453 538 necnon
485 509 617 538 extorta
642 516 702 545 per
734 506 927 537 usurariam
961 506 1163 545 pravitatem
1191 509 1223 536 et

212 561 323 592 ablata
341 562 471 598 illicite,
493 561 520 590 si
543 561 589 590 hii
607 560 732 599 quibus
751 559 872 590 horum
896 559 1067 590 restitutio
1085 559 1223 589 deberet

211 615 296 651 fieri,
317 615 454 645 omnino
472 614 552 644 sciri
578 613 630 643 vel
650 613 795 643 inveniri
819 621 885 642 non
911 615 1049 652 possent
1068 613 1102 642 in
1120 621 1221 651 regno

211 668 351 698 Francie
364 677 400 698 ac
415 667 632 698 comitatibus
649 668 681 697 et
693 667 804 702 terris,
821 666 994 700 dominii&
1013 666 1222 696 castellaniis

211 722 242 751 et
257 721 365 751 feudis
383 721 462 754 tuis,
477 720 661 756 mandavit,
679 719 741 750 sub
758 720 848 749 certa
862 719 980 755 forma,
998 728 1056 758 per
1072 728 1152 749 suas
1169 719 1221 749 lit-

210 776 299 805 teras
325 774 492 813 assignari
520 773 672 812 aliasque
702 773 779 803 fecit
812 773 952 811 gratias,
982 772 1107 802 intuitu
1134 773 1221 802 dicte

210 829 314 863 terre;
330 836 366 857 ac
381 828 516 857 demum
527 826 588 857 tibi
604 835 662 865 per
678 826 763 856 alias
780 826 949 856 concessit
964 826 1097 856 litteras
1113 827 1149 856 ut
1163 834 1222 864 per

210 881 349 920 gratias,
367 880 444 910 aliis
461 880 502 910 ab
521 880 638 910 eodem
656 880 894 918 predecessore
912 879 1016 909 factas
1034 879 1067 909 in
1085 888 1164 909 casu
1178 880 1221 909 si-

210 934 283 963 mili
299 934 332 963 in
347 933 475 963 eisdem
491 941 605 971 regno,
627 932 846 962 comitatibus
862 933 893 962 et
913 932 1025 968 terris,
1045 932 1219 968 dominiis,

210 987 418 1017 castellaniis
438 995 497 1016 seu
514 986 637 1020 feudis,
655 986 696 1016 ad
713 987 744 1016 te
763 985 909 1016 mediate
929 985 1000 1015 sive
1024 985 1221 1016 immediate

209 1039 454 1078 spectantibus,
468 1039 601 1070 nullum
618 1039 651 1069 in
666 1039 846 1078 premissis
861 1038 923 1069 tibi
940 1040 1055 1077 posset
1072 1038 1217 1077 prejudi-

209 1094 297 1124 cium
315 1094 481 1133 generari.
494 1094 565 1124 Nos
581 1093 708 1132 itaque,
724 1092 937 1123 attendentes
952 1092 1041 1131 quod
1055 1093 1103 1128 tu,
1123 1092 1220 1131 signo

208 1147 341 1177 vivifice
360 1147 478 1177 Crucis
508 1148 696 1185 assumpto,
723 1146 896 1185 proponis,
916 1147 1016 1184 prout
1041 1145 1219 1181 asseritur,

208 1209 283 1230 cum
313 1200 445 1231 decenti
474 1199 679 1230 bellatorum
706 1199 876 1235 comitiva,
918 1199 952 1228 in
987 1199 1097 1237 ipsius
1132 1200 1221 1228 terre

210 1253 402 1284 subsidium
427 1253 609 1292 proficisci,
635 1252 704 1283 tuis
727 1252 1035 1291 supplicationibus
1054 1251 1218 1288 inclinati,

209 1307 408 1337 auctoritate
425 1306 487 1337 tibi
501 1306 710 1345 presentium
724 1305 940 1344 indulgemus
954 1306 991 1335 ut
1009 1313 1069 1343 per
1088 1304 1221 1343 aliquas

208 1361 335 1399 gratias
354 1359 443 1394 aliis,
460 1360 594 1390 dilectis
613 1348 694 1389 tiliis
713 1358 885 1389 nobilibus
907 1358 991 1388 viris
1006 1358 1107 1388 Petro
1122 1358 1220 1388 Cam-

207 1413 346 1444 berlano
361 1414 392 1444 et
402 1413 566 1444 Gaufrido
580 1413 620 1443 de
632 1412 784 1444 Sarzinis
794 1411 957 1450 exceptis,
976 1411 1006 1441 si
1021 1411 1106 1441 forte
1119 1419 1220 1449 super

207 1466 274 1497 hiis
284 1467 426 1505 gratiam
441 1466 507 1496 sibi
519 1467 680 1496 duximus
696 1465 942 1496 concedendam
958 1465 991 1495 in
1008 1473 1089 1495 casu
1100 1464 1217 1501 simili,

208 1529 226 1550 a
245 1520 323 1550 sede
344 1520 529 1558 apostolica
550 1520 654 1549 factas
678 1519 730 1549 vel
750 1519 851 1549 etiam
878 1519 1060 1552 faciendas,
1090 1527 1154 1556 que
1179 1518 1219 1548 de

208 1573 422 1612 presentibus
447 1573 582 1611 plenam
604 1575 637 1602 et
659 1581 858 1611 expressam
883 1581 947 1601 non
973 1572 1112 1602 fecerint
1130 1580 1220 1602 men-

210 1627 347 1663 tionem,
362 1627 394 1656 in
412 1626 531 1665 gratiis
547 1626 608 1656 tibi
630 1625 802 1656 concessis
821 1625 861 1655 ab
882 1625 997 1655 eadem
1016 1625 1093 1655 sede
1118 1633 1220 1663 super

208 1681 369 1719 predictis
396 1680 430 1710 in
451 1682 541 1710 terra
558 1683 616 1710 tua
640 1679 771 1710 nullum
790 1679 899 1718 possit
917 1679 978 1709 tibi
995 1679 1219 1718 prejudicium

209 1734 374 1773 generari.
388 1733 483 1764 Nulli
498 1742 631 1773 ergo—-.
641 1733 766 1763 Datum
780 1733 868 1772 apud
884 1732 1218 1769 Urbemvetere1n‚vi

209 1787 371 1817 kalendas
390 1785 604 1825 septembris,
623 1794 709 1815 anno
727 1785 839 1815 tertio.
862 1795 875 1813 υ

298 1961 395 1991 217ss
798 1958 923 1992 Orviett»,
938 1960 972 1984 20
988 1960 1052 1984 aont
1071 1959 1118 1984 120
1126 1958 1145 1984 i.

246 2043 384 2078 Episcopo
399 2042 558 2070 Pietavcnsi
576 2043 692 2069 mandat
715 2045 741 2069 ut
758 2042 960 2069 canonicatum
980 2045 1007 2069 et
1024 2043 1218 2076 praebendam

211 2092 348 2119 eeclesiae
365 2101 388 2120 s,
407 2091 598 2127 ltadegnndis,
618 2094 750 2118 vacantes
764 2100 814 2126 per
829 2091 1057 2126 resignationem
1075 2091 1217 2122 tiuizurtli,

208 2142 306 2168 clerici
327 2144 355 2168 et
382 2141 475 2168 nuntii
503 2141 624 2172 Alt‘onsi,
653 2141 828 2167 Pictavensis
853 2143 879 2167 et
911 2140 1063 2167 Tholosani
1092 2141 1218 2172 comitis,

208 2191 256 2217 uni
273 2192 377 2218 clerico
388 2191 517 2226 ejusdem
535 2190 650 2217 comitis
667 2198 752 2224 quem
769 2191 843 2217 idem
862 2189 995 2216 Alfonsus
1014 2190 1218 2221 nominaverit,

209 2241 346 2267 conserat.
369 2241 450 2275 (ttae.
464 2241 509 2271 29,
524 2239 570 2266 sol.
588 2241 649 2270 220,
668 2245 697 2266 n⁰
714 2240 809 2273 1227.)

248 2361 264 2382 «
284 2351 441 2391 Epist-opo
455 2351 640 2380 pictavensi.
657 2352 740 2382 Cum
758 2351 902 2381 dilectus
919 2351 1011 2381 iilius
1031 2369 1077 2380 —.
1095 2351 1217 2381 Datum

209 2404 297 2443 apud
336 2404 625 2440 Urbemvetcrem,
662 2414 706 2434 vii
746 2404 910 2435 kalendas
949 2405 1097 2444 augusti,
1132 2414 1218 2435 anno

209 2458 318 2488 tertio.
340 2468 354 2487 »

299 2632 396 2663 2179
794 2631 918 2662 Orvicto,
937 2632 972 2659 25
987 2633 1054 2658 aout
1071 2631 1147 2658 1204.

244 2715 382 2750 Episcopo
395 2715 618 2749 l‘arisiensis,ad
636 2723 733 2751 preces
751 2716 871 2747 All'onsi,
888 2716 1005 2744 comitis
1030 2715 1217 2748 l’ictavensis,

211 2764 328 2791 mandat
349 2766 378 2791 ut
399 2764 573 2799 magistrum
597 2765 711 2792 Petrum
731 2765 763 2791 de
788 2765 908 2795 Perona,
932 2765 1069 2792 clericum
1089 2764 1217 2800 ejusdem

208 2812 323 2839 comitis
339 2813 483 2847 quondam
496 2813 651 2846 medicum,
664 2822 678 2840 e
690 2814 826 2841 carcerali
844 2815 973 2841 custodia
992 2815 1110 2846 relaxet,
1125 2813 1152 2840 in
1168 2813 1218 2840 ali—

208 2870 262 2896 quo
277 2862 451 2888 monasterio
465 2862 594 2890 habiturn
610 2863 758 2897 religionis
771 2866 987 2898 assumpturum
1001 2871 1051 2889 seu
1066 2863 1100 2889 ad
1123 2866 1218 2897 partes

208 2910 419 2937 transumrinas
436 2911 639 2945 profecturum.
659 2912 737 2946 (nm
755 2913 799 2943 29,
817 2912 866 2939 t'ol.
882 2914 934 2939 226
952 2918 987 2943 v⁰,
1008 2917 1036 2938 11⁰
1058 2912 1148 2942 1228.)

964 208 1210 240 REGISTRES
1240 209 1454 239 D'URBAIN
1485 209 1542 239 IV.

1325 304 1341 323 «
1357 319 1362 324 .
1381 318 1386 323 .
1404 295 1548 334 episcopa
1566 294 1744 323 parisiensi.
1756 293 1966 333 Significavit
1982 293 2080 324 nobis
2094 294 2296 326 dilectus—.

1283 347 1408 378 Datum
1435 347 1523 385 apud
1552 346 1842 381 Urbemveterem,
1870 356 1929 376 vui
1962 347 2126 378 kalendas
2151 350 2293 387 septem-

1282 400 1366 437 briS‚
1388 410 1475 431 anno
1494 401 1605 431 tertio.
1624 410 1638 430 ))

1371 562 1468 592 2180
1759 559 1883 593 Orvieto,
1905 560 1943 586 1ετ
1959 560 2123 594 septembre
2146 559 2224 586 1264.

1318 645 1484 680 Praeposito
1500 646 1638 672 ecclcsiae
1660 644 1826 675 insulensis,
1843 644 2031 671 Tornacensis
2044 644 2178 672 diocesis.
2193 646 2219 670 et
2234 644 2299 670 obe-

1281 693 1433 722 dientiarIO
1458 704 1481 721 S.
1502 695 1574 721 Justi
1594 694 1792 729 Lugdunensis
1818 694 1937 720 mandat
1962 695 1991 720 ut
2015 694 2139 720 Azonem
2160 694 2194 719 de
2214 693 2298 719 Maxi-

1281 743 1384 773 miaco,
1402 743 1796 778 clericumconsanguineum
1806 742 1969 783 Guichardi,
1982 742 2296 769 clericicommensalis

1280 792 1402 823 intonsi,
1431 792 1608 819 pictavensis
1636 791 1762 825 comitis,
1795 791 1924 827 ejusdem
1953 791 2104 818 Guichardi
2135 791 2298 818 considera—

1280 841 1370 875 tione,
1387 840 1414 867 in
1446 841 1566 868 ecclesia
1586 850 1609 868 s.
1630 840 1710 867 Pauli
1733 839 1933 875 Lugdunensis
1959 840 1987 866 in
2013 839 2182 866 canonicum
2208 839 2297 873 recipi

1281 889 1387 917 saciant
1405 889 1487 924 eique
1504 891 1538 917 de
1559 891 1721 924 praebenda
1744 889 1923 924 provideant.
1944 889 2023 922 (lino.
2042 890 2086 920 29,
2106 888 2155 915 fol.
2177 890 2230 915 226
2254 893 2296 919 τ’),

1280 944 1309 965 n*
1330 939 1420 970 1229.)

1319 1056 1336 1077 ((
1358 1069 1364 1075 .
1383 1073 1388 1077 .
1406 1047 1561 1086 preposito
1587 1047 1708 1077 ecclesie
1732 1047 1909 1084 Insulensis,
1932 1048 2130 1077 Tornacensis
2155 1047 2294 1083 diocesis,

1280 1104 1306 1129 ct
1334 1123 1339 1129 .
1359 1126 1365 1131 .
1392 1100 1610 1131 obedientiario
1627 1112 1651 1130 s.
1668 1101 1750 1131 Justi
1774 1101 1994 1141 Lu-qduncnsiS.
2015 1102 2295 1132 Consideratione

1280 1152 1394 1183 dilecti
1419 1154 1481 1183 filii
1500 1172 1549 1184 —.
1567 1155 1692 1184 Datum
1716 1155 1803 1193 apud
1825 1154 2115 1191 Urbemveterem,
2137 1154 2294 1185 kalendis

1280 1206 1495 1245 septembris,
1511 1215 1597 1237 anno
1612 1207 1724 1237 tertio.
1743 1217 1758 1236 n

1764 1366 1888 1397 Orvieto,
1910 1367 1946 1393 1⁰¹
1961 1366 2125 1400 septembre
2144 1366 2220 1393 1204.

1370 1367 1463 1398 2181

1314 1449 1438 1484 Alt'onsi,
1455 1450 1598 1477 Pictaviae
1610 1458 1642 1477 ac
1651 1450 1790 1477 Tholosae
1802 1451 1928 1481 comitis,
1942 1450 2084 1485 precibus,
2103 1451 2160 1477 illis
2172 1459 2242 1485 quos
2258 1451 2294 1478 ad

1279 1500 1458 1532 procuranda
1473 1508 1523 1526 sua
1542 1499 1667 1534 negotia,
1685 1499 1714 1526 in
1730 1500 1834 1526 Terrae
1851 1501 1972 1527 Sanctae
1988 1500 2149 1526 subsidium
2166 1500 2294 1535 proficis-

1279 1556 1357 1579 cens,
1370 1548 1399 1574 in
1413 1548 1600 1576 comitatibus
1615 1552 1641 1575 et
1660 1548 1746 1575 terris
1758 1549 1816 1575 suis
1832 1549 1892 1583 ipse
1902 1557 1999 1575 comes
2015 1549 2129 1576 duxerit
2145 1548 2296 1576 dimitten-

1278 1597 1339 1631 dos,
1353 1597 1377 1624 si
1391 1598 1582 1632 crucesignati
1597 1598 1701 1625 suerint
1718 1600 1746 1624 et
1757 1598 1829 1625 alias
1845 1601 1941 1625 essent
1953 1598 2105 1625 transituri
2120 1598 2148 1625 in
2162 1598 2293 1633 ejusdem

1279 1647 1372 1672 terrae
1403 1655 1570 1673 succursum
1593 1649 1619 1673 et
1642 1648 1675 1674 de
1701 1647 1782 1674 bonis
1807 1656 1933 1682 congrue
1959 1647 2077 1674 missuri
2101 1647 2206 1674 sintin
2228 1647 2294 1674 sub-

1279 1695 1385 1721 sidium
1406 1696 1500 1722 diotae
1527 1700 1631 1726 terrae,
1651 1696 1732 1723 illam
1749 1696 1878 1723 concedit
1895 1705 2012 1723 suorum
2031 1696 2144 1723 veniam
2162 1699 2294 1731 peccato-

1278 1752 1342 1770 rum
1360 1753 1431 1778 quae
1449 1746 1681 1772 succurrentibus
1699 1745 1791 1772 dictae
1807 1746 1910 1772 Terrae
1925 1746 1954 1772 in
1972 1746 2099 1781 generali
2115 1745 2237 1772 concilio
2249 1748 2293 1773 est

1277 1801 1423 1820 concessa.
1444 1794 1523 1827 (linc.
1537 1795 1581 1825 29,
1602 1794 1650 1821 sol.
1672 1796 1723 1822 226
1738 1799 1779 1826 v⁰‚
1800 1800 1832 1821 n⁰
1851 1795 1942 1830 1230.)

1318 1912 1334 1932 ((
1351 1902 1491 1940 .=tlf071so‚
1505 1902 1643 1931 Picluoit·
1656 1912 1690 1931 ac
1709 1902 1833 1932 leolose
1847 1902 1958 1932 comiti.
1976 1902 2069 1932 Sicut
2081 1910 2122 1932 ex
2134 1903 2228 1941 parte
2241 1919 2291 1930 —.

1278 1955 1401 1985 Datum
1434 1955 1523 1994 apud
1559 1955 1847 1992 Urbemveterem,
1882 1954 2038 1985 kalendis
2074 1953 2290 1994 septembris,

1278 2017 1365 2039 anno
1382 2009 1493 2039 tertio.
1512 2019 1526 2038 »

1368 2174 1466 2205 2182
1836 2170 1961 2202 Orvieto,
1982 2172 2011 2198 10
2027 2170 2123 2205 juillet
2141 2170 2220 2197 1264.

1314 2257 1476 2292 Aymerico,
1496 2255 1693 2283 Lfflnovicensi
1711 2255 1857 2290 episcopo,
1872 2255 1999 2290 indulget
2016 2258 2044 2282 ut
2064 2263 2114 2290 per
2132 2255 2289 2282 triennium

1276 2306 1400 2340 quinque
1418 2305 1527 2335 clerici,
1548 2304 1638 2339 ipsius
1662 2304 1830 2331 insistentes
1846 2304 2001 2339 obsequii&
2019 2306 2172 2338 proventus
2189 2304 2294 2330 benefi-

1276 2354 1386 2381 ciorum
1399 2364 1464 2381 cum
1481 2355 1645 2388 integritate
1663 2354 1691 2380 iu
1704 2354 1835 2380 absentia
1846 2354 1992 2388 percipere
2009 2353 2133 2380 valeant.
2150 2354 2229 2388 (linc.
2246 2353 2292 2388 29,

1278 2403 1324 2430 sol.
1341 2404 1394 2431 220
1410 2410 1445 2434 νῦ,
1464 2408 1494 2430 n⁰
1514 2403 1603 2431 1231.)

1318 2521 1332 2539 «
1344 2510 1518 2549 Aymcrico,
1530 2508 1736 2539 Lemoviccnsi
1746 2508 1899 2548 episcopo.
1913 2508 2105 2539 Desideriis
2117 2508 2185 2538 tuis
2198 2508 2232 2538 in
2250 2526 2290 2536 -.

1276 2564 1401 2594 Datum
1421 2562 1508 2601 apud
1537 2561 1825 2598 Urbemveterem,
1856 2571 1886 2590 vi
1910 2561 1985 2591 idus
2007 2561 2098 2600 julii,
2120 2569 2207 2591 anno
2228 2562 2292 2592 ter-

1276 2617 1335 2647 tio.
1357 2627 1372 2645 »

1367 2780 1463 2811 2183
1837 2776 1962 2807 Orvieto,
1986 2777 2015 2803 lu
2030 2775 2125 2811 juillet
2141 2775 2217 2802 1204.

1313 2863 1440 2890 Priorem
1462 2862 1639 2895 Brivensem,
1659 2861 1872 2888 Loium-icensis
1888 2860 2022 2892 diocesis,
2043 2860 2162 2894 predicti
2188 2859 2289 2887 indulti

1275 2913 1393 2946 deputat
1408 2915 1654 2939 conservatorem.
1677 2911 1753 2944 tlte-2.
1769 2911 1813 2940 29,
1831 2910 1877 2937 sol.
1896 2911 1948 2937 226
1968 2915 2005 2941 w’,
2022 2914 2051 2935 u·
2066 2910 2156 2941 1232.)
