2519 3262
1086 263 1336 294 APPENDICE
1358 262 1400 293 ΙΙ.
2240 268 2277 296 47

208 367 323 389 versas
348 357 528 388 fecerimus
543 357 669 396 gratias
685 366 744 396 per
758 357 912 387 diversas
930 358 1063 387 nostras
1080 357 1211 387 litteras

207 412 240 441 in
258 412 421 450 quantum
438 410 610 449 aliquibus
625 410 664 441 de
682 410 798 441 ordine
813 412 925 440 vestro
942 410 977 440 fit
989 409 1157 449 specialis,
1178 409 1211 438 in

206 464 348 503 reliquis
373 466 456 494 vero'
480 463 520 494 de
552 463 612 493 illo
636 472 798 502 expressa
825 463 950 493 mentio
968 471 1032 493 non
1057 462 1211 498 habetur,

205 525 409 556 quamquam
436 525 554 547 omnes
581 516 732 556 religiosi
756 518 825 547 tam
845 516 993 555 exempti
1021 524 1121 554 quam
1147 524 1212 545 non

205 570 354 609 exempti
373 569 611 608 comprehendi
637 569 813 600 videantur
838 569 871 599 in
889 569 949 605 eis,
968 577 1029 599 nos
1056 569 1097 598 ad
1124 567 1211 599 ordi-

205 632 280 654 nem
294 624 444 654 vestrum
464 623 645 662 specialem
659 621 820 653 habentes
838 622 1030 652 dilectionis
1043 622 1209 657 affectum,

205 676 404 707 auctoritate
435 675 532 706 vobis
562 676 771 715 presentium
799 675 1016 714 indulgemus
1039 676 1075 705 ut
1099 674 1212 713 hujus-

205 729 294 760 modi
316 738 375 759 seu
401 737 611 768 quecumque
629 728 694 759 alie
713 728 825 758 littere
840 728 927 758 dicto
944 727 1140 766 imperatori
1158 736 1211 757 su-

204 792 264 822 per
290 782 561 822 quibuscumque
587 782 705 821 gratiis
727 789 884 811 concesse
909 779 1057 815 anobis,
1085 781 1125 810 ad
1151 788 1212 810 vos

205 837 261 866 aut
277 836 395 866 domos
415 843 474 866 seu
500 835 621 866 fratres
640 834 792 873 ipsarum
813 834 935 872 prefati
959 833 1064 864 vestri
1083 833 1212 863 ordinis

204 890 344 920 minime
361 898 396 920 se
419 889 612 925 extendant,
631 887 787 926 quodque
804 896 863 926 per
880 887 1012 917 litteras
1029 886 1120 925 ipsas
1138 886 1210 916 nul-

204 943 274 973 lum
292 942 401 982 possit
418 941 513 973 vobis
530 950 589 972 seu
606 940 768 971 fratribus
785 942 816 970 et
830 939 987 970 domibus
1010 939 1121 978 ipsius
1140 948 1211 979 pre-

201 989 367 1036 Judicium
392 995 545 1035 generari
573 995 644 1024 sive
662 1003 681 1024 a
705 994 800 1024 vobis
824 993 877 1023 vel
902 993 952 1023 eis
975 993 1210 1032 quodcumque

204 1049 423 1089 pecuniarum
448 1049 504 1078 aut
534 1047 626 1078 aliud
644 1046 836 1077 subsidium
854 1046 906 1077 vel
924 1046 1103 1077 servitium
1121 1046 1211 1085 exigi

203 1104 259 1133 aut
277 1103 378 1133 etiam
391 1100 596 1140 extorqueri.
614 1100 707 1131 Nulli
724 1108 801 1139 ergo
814 1117 864 1128 —.
877 1100 913 1131 Si
929 1099 1006 1138 quis
1021 1117 1071 1128 —.
1086 1100 1210 1130 Datum

203 1155 360 1191 Viterbii,
370 1163 402 1185 vi
413 1153 584 1193 idusquii,
596 1153 811 1193 pontificatus
821 1153 930 1184 nostri
940 1161 1027 1183 anno
1042 1153 1151 1191 primo
1162 1153 1181 1182 ¹.
1194 1161 1211 1181 »

675 1310 906 1344 Montessascone‚
928 1310 961 1338 18
976 1311 1043 1337 aout
1057 1310 1138 1337 1262.

289 1311 388 1343 2922

234 1395 336 1422 Abbati
366 1398 393 1423 et
419 1395 571 1422 conventui
596 1394 762 1422 monasterii
785 1403 808 1421 s.
833 1394 974 1421 Vincentii
997 1393 1208 1427 mindunensis,

199 1443 308 1471 ordinis
327 1452 351 1471 s.
369 1444 523 1473 Benedicti.
544 1443 674 1478 indulget
691 1445 721 1470 ut
745 1443 903 1478 privilegiis
926 1442 1092 1477 apostolicis
1115 1442 1156 1469 uti
1176 1441 1209 1469 li-

199 1493 264 1520 bere
285 1493 410 1524 valeant,
435 1493 592 1519 dummodo
613 1492 642 1518 in
662 1500 711 1519 suo
737 1492 833 1527 vigore
854 1491 1009 1526 persistant
1030 1500 1080 1519 nec
1107 1499 1208 1518 eorum

198 1541 339 1569 terminus
354 1541 505 1569 effluxerit.
523 1542 620 1578 (Aaou.
635 1541 707 1568 Nar.
723 1549 737 1567 L
753 1541 814 1572 254,
830 1547 860 1568 ι]ο
872 1541 929 1574 47.)

240 1645 254 1665 ((
277 1634 414 1665 Urbanus
441 1635 606 1675 episcopas,
629 1645 730 1665 servus
757 1645 910 1665 servorum
934 1634 1030 1664 Dei..
1057 1634 1160 1665 abbati
1180 1639 1207 1665 et

198 1689 359 1718 conventui
388 1689 563 1719 monasterii
593 1699 617 1718 s.
658 1688 810 1718 Vincenlz'i
840 1688 1061 1722 Lamlunensis,
1091 1687 1208 1718 ordinis

197 1752 219 1772 s.
240 1741 407 1779 Benedicti,
418 1741 543 1772 salutem
561 1747 589 1772 et
604 1742 800 1782 aposlolicam
820 1741 1067 1772 benediccionem.
1086 1742 1208 1772 Prove-

198 1795 246 1825 nit
264 1804 304 1825 ex
318 1795 495 1826 devotione
512 1812 560 1825 —.
578 1796 702 1826 Datum
719 1795 807 1834 apud
823 1795 1148 1831 Montemssasconis,
1163 1804 1207 1825 xv

197 1848 360 1879 kalendas
374 1848 589 1888 septembris,
600 1849 816 1888 pontificatus
831 1849 938 1879 nostri
952 1857 1041 1878 anno
1055 1848 1177 1886 primo.
1191 1858 1206 1877 n

877 2002 945 2029 Date
963 2001 1133 2029 incer-taine.

284 2005 382 2036 2923

232 2088 370 2123 Episcopo
384 2087 537 2123 Anagnino
558 2087 677 2114 mandat
694 2089 724 2114 ut
747 2086 887 2114 interesse
905 2089 1038 2121 procuret
1054 2087 1205 2114 solemniis

194 2137 295 2171 quibus
310 2137 464 2172 primarius
482 2136 554 2171 lapis
570 2135 673 2171 apponi
689 2136 775 2163 debet.
788 2135 922 2170 hospitali
941 2136 984 2163 vel
999 2135 1142 2171 religiosis
1156 2137 1204 2163 do—

196 2187 290 2214 mibus
305 2194 375 2221 quus
401 2186 548 2219 Nicolaus,
571 2184 760 2212 subdiaconus
779 2187 807 2212 et
826 2185 991 2219 capellanus
1016 2185 1203 2219 apostolicus,

196 2243 282 2270 nepos
298 2236 442 2269 quondam
463 2234 593 2269 Gregorii
616 2242 705 2269 papae
731 2234 773 2265 lx,
793 2233 821 2260 in
845 2233 962 2261 civitate
981 2233 1133 2269 Anagnina
1160 2234 1204 2261 vel

195 2286 275 2311 extra
289 2292 376 2318 prope
391 2284 538 2311 civitatem
552 2283 702 2311 aedificare
719 2283 862 2317 proponit.
879 2284 977 2317 (Auen.
993 2291 1084 2310 eamr.
1099 2284 1204 2310 n'ANA-

196 2341 252 2363 osi,
267 2335 288 2359 t.
307 2333 340 2366 Ι.)

235 2434 249 2453 d
273 2423 411 2454 Urbanus
437 2425 609 2464 episcopus,
637 2434 740 2454 servus
756 2434 911 2453 servorum
939 2424 1004 2461 Dei,
1035 2425 1203 2455 venerabili

194 2477 323 2515 fratri..
342 2477 481 2517 episcopo
496 2477 669 2517 Anaqnino,
698 2477 827 2506 salacem
843 2481 871 2507 et
894 2477 1095 2517 apostolicam
1113 2477 1202 2508 bene—

195 2530 367 2560 diccionem.
393 2531 552 2561 Annuere
575 2530 661 2560 solet
681 2529 780 2560 sedes
805 2530 991 2568 apostolica
1017 2531 1084 2570 piis
1113 2531 1202 2562 votis

195 2585 227 2614 et
254 2583 407 2614 honestis
436 2583 623 2622 petentium
653 2582 813 2621 precibus
842 2582 992 2613 favorem
1011 2583 1145 2614 facilem
1171 2586 1202 2615 et

194 2636 391 2667 benivolum
418 2635 599 2675 impertiri.
618 2636 704 2666 Sane
730 2636 816 2667 lecta
834 2644 945 2666 coram
964 2636 1065 2667 nobis
1087 2637 1202 2668 dilecti

194 2690 256 2720 tilii
274 2689 419 2725 Nicolai,
437 2688 635 2719 subdiaconi
647 2690 679 2719 et
696 2689 860 2727 capellani
875 2689 993 2724 nostri,
1008 2690 1142 2729 nepotis
1156 2690 1200 2720 fe·

194 2743 270 2773 licis
298 2742 541 2773 recordationis
568 2742 608 2773 G.
625 2750 721 2781 pape,
740 2742 988 2781 predecessoris
1009 2743 1128 2778 nostri,
1147 2751 1202 2782 pe-

193 2797 268 2827 titio
292 2794 484 2826 continebat
505 2795 594 2834 quod
616 2794 689 2834 ipse
703 2794 904 2834 Jaindudum
922 2797 1032 2826 mente
1051 2796 1204 2835 concepit

194 2849 227 2880 in
245 2849 380 2880 civitate
390 2848 567 2888 Anagnina
582 2847 635 2878 vel
645 2848 740 2878 extra
756 2856 858 2887 prope
873 2848 1046 2880 civitatem
1060 2849 1202 2879 eandem

226 2965 248 2988 1.
267 2964 321 2989 sur
335 2962 360 2987 le
378 2962 416 2994 pli
435 2962 509 2987 ῖΙασ,
525 2963 665 2988 Romanus.

1272 357 1381 387 locum
1407 356 1618 386 infirmorum
1642 357 1673 386 et
1701 365 1896 396 pauperum,
1920 357 2087 396 quoddam
2112 358 2276 397 hospitale

1270 409 1323 439 vel
1344 409 1462 439 domos
1490 408 1669 447 religiosas
1697 418 1771 439 cum
1797 410 1944 440 oratorio
1967 410 1999 440 in
2022 410 2157 449 proprio
2175 411 2275 441 fundo

1270 463 1477 498 construere,
1494 470 1598 500 eaque
1618 461 1733 492 dotare
1750 462 1789 492 «le
1810 463 1957 501 propriis
1976 463 2086 493 boniS.
2108 463 2203 495 Unde
2222 473 2275 494 no-

1269 514 1322 544 bis
1341 514 1516 544 humiliter
1535 514 1738 553 supplicavit
1757 515 1828 554 ΝΜ]
1845 516 1933 554 quod
1950 516 2007 546 diu
2025 517 2129 555 gessit
2148 516 2181 546 in
2200 518 2275 547 voto

1269 567 1453 606 producere
1478 569 1566 606 optet
1590 567 1622 597 in
1642 576 1736 606 opus,
1755 567 1908 598 benedici
1928 577 1964 598 ac
1985 569 2119 599 concedi
2139 569 2216 605 sibi,
2235 570 2276 600 ad

1270 629 1354 659 opus
1372 620 1493 660 ipsius,
1518 629 1622 650 unum
1649 621 1795 659 lapidem
1816 622 1964 651 mandari
1983 622 2053 661 ΜΗ
2069 623 2185 662 Itaque
2206 623 2276 653 lan-

1269 673 1379 704 dabile
1397 673 1506 712 ipsius
1523 674 1556 703 in
1574 673 1633 703 hac
1650 677 1745 712 parte
1763 674 1973 712 propositum
1986 675 2018 704 in
2033 676 2176 706 Domino
2189 685 2276 706 com-

1269 726 1477 762 mendantes,
1510 726 1712 757 fraternitati
1747 728 1802 756 tue
1839 735 1897 765 per
1928 728 2112 766 apostolica
2150 729 2275 767 scripta

1269 779 1496 818 [mandamus]
1514 780 1679 818 quatenus
1692 788 1730 810 eo
1746 779 1815 819 ΜΗ]
1832 780 1977 819 lapidem
1994 780 2105 819 ipsum
2120 781 2184 811 sibi
2202 782 2274 812 sine

1268 832 1317 863 tui
1335 833 1367 863 et
1382 832 1484 862 alieni
1497 832 1586 871 juris
1598 832 1796 871 prejudicio,
1810 841 1885 863 cum
1899 833 2011 864 debita
2026 834 2274 873 sollempnitate

1267 886 1339 926 ΝΜ]
1355 885 1539 916 venerabili
1556 885 1628 925 [llll]
1646 887 1678 916 et
1700 885 1823 916 dilecto
1842 886 1963 920 filio‚...
1982 886 2087 916 electo
2107 887 2274 923 Alatrino,

1269 939 1388 969 damus
1411 939 1535 969 litteris
1551 939 1583 968 in
1608 939 1776 969 mandatis
1798 935 1848 976 [ut
1867 940 1967 978 unus}
1983 939 2034 969 vel
2054 939 2140 970 alter
2158 950 2274 971 eorum

1267 992 1337 1032 ΜΝ]
1354 991 1415 1022 hoc
1431 991 1616 1031 apostolica
1631 991 1701 1031 [llll]
1721 991 1851 1030 reliqua
1866 991 2076 1031 indulgentia
2089 993 2276 1033 cuicunque

1268 1044 1378 1075 ordini
1402 1044 1455 1075 vel
1483 1044 1639 1083 religioni
1663 1043 1703 1074 ab
1723 1044 1909 1083 apostolica
1932 1045 2009 1075 sede
2033 1054 2193 1076 concessa
2217 1055 2277 1085 per

1268 1107 1334 1137 qua
1351 1097 1556 1137 edi[fican]di
1580 1097 1699 1128 domos
1725 1097 1904 1136 religiosas
1922 1097 1993 1137 ΜΝ]
2017 1098 2135 1129 domos
2154 1099 2206 1129 vel
2224 1108 2277 1130 ec-

1267 1151 1390 1181 clesias
1408 1151 1518 1190 ipsius
1536 1150 1712 1190 religionis
1729 1150 1782 1180 vel
1803 1150 1933 1181 ordinis
1951 1150 1991 1181 ad
2009 1152 2176 1182 trecentos
2199 1161 2275 1191 pas-

1267 1213 1330 1243 pus
1347 1203 1420 1244 [llll]
1439 1203 1712 1234 Contradictores
1736 1221 1784 1232 —.
1802 1204 1926 1234 Datum
1950 1203 2106 1240 Viterbii,
2125 1214 2146 1234 x
2163 1205 2276 1236 kalen-

1267 1257 1327 1287 das
1345 1256 1351 1275 ¹
1366 1256 1437 1297 ΜΝ]
1454 1257 1667 1296 pontificatus
1684 1257 1791 1287 nostri
1811 1265 1897 1288 anno
1913 1256 2034 1296 primo.
2055 1268 2070 1287 n
2087 1257 2214 1297 (Bulle.)

1669 1422 1899 1453 Monteliaseone,
1916 1423 1932 1449 6
1946 1422 2107 1457 septembre
2125 1423 2201 1450 1202.

1356 1425 1454 1456 2924

1301 1507 1473 1543 Eugubinos,
1486 1507 1522 1534 ad
1532 1507 1714 1534 devotionem
1728 1506 1867 1534 ecclesiae
1882 1514 2021 1537 reversos,
2041 1507 2091 1533 sub
2109 1507 2136 1533 b.
2155 1507 2231 1534 Petri
2245 1510 2273 1534 et.

1266 1564 1315 1582 sua
1338 1555 1515 1590 protectione
1533 1555 1664 1589 suscipit,
1681 1556 1786 1582 damna
1799 1556 1835 1582 ab
1855 1555 1895 1582 eis
1911 1555 2049 1582 eeclesiae
2066 1555 2146 1582 illata
2164 1556 2272 1583 eisdem

1265 1605 1450 1636 remittendo,
1462 1605 1601 1632 comitatu
1613 1606 1710 1631 tamen
1722 1604 1870 1639 Eugubino
1885 1604 2041 1639 Eugubinis
2057 1613 2112 1631 non
2125 1613 2272 1632 concesso,

1265 1655 1362 1689 (Aaou,
1383 1662 1485 1680 nume,
1504 1661 1538 1679 nr:
1552 1654 1670 1684 Guamo,
1689 1653 1758 1680 libro
1774 1661 1857 1683 rosso,
1876 1653 1923 1680 sol.
1941 1653 1973 1680 41
1989 1656 2041 1686 νῦ.)

1304 1766 1319 1785 (ι
1335 1755 1475 1786 Urbanus
1486 1755 1655 1795 episcopus,
1668 1765 1772 1784 servus
1783 1764 1938 1784 seruorum
1948 1755 2014 1790 Dei,
2025 1755 2143 1785 dilectis
2154 1755 2230 1795 filiis
2243 1780 2248 1785 .
2263 1779 2270 1784 .

1261 1809 1407 1849 potestati
1419 1813 1446 1838 et
1460 1808 1608 1838 communi
1625 1807 1810 1847 EuyubiniS,
1826 1807 1954 1837 salutem
1968 1813 1995 1837 et
2012 1808 2211 1847 apostolicam
2225 1808 2271 1838 be-

1264 1862 1476 1892 nedictionem.
1508 1861 1656 1891 Humani
1688 1860 1936 1899 redemptorem
1957 1861 2090 1900 generis
2117 1861 2175 1900 qui
2206 1870 2272 1893 non

1263 1915 1355 1946 venit
1381 1915 1573 1954 peccatores
1591 1913 1731 1953 perdere
1754 1914 1815 1944 sed
1834 1913 1978 1951 salvare,
1998 1914 2094 1953 cujus
2114 1914 2221 1945 vicem
2238 1915 2272 1945 in

1264 1968 1375 2002 terris,
1407 1968 1485 1998 licet
1524 1967 1701 2003 immeriti,
1733 1967 1896 2006 gerimus,
1929 1970 2093 2006 quantum
2126 1967 2272 1998 humana

1264 2021 1430 2061 permittit
1452 2020 1632 2059 fragilitas,
1650 2020 1835 2057 imitantes,
1854 2020 2040 2059 gaudemus
2059 2029 2133 2050 cum
2157 2021 2204 2051 hii
2230 2022 2271 2051 ad

1264 2074 1404 2105 ecclesie
1433 2074 1599 2113 gremium
1623 2073 1798 2103 humiliter
1826 2074 2052 2109 revertuntur,
2070 2074 2140 2113 qui,
2158 2083 2271 2105 errore

1262 2130 1356 2168 ipsos
1370 2127 1522 2158 trahente
1532 2127 1648 2157 devios
1663 2127 1696 2157 in
1707 2127 1846 2161 malum,
1856 2135 1931 2157 cum
1945 2127 2045 2157 malis
2059 2136 2179 2157 manus
2191 2136 2271 2159 suas

1262 2183 1456 2221 posuerant,
1482 2181 1515 2211 in
1532 2181 1667 2219 proprie
1694 2180 1815 2210 salutis
1838 2180 2067 2219 dispendium,
2090 2182 2205 2211 contra
2234 2181 2271 2211 il-

1262 2235 1340 2265 lam.
1360 2235 1458 2271 Sane,
1479 2242 1554 2264 cum
1579 2234 1656 2264 sitis
1678 2234 1828 2264 Romane
1853 2233 1995 2263 ecclesie
2012 2233 2138 2264 subditi
2160 2235 2191 2264 et
2208 2234 2269 2264 filii

1262 2288 1438 2328 speciales,
1457 2296 1528 2324 nos,
1547 2288 1604 2326 qui
1621 2287 1782 2317 hactenus
1798 2285 1996 2316 dolebamus
2014 2295 2054 2317 ex
2067 2295 2105 2317 eo
2123 2287 2211 2325 quod
2228 2286 2268 2317 ab

1261 2341 1371 2381 ipsius
1401 2341 1578 2372 devotione
1612 2348 1671 2370 vos
1700 2341 1825 2370 temere
1859 2339 2042 2375 avertistis,
2078 2339 2268 2370 adherendo

1261 2398 1376 2427 contra
1392 2395 1516 2426 dictam
1533 2393 1711 2424 ecclesiam
1729 2393 1918 2429 Mansredo,
1937 2393 2105 2432 quondam
2123 2393 2269 2432 principi

1261 2449 1456 2484 Tarentino,
1474 2447 1678 2487 persecutori
1705 2447 1788 2486 ejus,
1807 2448 1838 2477 et
1854 2455 1928 2476 cun]
1949 2455 1986 2476 eo
2011 2446 2119 2484 ipsam
2136 2445 2267 2476 hostili-

1260 2504 1311 2533 ter
1338 2501 1579 2541 impugnando,
1597 2500 1783 2540 gaudemus
1807 2499 1924 2530 intime
1942 2499 1981 2529 de
1999 2500 2110 2529 vestro
2132 2498 2267 2529 redditu

1260 2556 1301 2586 ad
1327 2555 1437 2594 ipsius
1462 2553 1676 2585 devotionem
1701 2552 1854 2589 ecclesie,
1882 2551 2001 2582 matris
2030 2553 2151 2587 vestre,
2187 2560 2263 2590 que,

1260 2608 1324 2639 etsi
1349 2608 1462 2638 vestra
1492 2607 1535 2637 sit
1561 2606 1709 2641 domina,
1736 2604 1898 2635 maternis
1930 2612 1990 2634 vos
2017 2605 2127 2634 tamen
2146 2605 2265 2635 tractat

1260 2660 1448 2697 affectibus,
1467 2660 1581 2690 nescia
1602 2658 1699 2689 vobis
1721 2657 1825 2688 ubera
1843 2657 1994 2688 lenitatis
2011 2656 2209 2688 subtrahere
2228 2666 2265 2688 ac

1259 2723 1339 2746 suas
1358 2713 1368 2732 ²
1392 2712 1646 2744 misericordias
1671 2711 1854 2747 continere,
1881 2710 1910 2740 si
1933 2711 2044 2740 tamen
2073 2712 2265 2742 constanter

1259 2768 1294 2798 in
1312 2767 1385 2806 ejus
1402 2765 1588 2805 obsequiis,
1606 2767 1766 2803 tanquam
1783 2763 1971 2794 devotionis
1987 2762 2049 2793 filii
2067 2765 2098 2794 et
2120 2763 2236 2795 fideles
2254 2763 2264 2782 ³

1291 2875 1312 2898 ¹.
1328 2874 1367 2898 Le
1389 2880 1452 2897 nom
1475 2873 1513 2897 du
1538 2871 1611 2896 mois
1628 2873 1672 2896 est
1691 2871 1799 2896 enleve.
1818 2871 1974 2896 D'ailleurs
1993 2879 2026 2897 en
2050 2872 2195 2904 plusieurs
2216 2881 2263 2899 en-

1258 2918 1360 2946 droits,
1377 2918 1402 2942 le
1416 2916 1581 2949 parchemin
1598 2918 1640 2940 est
1652 2922 1685 2940 en
1703 2915 1835 2940 mauvais
1851 2915 1919 2940 citat.

1289 2964 1312 2987 2.
1331 2963 1383 2987 ΜΒ.
1402 2967 1407 2986 ;
1425 2962 1502 2986 mira.
1518 2975 1547 2980 -—-
1560 2962 1583 2986 ³.
1599 2960 1653 2986 MS.
1672 2965 1677 2985 ζ
1693 2960 1800 2985 Fidelis.
