2519 3262
257 268 297 298 62
968 259 1047 289 LES
1070 256 1314 289 REGISTRES
1335 255 1550 286 D'URBAIN
1574 255 1631 285 IV.

258 359 311 389 vel
331 357 498 389 interdicti
517 354 719 386 sententiam
743 352 960 392 promulgare
979 350 1174 382 nullatenus
1196 358 1267 388 pre·

259 412 415 445 sumatis,
436 418 493 440 nec
508 417 566 439 eos
583 408 668 438 alias
686 405 836 436 indebita
849 405 1028 436 vexatione
1045 404 1204 444 gravetis,
1219 404 1270 433 set

259 474 337 503 erga
356 464 448 502 ipsos
474 470 533 492 vos
549 461 663 492 taliter
685 459 839 490 habeatis
863 458 952 498 quod
969 467 1035 488 non
1056 456 1198 487 habeant
1216 456 1270 485 ad-

258 526 377 548 versus
394 525 453 546 vos
468 515 646 546 materiam
656 512 866 553 querelandi,
884 512 1002 542 scituri
1018 511 1118 550 quod,
1133 510 1162 540 si
1178 517 1268 540 inan-

259 572 373 601 datum
403 570 555 599 nostrum
588 565 806 606 neglexeritis
836 565 868 595 in
896 565 957 595 hac
987 566 1080 603 parte
1116 563 1267 601 implere,

258 633 323 654 non
349 622 539 662 poterimus
555 621 637 660 quin
655 620 784 651 eisdem
801 618 965 649 fratribus
984 618 1018 648 in
1042 626 1102 647 sua
1121 615 1268 655 justitia,

259 677 288 708 si
305 676 394 715 apud
414 684 475 706 nos
493 673 744 714 querimoniam
761 673 885 703 iterum
908 670 1138 710 deposuerint,
1160 669 1269 699 effica-

258 730 340 760 citer
367 728 544 768 providere
571 735 740 757 curemus.
770 726 895 756 Datum
928 724 1017 762 apud
1052 722 1269 754 Urbemvete—

259 791 340 817 rem,
353 781 496 812 vniidus
507 780 598 819 julii,
614 779 830 818 pontificatus
843 777 949 807 nostri
961 785 1046 807 anno
1057 776 1220 806 secundo¹
1233 786 1238 804 z
1253 785 1268 804 »

348 932 441 963 293¹
820 925 944 956 uri-icto,
960 925 995 952 30
1006 925 1101 960 juillet
1118 924 1195 952 1263.

294 1015 431 1049 Episcopo
449 1013 599 1048 Anagnino
613 1012 728 1039 mandat
747 1011 901 1045 compellat
918 1011 1034 1037 Petrum
1051 1010 1196 1044 quondam
1212 1009 1270 1036 Ro-

257 1063 339 1098 get-ii.
369 1063 491 1089 militem
516 1062 709 1096 Anagninum,
727 1061 761 1087 ad
783 1060 980 1095 recipiendum
1003 1067 1118 1086 uxorem
1141 1058 1269 1085 nobilem

258 1112 408 1139 mulierem
430 1111 608 1144 Govitosam,
630 1113 729 1137 natam
750 1110 895 1144 quondam
927 1108 1046 1143 Galgani
1063 1109 1097 1135 de
1127 1107 1268 1141 Sculcula,

255 1161 337 1196 eique
361 1161 525 1196 conjugales
551 1160 670 1186 affectus
697 1159 900 1186 exhibendum.
930 1160 1027 1191 (Aaou.
1047 1165 1138 1184 carm.
1164 1158 1269 1184 n'ANA·

256 1218 315 1241 cxi,
330 1212 351 1237 t.
370 1215 420 1236 1110
433 1210 492 1241 38.)

296 1312 313 1332 «
335 1300 476 1331 Urbanus
498 1300 669 1340 episcopus,
699 1309 801 1328 servus
831 1308 983 1328 serrorum
1014 1297 1079 1333 Dei,
1105 1297 1269 1327 venerabili

255 1355 390 1393 fratri..
410 1355 553 1394 episcopo
576 1353 889 1393 Anaqnino,sc1lu!em
916 1359 942 1382 el
964 1352 1161 1392 aposcolicam
1183 1352 1268 1382 bene-

237 1408 430 1438 edictionem.
451 1408 644 1446 Conquesta
662 1408 713 1437 est
731 1406 830 1436 nobis
844 1406 967 1436 dilecta
984 1406 1017 1435 in
1034 1406 1168 1436 Christo
1184 1406 1267 1443 filia,

256 1461 382 1492 nobilis
412 1461 536 1491 mulier
563 1460 737 1495 Govitosa,
765 1462 841 1490 nata
863 1460 1032 1498 quondam
1060 1459 1201 1498 Galgani
1228 1460 1268 1490 de

256 1515 425 1550 Scnlcula,
445 1514 533 1553 quod
555 1514 677 1544 Petrus
703 1513 875 1552 quondam
893 1513 1043 1552 RogeriL
1064 1513 1163 1544 miles
1180 1514 1268 1544 Ana-

256 1568 390 1607 gninus,
409 1567 460 1597 vir
477 1576 570 1603 suus,
585 1575 623 1596 ea
642 1566 779 1606 propria
792 1567 984 1596 temeritate
999 1566 1138 1602 omissa,
1158 1566 1268 1606 ipsam

256 1630 321 1651 non
342 1623 433 1651 curat
450 1620 599 1651 maritali
615 1620 790 1650 affectione
808 1620 958 1650 tractari.
979 1620 1126 1659 Ideoque
1150 1619 1268 1650 frater·

257 1675 353 1705 nitati
372 1678 426 1704 tue
452 1683 511 1713 per
530 1673 715 1712 apostolica
734 1673 860 1711 scripta
874 1673 1076 1703 mandamus
1093 1674 1265 1712 quatinus,

257 1728 286 1758 si
305 1729 355 1758 est
382 1728 438 1763 ita,
460 1727 588 1757 dictum
614 1727 754 1757 Petrum
781 1726 869 1765 quod
897 1726 1105 1757 nominatam
1129 1726 1168 1764 G,
1189 1736 1268 1758 uxo-

257 1789 327 1811 rem
342 1790 450 1816 suam,
469 1780 609 1818 recipiat
631 1781 662 1810 et
679 1780 709 1810 ei
729 1780 923 1819 conjugales
942 1780 1080 1811 affectus
1097 1780 1265 1817 exhibeat,

256 1835 292 1864 ut
316 1836 458 1870 tenetur,
480 1833 665 1865 monitione
688 1834 868 1872 premissa,
888 1842 947 1872 per
971 1842 1148 1864 censuram
1164 1834 1266 1865 eccle·

257 1888 441 1923 siasticam,
483 1886 709 1926 appellatione
739 1889 880 1923 remota,
910 1887 1106 1926 compellas.
1142 1888 1267 1918 Datum

257 1941 343 1979 apud
365 1940 652 1974 Urbemveterem.
674 1949 711 1969 111
739 1940 902 1971 kalendas
926 1941 1073 1980 augusti,
1093 1941 1263 1979 pontifica>

256 1996 311 2024 tus
328 1994 434 2023 nostri
453 2002 540 2023 anuo
557 1994 714 2023 secundo.
738 2003 752 2022 n

346 2142 442 2172 2962
844 2142 968 2169 Orvicto.
984 2142 1015 2170 10
1032 2145 1095 2169 nont
1116 2143 1194 2170 1203.

293 2225 429 2260 Episcopo
454 2226 604 2260 Anagnino
626 2228 743 2253 mundat
769 2227 906 2260 publicari
921 2230 999 2253 curet
1022 2235 1186 2262 processum
1202 2236 1267 2253 con-

256 2276 299 2300 tra
316 2274 451 2302 Mathium
465 2275 499 2301 de
516 2275 659 2309 Anagnia,
680 2279 814 2310 nepotem
829 2276 956 2311 Gregorii
976 2277 1008 2302 lx
1024 2284 1124 2311 papae,
1145 2276 1265 2307 editum,

254 2331 376 2358 cunique
385 2324 676 2351 cxcommuninatum
685 2325 850 2352 denunciet.
863 2326 960 2359 (Amul.
976 2325 1075 2352 Varie.
1092 2326 1209 2352 Armad.
1228 2333 1265 2357 vi,

255 2381 340 2407 capsa
356 2381 395 2407 vi,
414 2379 443 2399 n⁰
460 2374 493 2401 37
510 2374 547 2408 ².)

294 2477 310 2497 «
331 2466 469 2497 Urbanus
495 2467 667 2507 episcopus,
693 2477 794 2497 servus
821 2477 974 2497 serrorum
1007 2467 1072 2504 Dei,
1101 2468 1268 2498 venerabili

254 2520 366 2557 fratri.
383 2544 388 2549 .
410 2521 556 2560 episcopo
580 2521 759 2559 Auaynino,
775 2520 902 2550 salutem
922 2526 948 2551 el
966 2521 1163 2561 apostolicam
1182 2522 1266 2552 bene-

255 2573 429 2602 dictionem.
451 2573 625 2604 Intellecto
653 2582 759 2612 nuper
788 2575 877 2612 quod
898 2574 1023 2605 nobilis
1047 2575 1098 2605 vir
1122 2575 1266 2606 Mathias

256 2626 296 2657 de
331 2627 497 2666 Anagnia,
530 2635 635 2665 nepos
676 2627 784 2657 felicis
816 2628 1061 2659 recordationis
1100 2629 1140 2659 G.
1167 2638 1265 2668 pape,

255 2680 506 2719 predecessoris
535 2680 655 2715 nostri,
680 2682 879 2720 congregato
895 2682 1056 2718 exercitu,
1082 2684 1196 2713 contra
1216 2683 1266 2713 in-

255 2732 455 2763 hibitionem
482 2733 597 2764 dilecti
625 2733 687 2763 filii
713 2733 837 2764 nobilis
855 2734 918 2764 viri
934 2734 1098 2765 ,Iohannis
1117 2736 1262 2772 Pirunti,

256 2785 389 2824 nepotis
424 2787 456 2816 et
486 2786 605 2816 vicarii
637 2787 671 2816 in
701 2787 874 2826 provincia
901 2788 1084 2827 Campanie
1111 2790 1141 2819 et
1165 2789 1265 2820 Mari-

287 2870 309 2892 l.
327 2869 408 2894 Bullc
427 2871 543 2893 retenue
560 2876 612 2900 par
627 2869 676 2894 des
691 2869 750 2894 lacs
766 2870 799 2894 de
813 2871 872 2895 soie
890 2878 977 2903 rouge
994 2874 1020 2896 et
1035 2872 1131 2903 jaune.

285 2913 308 2937 2.
323 2914 373 2938 Cet
395 2916 457 2938 acte
475 2915 519 2938 est
535 2920 569 2938 en
587 2914 719 2939 mauvais
733 2915 802 2940 etat.
819 2915 844 2939 11
868 2918 946 2946 porte
969 2923 1001 2940 sa
1018 2916 1094 2941 bulle
1110 2916 1144 2941 dc
1168 2917 1262 2947 plomb

256 2957 418 2988 suspendue
435 2965 487 2989 par
501 2959 555 2983 une
569 2959 652 2983 corde
670 2959 702 2983 de
722 2959 857 2984 chanvre.

1325 348 1406 379 time
1434 347 1549 378 dilecti
1570 347 1633 377 filii
1654 347 1762 377 nostri
1790 347 1834 382 «1.,
1855 348 2049 377 sanctorum
2074 347 2196 378 Cosme
2219 349 2250 378 et
2273 348 2338 378 Da-

1323 401 1428 431 miani
1459 400 1592 430 diaconi
1619 400 1814 435 cardinalis,
1850 400 1992 430 rectoris
2023 400 2174 440 ejusdem
2205 401 2339 440 provin-

1324 454 1384 491 cie,
1411 454 1623 485 territorium
1647 453 1750 484 castri
1775 453 1989 489 Frusinonis,
2007 453 2097 492 quod
2122 455 2173 484 est
2196 454 2338 484 ecclesie

1323 508 1476 538 Romane
1503 506 1650 545 speciale
1678 506 1888 542 domanium,
1914 505 2082 536 violenter
2099 507 2276 546 ingressus
2300 515 2337 537 ac

1323 569 1383 599 per
1415 568 1553 599 campos
1579 560 1689 599 ipsius
1709 560 1813 590 castri
1838 559 2021 590 crudeliter
2036 559 2255 596 debachatus,
2272 561 2339 590 ter-

1324 614 1480 644 ritorium
1512 613 1638 652 ipsum,
1665 621 1774 652 usque
1801 613 1842 643 ad
1869 613 2007 652 pontem
2031 612 2142 651 ipsius
2171 614 2285 650 castri,
2306 615 2339 644 et

1324 667 1425 697 etiam
1443 667 1594 705 eJusdem
1608 666 1712 696 castri
1728 666 1923 696 molendina
1938 665 2028 705 ignis
2042 665 2197 696 incendio
2213 667 2246 696 et
2258 665 2338 696 aliis

1323 720 1626 759 depopulationum
1648 719 1842 759 generibus,
1861 727 1922 758 pro
1942 727 2002 749 sue
2018 719 2207 749 voluntatis
2227 718 2338 755 libito,

1324 773 1528 808 devastarat,
1555 773 1664 803 eidem
1688 772 1825 807 Mathie,
1845 771 1908 802 sub
1930 772 2291 803 excommunicationis
2306 773 2339 802 et

1324 826 1419 856 mille
1435 834 1626 856 marcarum
1651 826 1792 865 argenti,
1813 834 1850 856 ac
1867 825 1968 856 Petro
1987 824 2175 859 Tholomei,
2191 825 2338 856 Johanni

1324 880 1510 916 Amatoris,
1526 880 1626 910 Petro
1645 878 1835 915 Sarraceni,
1861 878 2057 909 Crescentio
2080 878 2205 918 ogerii,
2220 878 2337 918 Lagio,

1324 932 1473 963 Orlando
1491 933 1531 964 de
1555 933 1712 967 Zaneato,
1734 932 1867 962 Andree
1889 931 2061 968 Baccario,
2087 931 2194 963 Odoni
2211 931 2251 962 de
2274 932 2338 962 Fu·

1325 994 1436 1022 mone,
1453 985 1578 1016 Jacobo
1595 986 1634 1016 de
1655 985 1822 1021 Pluhella,
1843 985 2081 1015 Transmundo
2098 985 2138 1015 de
2160 985 2260 1022 Bezo,
2277 985 2337 1016 Pe·

1324 1040 1375 1069 tro
1395 1039 1496 1078 Spate
1519 1041 1552 1070 et
1569 1038 1715 1069 Johanni
1732 1039 1772 1069 de
1790 1038 1927 1077 Apulia,
1947 1037 2118 1068 militibus
2134 1038 2338 1076 Anagninis,

1325 1092 1381 1130 qui
1404 1091 1568 1122 adversus
1582 1092 1709 1122 dictum
1726 1093 1876 1122 castrum
1891 1100 1966 1121 cum
1988 1091 2063 1130 ipso
2078 1090 2206 1122 Mathia
2222 1099 2338 1130 perso·

1325 1144 1448 1174 naliter
1475 1146 1727 1183 processerunt,
1747 1145 1930 1184 unicuique
1949 1144 2107 1175 videlicet
2131 1144 2252 1175 horum
2274 1143 2338 1175 sub

1325 1199 1460 1227 centum
1477 1206 1667 1228 marcarum
1685 1198 1815 1237 argenti
1832 1198 1942 1237 penis,
1958 1206 2018 1236 per
2036 1199 2068 1228 te
2087 1197 2219 1237 injungi
2235 1197 2340 1228 firmi-

1323 1252 1423 1280 teret
1446 1252 1516 1281 tam
1540 1250 1684 1281 eundem
1711 1250 1873 1281 Mathiam
1892 1259 1994 1290 quam
2019 1251 2149 1281 milites
2170 1251 2265 1290 ipsos
2283 1259 2338 1290 pe-

1323 1303 1508 1342 remptorie
1526 1304 1623 1334 citari
1646 1304 1790 1334 fecimus
1806 1306 1851 1340 ut,
1870 1304 1959 1334 infra
1980 1306 2053 1334 octo
2074 1304 2148 1334 dies
2164 1306 2241 1343 post
2258 1304 2339 1335 cita-

1325 1356 1453 1387 tionem
1468 1358 1574 1391 tuam,
1595 1357 1820 1396 personaliter
1834 1357 1868 1387 in
1887 1358 2003 1388 nostra
2015 1358 2187 1396 presentia
2205 1365 2339 1396 compa-

1325 1411 1449 1444 rerent,
1468 1410 1595 1440 nostris
1612 1419 1714 1449 super
1734 1410 1796 1440 hoc
1812 1411 1956 1449 parituri
1973 1411 2104 1449 precise
2121 1410 2292 1441 mandatis
2307 1411 2340 1441 et

1323 1472 1384 1502 pro
1402 1463 1534 1494 meritis
1552 1464 1731 1502 recepturi.
1748 1463 1954 1502 Hujusmodi
1975 1465 2086 1494 autem
2105 1463 2338 1494 excommuni-

1324 1517 1469 1548 cationis
1485 1517 1676 1556 predictum
1695 1517 1858 1548 Mathiam
1875 1519 1907 1548 et
1922 1517 2138 1556 pecuniarias
2149 1525 2254 1556 penas
2269 1518 2339 1548 tam

1324 1570 1437 1609 ipsum
1455 1579 1557 1610 quam
1570 1570 1734 1609 reliquos,
1751 1571 1818 1600 nisi
1837 1569 1926 1601 infra
1944 1570 2140 1610 hujusmodi
2156 1571 2339 1601 terminum

1325 1624 1480 1654 venirent
1507 1624 1746 1663 personaliter,
1780 1624 1952 1654 incurrere
1985 1624 2157 1654 voluimus
2190 1632 2229 1654 eo
2250 1624 2339 1663 ipso.

1363 1677 1491 1707 Verum
1508 1677 1654 1708 Matthias
1671 1678 1702 1707 et
1726 1677 1855 1707 milites
1868 1677 2011 1716 predicti
2029 1677 2122 1707 citati
2142 1686 2160 1707 a
2173 1678 2218 1713 te,
2238 1677 2340 1716 prout

1323 1739 1382 1769 per
1400 1732 1476 1761 tuas
1492 1730 1592 1761 nobis
1607 1731 1758 1761 constitit
1776 1731 1918 1766 litteras,
1936 1731 1968 1761 in
1983 1730 2112 1769 prefixo
2127 1730 2178 1761 eis
2193 1730 2339 1762 termino

1325 1792 1539 1823 nequaquam
1560 1784 1786 1823 personaliter
1805 1785 2053 1823 comparentes,
2070 1783 2233 1814 Jacobum
2253 1784 2338 1824 Cay-

1324 1839 1441 1867 tanum
1457 1839 1487 1867 et
1514 1837 1691 1868 Nicolaum
1712 1838 1869 1874 Coccum,
1887 1837 1978 1867 cives
1994 1837 2206 1876 Anagninos,
2221 1845 2338 1876 procu·

1323 1892 1454 1921 ratores
1481 1899 1562 1921 suos
1581 1891 1621 1920 ad
1647 1890 1903 1929 proponendum
1928 1892 1960 1920 et
1983 1890 2200 1928 allegandum
2217 1898 2338 1921 causas

1324 1952 1441 1974 eorum
1465 1943 1618 1974 absentie
1648 1944 1689 1973 ad
1724 1944 1838 1974 sedem
1869 1943 2091 1982 apostolicam
2111 1943 2336 1975 destinarunt.

1322 1996 1454 2032 Quibus
1478 1997 1592 2036 itaque
1619 1996 1898 2035 procuratoribus
1926 1997 1960 2026 in
1987 1998 2103 2026 nostra
2133 1998 2163 2027 et
2194 1996 2337 2027 fratrum

1323 2052 1516 2080 nostrorum
1528 2050 1701 2088 presentia
1719 2050 1926 2083 constitutis,
1942 2058 2003 2079 nos
2016 2051 2125 2080 totum
2141 2049 2338 2089 hujusmodi

1324 2103 1497 2141 negotium
1527 2104 1714 2133 memorato
1746 2102 1911 2132 cardinali
1940 2103 2103 2141 presenti,
2121 2103 2161 2133 de
2192 2103 2336 2134 fratrum

1323 2157 1516 2185 nostrorum
1534 2155 1689 2191 consilio,
1709 2156 1945 2186 commisimus
1962 2156 2039 2185 viva
2058 2164 2148 2191 voce,
2162 2156 2334 2196 injungen-

1322 2209 1374 2238 tes
1391 2208 1499 2238 eidem
1519 2210 1553 2238 ut
1573 2209 1772 2239 auctoritate
1791 2210 1821 2239 et
1846 2209 1918 2239 vice
1934 2210 2050 2239 nostra
2067 2209 2191 2240 faceret
2211 2211 2243 2240 et
2261 2218 2338 2248 pro-

1322 2262 1453 2292 cederet
1475 2270 1577 2300 super
1593 2262 1671 2295 hiis,
1696 2264 1806 2300 prout,
1830 2261 1992 2292 suadente
2008 2262 2151 2300 Justitia,
2170 2264 2288 2294 nostro
2305 2265 2338 2294 et

1322 2315 1471 2353 predicte
1494 2315 1635 2345 ecclesie
1658 2315 1774 2345 honori
1793 2316 1953 2354 expedire
1973 2316 2113 2346 videret.
2137 2316 2232 2347 Idem
2256 2325 2337 2347 vero

1322 2368 1519 2401 cardinalis.
1539 2369 1617 2407 quia
1643 2369 1723 2399 dicti
1744 2371 1982 2408 procuratores
2002 2369 2167 2408 quasdam
2185 2378 2247 2408 pro
2265 2369 2337 2400 illis

1323 2423 1572 2460 proposuerunt
1590 2422 1848 2452 excusationum
1867 2431 1988 2452 causas
2006 2422 2147 2453 frivolas
2165 2431 2279 2453 coram
2297 2431 2336 2454 eo

1322 2476 1354 2505 et
1388 2475 1546 2514 requisiti
1574 2475 1676 2506 nichil
1705 2475 1798 2505 aliud
1823 2484 2013 2514 proponere
2037 2475 2228 2512 voluerunt,
2248 2475 2336 2507 tales

1321 2528 1580 2558 excusationum
1605 2537 1736 2564 causas,
1765 2529 1851 2559 sicut
1871 2537 1930 2559 nec
1953 2528 2080 2565 debuit,
2099 2537 2166 2559 non
2183 2529 2335 2566 admisit,

1321 2581 1381 2612 sed
1398 2581 1558 2612 Mathiam
1577 2583 1607 2612 et
1626 2591 1744 2612 omnes
1761 2585 1790 2613 et
1810 2582 1963 2622 singulos
1975 2582 2146 2621 predictos
2159 2585 2333 2622 reputans,

1321 2634 1476 2674 exigente
1497 2635 1642 2673 justitia,
1671 2637 1899 2672 contumaces,
1919 2635 2166 2674 pronuntiavit,
2186 2635 2334 2667 decrevit

1321 2689 1351 2718 et
1385 2687 1568 2718 declaravit
1600 2688 1743 2719 eundem
1777 2688 1939 2719 Mathiam
1970 2687 2334 2720 excommunicationis

1320 2742 1352 2770 et
1368 2740 1475 2776 mille,
1495 2740 1648 2780 singulos
1666 2749 1744 2772 vero
1761 2741 1915 2780 ipsorum
1932 2740 2081 2771 militum
2096 2743 2232 2771 centum
2246 2749 2334 2772 mar-

1319 2802 1434 2824 carum
1459 2794 1590 2833 argenti
1614 2802 1718 2833 penas
1739 2794 1789 2825 eis
1808 2794 1989 2833 impositas
2014 2794 2212 2829 incurrisse,
2232 2797 2333 2833 prout

1319 2846 1354 2876 in
1385 2847 1610 2877 instrumento
1635 2847 1772 2887 publico
1795 2847 1947 2878 consecto
1973 2846 2096 2878 exinde
2118 2855 2155 2877 ac
2180 2847 2332 2886 ejusdem

1319 2899 1502 2930 cardinalis
1516 2900 1630 2940 sigillo
1653 2901 1796 2937 munito,
1814 2900 1951 2940 plenius
1967 2900 2170 2931 continetur.

1357 2953 1430 2984 Nos
1453 2953 1566 2992 igitur,
1590 2953 1786 2992 liuJusmodi
1807 2953 1890 2984 dicti
1913 2952 2097 2984 cardinalis
2120 2961 2328 2992 processum,
