<?xml version="1.0" encoding="UTF-8"?>
<!DOCTYPE html PUBLIC "-//W3C//DTD XHTML 1.0 Transitional//EN"
    "http://www.w3.org/TR/xhtml1/DTD/xhtml1-transitional.dtd">
<html xmlns="http://www.w3.org/1999/xhtml" xml:lang="en" lang="en">
 <head>
  <title>
</title>
<meta http-equiv="Content-Type" content="text/html;charset=utf-8" />
  <meta name='ocr-system' content='tesseract 3.04.00' />
  <meta name='ocr-capabilities' content='ocr_page ocr_carea ocr_par ocr_line ocrx_word'/>
</head>
<body>
  <div class='ocr_page' id='page_1' title='image "./lesregistresdurb34cath/lesregistresdurb34cath_0084.png"; bbox 0 0 2519 3262; ppageno 0'>
   <div class='ocr_carea' id='block_1_1' title="bbox 203 220 1534 273">
    <p class='ocr_par' dir='ltr' id='par_1_1' title="bbox 203 220 1534 273">
     <span class='ocr_line' id='line_1_1' title="bbox 203 220 1534 273; baseline -0.005 -14"><span class='ocrx_word' id='word_1_1' title='bbox 203 244 242 273; x_wconf 73' lang='lat'>62</span> <span class='ocrx_word' id='word_1_2' title='bbox 951 221 1195 256; x_wconf 70' lang='lat' dir='ltr'><strong>REGISTRES</strong></span> <span class='ocrx_word' id='word_1_3' title='bbox 1229 220 1445 251; x_wconf 82' lang='lat' dir='ltr'>D&#39;URBAIN</span> <span class='ocrx_word' id='word_1_4' title='bbox 1477 221 1534 252; x_wconf 84' lang='lat' dir='ltr'>IV.</span> 
     </span>
    </p>
   </div>
   <div class='ocr_carea' id='block_1_2' title="bbox 199 307 1218 1684">
    <p class='ocr_par' dir='ltr' id='par_1_2' title="bbox 199 307 1218 1158">
     <span class='ocr_line' id='line_1_2' title="bbox 204 307 1211 358; baseline -0.024 0"><span class='ocrx_word' id='word_1_5' title='bbox 204 326 312 358; x_wconf 84' lang='lat' dir='ltr'>libera</span> <span class='ocrx_word' id='word_1_6' title='bbox 333 322 501 356; x_wconf 72' lang='lat' dir='ltr'>facultate,</span> <span class='ocrx_word' id='word_1_7' title='bbox 521 328 556 349; x_wconf 81' lang='lat' dir='ltr'>ac</span> <span class='ocrx_word' id='word_1_8' title='bbox 582 314 774 356; x_wconf 81' lang='lat' dir='ltr'>hujusmodi</span> <span class='ocrx_word' id='word_1_9' title='bbox 799 309 1044 349; x_wconf 74' lang='lat' dir='ltr'>compromisso</span> <span class='ocrx_word' id='word_1_10' title='bbox 1066 307 1211 344; x_wconf 83' lang='lat' dir='ltr'>recepto,</span> 
     </span>
     <span class='ocr_line' id='line_1_3' title="bbox 204 357 1214 409; baseline -0.025 1"><span class='ocrx_word' id='word_1_11' title='bbox 204 379 317 409; x_wconf 84' lang='lat' dir='ltr'>habito</span> <span class='ocrx_word' id='word_1_12' title='bbox 332 376 432 407; x_wconf 86' lang='lat' dir='ltr'>etiam</span> <span class='ocrx_word' id='word_1_13' title='bbox 447 372 588 403; x_wconf 76' lang='lat' dir='ltr'>consilio</span> <span class='ocrx_word' id='word_1_14' title='bbox 606 369 790 409; x_wconf 82' lang='lat' dir='ltr'>peritorum</span> <span class='ocrx_word' id='word_1_15' title='bbox 807 366 836 395; x_wconf 87' lang='lat' dir='ltr'>et</span> <span class='ocrx_word' id='word_1_16' title='bbox 851 370 965 394; x_wconf 84' lang='lat' dir='ltr'>secum</span> <span class='ocrx_word' id='word_1_17' title='bbox 975 361 1075 400; x_wconf 86' lang='lat' dir='ltr'>plena</span> <span class='ocrx_word' id='word_1_18' title='bbox 1092 357 1214 388; x_wconf 86' lang='lat' dir='ltr'>delibe-</span> 
     </span>
     <span class='ocr_line' id='line_1_4' title="bbox 204 415 1214 468; baseline -0.024 -5"><span class='ocrx_word' id='word_1_19' title='bbox 204 432 333 462; x_wconf 78' lang='lat' dir='ltr'>ratione</span> <span class='ocrx_word' id='word_1_20' title='bbox 357 426 531 468; x_wconf 84' lang='lat' dir='ltr'>prehabita</span> <span class='ocrx_word' id='word_1_21' title='bbox 548 423 702 463; x_wconf 80' lang='lat' dir='ltr'>jurisque</span> <span class='ocrx_word' id='word_1_22' title='bbox 729 418 844 449; x_wconf 85' lang='lat' dir='ltr'>ordine</span> <span class='ocrx_word' id='word_1_23' title='bbox 880 415 1059 445; x_wconf 63' lang='lat' dir='ltr'>oliservato</span> <span class='ocrx_word' id='word_1_24' title='bbox 1086 419 1214 468; x_wconf 84' lang='lat' dir='ltr'>necnon</span> 
     </span>
     <span class='ocr_line' id='line_1_5' title="bbox 203 464 1213 523; baseline -0.024 -7"><span class='ocrx_word' id='word_1_25' title='bbox 203 486 346 523; x_wconf 81' lang='lat' dir='ltr'>utraque</span> <span class='ocrx_word' id='word_1_26' title='bbox 364 482 456 521; x_wconf 81' lang='lat' dir='ltr'>parte</span> <span class='ocrx_word' id='word_1_27' title='bbox 474 479 629 518; x_wconf 85' lang='lat' dir='ltr'>presente</span> <span class='ocrx_word' id='word_1_28' title='bbox 648 483 684 504; x_wconf 79' lang='lat' dir='ltr'>ac</span> <span class='ocrx_word' id='word_1_29' title='bbox 705 480 806 511; x_wconf 83' lang='lat' dir='ltr'>super</span> <span class='ocrx_word' id='word_1_30' title='bbox 824 470 890 500; x_wconf 88' lang='lat' dir='ltr'>hiis</span> <span class='ocrx_word' id='word_1_31' title='bbox 910 466 1114 498; x_wconf 87' lang='lat' dir='ltr'>sententiam</span> <span class='ocrx_word' id='word_1_32' title='bbox 1132 464 1213 522; x_wconf 80' lang='lat' dir='ltr'>ferri</span> 
     </span>
     <span class='ocr_line' id='line_1_6' title="bbox 206 517 1213 570; baseline -0.022 -2"><span class='ocrx_word' id='word_1_33' title='bbox 206 546 281 569; x_wconf 90' lang='lat' dir='ltr'>cum</span> <span class='ocrx_word' id='word_1_34' title='bbox 305 533 467 566; x_wconf 86' lang='lat' dir='ltr'>instantia</span> <span class='ocrx_word' id='word_1_35' title='bbox 485 529 689 570; x_wconf 73' lang='lat' dir='ltr'>postulante,</span> <span class='ocrx_word' id='word_1_36' title='bbox 711 527 778 556; x_wconf 87' lang='lat' dir='ltr'>tam</span> <span class='ocrx_word' id='word_1_37' title='bbox 802 521 983 562; x_wconf 83' lang='lat' dir='ltr'>judiciaria</span> <span class='ocrx_word' id='word_1_38' title='bbox 1006 527 1106 558; x_wconf 82' lang='lat' dir='ltr'>quam</span> <span class='ocrx_word' id='word_1_39' title='bbox 1127 517 1213 548; x_wconf 79' lang='lat' dir='ltr'>arbi-</span> 
     </span>
     <span class='ocr_line' id='line_1_7' title="bbox 203 570 1215 630; baseline -0.023 -8"><span class='ocrx_word' id='word_1_40' title='bbox 203 590 308 622; x_wconf 85' lang='lat' dir='ltr'>traria</span> <span class='ocrx_word' id='word_1_41' title='bbox 318 587 492 627; x_wconf 84' lang='lat' dir='ltr'>potestate,</span> <span class='ocrx_word' id='word_1_42' title='bbox 505 581 733 622; x_wconf 72' lang='lat' dir='ltr'>supradictam</span> <span class='ocrx_word' id='word_1_43' title='bbox 743 577 960 616; x_wconf 84' lang='lat' dir='ltr'>prehendam,</span> <span class='ocrx_word' id='word_1_44' title='bbox 969 582 1046 603; x_wconf 87' lang='lat' dir='ltr'>cum</span> <span class='ocrx_word' id='word_1_45' title='bbox 1057 570 1215 630; x_wconf 83' lang='lat' dir='ltr'>omnibus</span> 
     </span>
     <span class='ocr_line' id='line_1_8' title="bbox 199 625 1215 683; baseline -0.022 -9"><span class='ocrx_word' id='word_1_46' title='bbox 199 643 344 683; x_wconf 80' lang='lat' dir='ltr'>juribus,</span> <span class='ocrx_word' id='word_1_47' title='bbox 356 639 477 674; x_wconf 72' lang='lat' dir='ltr'>titulis,</span> <span class='ocrx_word' id='word_1_48' title='bbox 489 634 674 667; x_wconf 82' lang='lat' dir='ltr'>honoribus</span> <span class='ocrx_word' id='word_1_49' title='bbox 692 634 723 662; x_wconf 88' lang='lat' dir='ltr'>et.</span> <span class='ocrx_word' id='word_1_50' title='bbox 739 628 955 670; x_wconf 76' lang='lat' dir='ltr'>pertinentiis</span> <span class='ocrx_word' id='word_1_51' title='bbox 966 627 1050 659; x_wconf 89' lang='lat' dir='ltr'>suis,</span> <span class='ocrx_word' id='word_1_52' title='bbox 1065 625 1127 655; x_wconf 82' lang='lat' dir='ltr'>tihi</span> <span class='ocrx_word' id='word_1_53' title='bbox 1141 632 1215 654; x_wconf 91' lang='lat' dir='ltr'>sen-</span> 
     </span>
     <span class='ocr_line' id='line_1_9' title="bbox 204 678 1214 729; baseline -0.022 -1"><span class='ocrx_word' id='word_1_54' title='bbox 204 695 388 727; x_wconf 87' lang='lat' dir='ltr'>tentialiter</span> <span class='ocrx_word' id='word_1_55' title='bbox 415 687 619 729; x_wconf 75' lang='lat' dir='ltr'>adjudicavit</span> <span class='ocrx_word' id='word_1_56' title='bbox 638 688 669 717; x_wconf 88' lang='lat' dir='ltr'>et.</span> <span class='ocrx_word' id='word_1_57' title='bbox 689 694 762 716; x_wconf 84' lang='lat' dir='ltr'>eam</span> <span class='ocrx_word' id='word_1_58' title='bbox 786 683 826 713; x_wconf 89' lang='lat' dir='ltr'>ad</span> <span class='ocrx_word' id='word_1_59' title='bbox 849 685 879 713; x_wconf 88' lang='lat' dir='ltr'>te</span> <span class='ocrx_word' id='word_1_60' title='bbox 906 682 1058 720; x_wconf 84' lang='lat' dir='ltr'>spectare</span> <span class='ocrx_word' id='word_1_61' title='bbox 1085 678 1214 716; x_wconf 83' lang='lat' dir='ltr'>dejure</span> 
     </span>
     <span class='ocr_line' id='line_1_10' title="bbox 204 730 1215 780; baseline -0.021 0"><span class='ocrx_word' id='word_1_62' title='bbox 204 748 351 780; x_wconf 85' lang='lat' dir='ltr'>decrevit</span> <span class='ocrx_word' id='word_1_63' title='bbox 367 756 403 776; x_wconf 82' lang='lat' dir='ltr'>ac</span> <span class='ocrx_word' id='word_1_64' title='bbox 420 742 590 776; x_wconf 80' lang='lat' dir='ltr'>diffinivit,</span> <span class='ocrx_word' id='word_1_65' title='bbox 611 738 741 779; x_wconf 81' lang='lat' dir='ltr'>prefato</span> <span class='ocrx_word' id='word_1_66' title='bbox 759 734 923 768; x_wconf 73' lang='lat' dir='ltr'>Amatori,</span> <span class='ocrx_word' id='word_1_67' title='bbox 940 743 957 764; x_wconf 81' lang='lat' dir='ltr'>a</span> <span class='ocrx_word' id='word_1_68' title='bbox 971 733 1067 771; x_wconf 75' lang='lat' dir='ltr'>quus</span> <span class='ocrx_word' id='word_1_69' title='bbox 1082 730 1215 770; x_wconf 89' lang='lat' dir='ltr'>impeti—</span> 
     </span>
     <span class='ocr_line' id='line_1_11' title="bbox 203 785 1214 833; baseline -0.021 0"><span class='ocrx_word' id='word_1_70' title='bbox 203 803 294 833; x_wconf 87' lang='lat' dir='ltr'>tione</span> <span class='ocrx_word' id='word_1_71' title='bbox 314 802 344 831; x_wconf 88' lang='lat' dir='ltr'>te</span> <span class='ocrx_word' id='word_1_72' title='bbox 362 797 518 832; x_wconf 84' lang='lat' dir='ltr'>absolvit,</span> <span class='ocrx_word' id='word_1_73' title='bbox 541 802 642 833; x_wconf 89' lang='lat' dir='ltr'>super</span> <span class='ocrx_word' id='word_1_74' title='bbox 661 790 831 831; x_wconf 86' lang='lat' dir='ltr'>prebenda</span> <span class='ocrx_word' id='word_1_75' title='bbox 847 789 878 819; x_wconf 89' lang='lat' dir='ltr'>et</span> <span class='ocrx_word' id='word_1_76' title='bbox 898 785 1114 827; x_wconf 79' lang='lat' dir='ltr'>pertinentiis</span> <span class='ocrx_word' id='word_1_77' title='bbox 1128 785 1214 823; x_wconf 85' lang='lat' dir='ltr'>ipsis</span> 
     </span>
     <span class='ocr_line' id='line_1_12' title="bbox 203 837 1215 894; baseline -0.016 -11"><span class='ocrx_word' id='word_1_78' title='bbox 203 855 403 894; x_wconf 86' lang='lat' dir='ltr'>perpetuum</span> <span class='ocrx_word' id='word_1_79' title='bbox 433 849 608 880; x_wconf 88' lang='lat' dir='ltr'>silentium</span> <span class='ocrx_word' id='word_1_80' title='bbox 639 843 854 883; x_wconf 83' lang='lat' dir='ltr'>imponendo,</span> <span class='ocrx_word' id='word_1_81' title='bbox 888 842 987 880; x_wconf 87' lang='lat' dir='ltr'>prout</span> <span class='ocrx_word' id='word_1_82' title='bbox 1020 839 1054 869; x_wconf 92' lang='lat' dir='ltr'>in</span> <span class='ocrx_word' id='word_1_83' title='bbox 1079 837 1215 877; x_wconf 84' lang='lat' dir='ltr'>publico</span> 
     </span>
     <span class='ocr_line' id='line_1_13' title="bbox 204 891 1215 938; baseline -0.019 1"><span class='ocrx_word' id='word_1_84' title='bbox 204 908 430 938; x_wconf 86' lang='lat' dir='ltr'>instrumento</span> <span class='ocrx_word' id='word_1_85' title='bbox 447 903 597 934; x_wconf 85' lang='lat' dir='ltr'>confecto</span> <span class='ocrx_word' id='word_1_86' title='bbox 615 899 736 930; x_wconf 73' lang='lat' dir='ltr'>exinde</span> <span class='ocrx_word' id='word_1_87' title='bbox 748 906 782 927; x_wconf 80' lang='lat' dir='ltr'>ac</span> <span class='ocrx_word' id='word_1_88' title='bbox 797 895 910 935; x_wconf 76' lang='lat' dir='ltr'>sigillo</span> <span class='ocrx_word' id='word_1_89' title='bbox 930 892 1112 924; x_wconf 66' lang='lat' dir='ltr'>cartilinalis</span> <span class='ocrx_word' id='word_1_90' title='bbox 1127 891 1215 930; x_wconf 88' lang='lat' dir='ltr'>ejus-</span> 
     </span>
     <span class='ocr_line' id='line_1_14' title="bbox 204 945 1216 998; baseline -0.019 -6"><span class='ocrx_word' id='word_1_91' title='bbox 204 962 280 992; x_wconf 88' lang='lat' dir='ltr'>dem</span> <span class='ocrx_word' id='word_1_92' title='bbox 299 960 442 998; x_wconf 77' lang='lat' dir='ltr'>signato,</span> <span class='ocrx_word' id='word_1_93' title='bbox 463 955 597 996; x_wconf 83' lang='lat' dir='ltr'>plenius</span> <span class='ocrx_word' id='word_1_94' title='bbox 614 953 815 984; x_wconf 75' lang='lat' dir='ltr'>continetur.</span> <span class='ocrx_word' id='word_1_95' title='bbox 828 950 899 980; x_wconf 78' lang='lat' dir='ltr'>Nos</span> <span class='ocrx_word' id='word_1_96' title='bbox 912 948 1037 986; x_wconf 79' lang='lat' dir='ltr'>itaque,</span> <span class='ocrx_word' id='word_1_97' title='bbox 1056 945 1124 976; x_wconf 77' lang='lat' dir='ltr'>tuis</span> <span class='ocrx_word' id='word_1_98' title='bbox 1139 953 1216 983; x_wconf 88' lang='lat' dir='ltr'>sup-</span> 
     </span>
     <span class='ocr_line' id='line_1_15' title="bbox 204 999 1217 1054; baseline -0.019 -9"><span class='ocrx_word' id='word_1_99' title='bbox 204 1012 447 1054; x_wconf 74' lang='lat' dir='ltr'>plicationibus</span> <span class='ocrx_word' id='word_1_100' title='bbox 462 1007 628 1044; x_wconf 76' lang='lat' dir='ltr'>inclinati,</span> <span class='ocrx_word' id='word_1_101' title='bbox 643 1006 730 1045; x_wconf 79' lang='lat' dir='ltr'>quod</span> <span class='ocrx_word' id='word_1_102' title='bbox 744 1004 783 1034; x_wconf 84' lang='lat' dir='ltr'>ab</span> <span class='ocrx_word' id='word_1_103' title='bbox 801 1003 917 1033; x_wconf 88' lang='lat' dir='ltr'>eodem</span> <span class='ocrx_word' id='word_1_104' title='bbox 932 999 1097 1031; x_wconf 84' lang='lat' dir='ltr'>cardinali</span> <span class='ocrx_word' id='word_1_105' title='bbox 1115 1006 1217 1036; x_wconf 88' lang='lat' dir='ltr'>super</span> 
     </span>
     <span class='ocr_line' id='line_1_16' title="bbox 204 1051 1218 1098; baseline -0.018 0"><span class='ocrx_word' id='word_1_106' title='bbox 204 1067 271 1097; x_wconf 90' lang='lat' dir='ltr'>hiis</span> <span class='ocrx_word' id='word_1_107' title='bbox 291 1067 415 1096; x_wconf 88' lang='lat' dir='ltr'>sactum</span> <span class='ocrx_word' id='word_1_108' title='bbox 429 1064 490 1098; x_wconf 88' lang='lat' dir='ltr'>est,</span> <span class='ocrx_word' id='word_1_109' title='bbox 510 1063 620 1092; x_wconf 86' lang='lat' dir='ltr'>ratum</span> <span class='ocrx_word' id='word_1_110' title='bbox 635 1061 667 1089; x_wconf 91' lang='lat' dir='ltr'>et</span> <span class='ocrx_word' id='word_1_111' title='bbox 683 1059 819 1088; x_wconf 81' lang='lat' dir='ltr'>firmum</span> <span class='ocrx_word' id='word_1_112' title='bbox 837 1054 1010 1090; x_wconf 85' lang='lat' dir='ltr'>habentes,</span> <span class='ocrx_word' id='word_1_113' title='bbox 1029 1052 1063 1082; x_wconf 85' lang='lat' dir='ltr'>id</span> <span class='ocrx_word' id='word_1_114' title='bbox 1075 1051 1218 1082; x_wconf 84' lang='lat' dir='ltr'>auctori—</span> 
     </span>
     <span class='ocr_line' id='line_1_17' title="bbox 206 1105 1214 1158; baseline -0.018 -7"><span class='ocrx_word' id='word_1_115' title='bbox 206 1122 271 1152; x_wconf 86' lang='lat' dir='ltr'>tate</span> <span class='ocrx_word' id='word_1_116' title='bbox 287 1117 473 1158; x_wconf 85' lang='lat' dir='ltr'>apostolica</span> <span class='ocrx_word' id='word_1_117' title='bbox 488 1114 728 1146; x_wconf 83' lang='lat' dir='ltr'>confirmamus</span> <span class='ocrx_word' id='word_1_118' title='bbox 746 1111 806 1140; x_wconf 83' lang='lat' dir='ltr'>etc.</span> <span class='ocrx_word' id='word_1_119' title='bbox 827 1116 934 1147; x_wconf 81' lang='lat' dir='ltr'>usque</span> <span class='ocrx_word' id='word_1_120' title='bbox 953 1105 1214 1137; x_wconf 80' lang='lat' dir='ltr'>communimus.</span> 
     </span>
    </p>

    <p class='ocr_par' dir='ltr' id='par_1_3' title="bbox 206 1159 1218 1264">
     <span class='ocr_line' id='line_1_18' title="bbox 246 1159 1218 1206; baseline -0.017 -2"><span class='ocrx_word' id='word_1_121' title='bbox 246 1173 411 1203; x_wconf 87' lang='lat' dir='ltr'>Tenorem</span> <span class='ocrx_word' id='word_1_122' title='bbox 429 1171 542 1200; x_wconf 87' lang='lat' dir='ltr'>autem</span> <span class='ocrx_word' id='word_1_123' title='bbox 557 1167 666 1206; x_wconf 83' lang='lat' dir='ltr'>ipsius</span> <span class='ocrx_word' id='word_1_124' title='bbox 681 1161 896 1194; x_wconf 76' lang='lat' dir='ltr'>instrumenti</span> <span class='ocrx_word' id='word_1_125' title='bbox 917 1161 956 1190; x_wconf 87' lang='lat' dir='ltr'>de</span> <span class='ocrx_word' id='word_1_126' title='bbox 969 1159 1070 1189; x_wconf 81' lang='lat' dir='ltr'>verbo</span> <span class='ocrx_word' id='word_1_127' title='bbox 1088 1159 1129 1188; x_wconf 82' lang='lat' dir='ltr'>ad</span> <span class='ocrx_word' id='word_1_128' title='bbox 1146 1166 1218 1188; x_wconf 89' lang='lat' dir='ltr'>ver—</span> 
     </span>
     <span class='ocr_line' id='line_1_19' title="bbox 206 1213 1154 1264; baseline -0.018 -7"><span class='ocrx_word' id='word_1_129' title='bbox 206 1226 286 1256; x_wconf 85' lang='lat' dir='ltr'>bum</span> <span class='ocrx_word' id='word_1_130' title='bbox 310 1222 525 1264; x_wconf 78' lang='lat' dir='ltr'>presentibus</span> <span class='ocrx_word' id='word_1_131' title='bbox 545 1218 697 1250; x_wconf 87' lang='lat' dir='ltr'>annotari</span> <span class='ocrx_word' id='word_1_132' title='bbox 715 1216 887 1249; x_wconf 80' lang='lat' dir='ltr'>facientes,</span> <span class='ocrx_word' id='word_1_133' title='bbox 908 1214 964 1252; x_wconf 81' lang='lat' dir='ltr'>qui</span> <span class='ocrx_word' id='word_1_134' title='bbox 983 1213 1062 1243; x_wconf 84' lang='lat' dir='ltr'>talis</span> <span class='ocrx_word' id='word_1_135' title='bbox 1080 1213 1129 1242; x_wconf 83' lang='lat' dir='ltr'>est</span> <span class='ocrx_word' id='word_1_136' title='bbox 1149 1221 1154 1239; x_wconf 90' lang='lat'><strong>:</strong></span> 
     </span>
    </p>

    <p class='ocr_par' dir='ltr' id='par_1_4' title="bbox 206 1265 1218 1684">
     <span class='ocr_line' id='line_1_20' title="bbox 247 1265 1218 1309; baseline -0.016 0"><span class='ocrx_word' id='word_1_137' title='bbox 247 1289 263 1309; x_wconf 87' lang='lat'>«</span> <span class='ocrx_word' id='word_1_138' title='bbox 283 1279 320 1308; x_wconf 90' lang='lat' dir='ltr'>In</span> <span class='ocrx_word' id='word_1_139' title='bbox 346 1277 481 1307; x_wconf 89' lang='lat' dir='ltr'>nomine</span> <span class='ocrx_word' id='word_1_140' title='bbox 499 1273 648 1308; x_wconf 77' lang='lat' dir='ltr'>Domini,</span> <span class='ocrx_word' id='word_1_141' title='bbox 668 1279 776 1300; x_wconf 86' lang='lat' dir='ltr'>amen.</span> <span class='ocrx_word' id='word_1_142' title='bbox 803 1267 986 1307; x_wconf 81' lang='lat' dir='ltr'>Applaudit</span> <span class='ocrx_word' id='word_1_143' title='bbox 1012 1265 1142 1304; x_wconf 83' lang='lat' dir='ltr'>pacifici</span> <span class='ocrx_word' id='word_1_144' title='bbox 1169 1273 1218 1294; x_wconf 89' lang='lat' dir='ltr'>re-</span> 
     </span>
     <span class='ocr_line' id='line_1_21' title="bbox 207 1320 1216 1372; baseline -0.016 -9"><span class='ocrx_word' id='word_1_145' title='bbox 207 1333 259 1372; x_wconf 83' lang='lat' dir='ltr'>gis</span> <span class='ocrx_word' id='word_1_146' title='bbox 277 1349 325 1360; x_wconf 85' lang='lat'>—.</span> <span class='ocrx_word' id='word_1_147' title='bbox 339 1331 425 1361; x_wconf 81' lang='lat' dir='ltr'>Sane</span> <span class='ocrx_word' id='word_1_148' title='bbox 440 1328 565 1359; x_wconf 87' lang='lat' dir='ltr'>dudum</span> <span class='ocrx_word' id='word_1_149' title='bbox 582 1327 667 1356; x_wconf 89' lang='lat' dir='ltr'>inter</span> <span class='ocrx_word' id='word_1_150' title='bbox 679 1323 862 1354; x_wconf 80' lang='lat' dir='ltr'>Mai-tinum</span> <span class='ocrx_word' id='word_1_151' title='bbox 874 1320 963 1350; x_wconf 78' lang='lat' dir='ltr'>Petri</span> <span class='ocrx_word' id='word_1_152' title='bbox 976 1321 1008 1349; x_wconf 89' lang='lat' dir='ltr'>et</span> <span class='ocrx_word' id='word_1_153' title='bbox 1020 1320 1216 1349; x_wconf 81' lang='lat' dir='ltr'>Amatorem</span> 
     </span>
     <span class='ocr_line' id='line_1_22' title="bbox 206 1371 1218 1423; baseline -0.017 -6"><span class='ocrx_word' id='word_1_154' title='bbox 206 1384 347 1423; x_wconf 82' lang='lat' dir='ltr'>Pelagii,</span> <span class='ocrx_word' id='word_1_155' title='bbox 361 1382 539 1413; x_wconf 81' lang='lat' dir='ltr'>canonicos</span> <span class='ocrx_word' id='word_1_156' title='bbox 553 1377 815 1411; x_wconf 73' lang='lat' dir='ltr'>Salamantinos,</span> <span class='ocrx_word' id='word_1_157' title='bbox 828 1382 930 1412; x_wconf 85' lang='lat' dir='ltr'>super</span> <span class='ocrx_word' id='word_1_158' title='bbox 945 1372 1113 1411; x_wconf 81' lang='lat' dir='ltr'>prebenda</span> <span class='ocrx_word' id='word_1_159' title='bbox 1126 1371 1218 1401; x_wconf 78' lang='lat' dir='ltr'>Sala-</span> 
     </span>
     <span class='ocr_line' id='line_1_23' title="bbox 208 1425 1216 1471; baseline -0.017 -2"><span class='ocrx_word' id='word_1_160' title='bbox 208 1437 356 1468; x_wconf 88' lang='lat' dir='ltr'>mantine</span> <span class='ocrx_word' id='word_1_161' title='bbox 369 1434 521 1469; x_wconf 73' lang='lat' dir='ltr'>ecclesie,</span> <span class='ocrx_word' id='word_1_162' title='bbox 538 1441 600 1471; x_wconf 81' lang='lat' dir='ltr'>que</span> <span class='ocrx_word' id='word_1_163' title='bbox 614 1439 671 1469; x_wconf 85' lang='lat' dir='ltr'>per</span> <span class='ocrx_word' id='word_1_164' title='bbox 690 1431 831 1459; x_wconf 87' lang='lat' dir='ltr'>mortem</span> <span class='ocrx_word' id='word_1_165' title='bbox 844 1426 928 1456; x_wconf 85' lang='lat' dir='ltr'>bone</span> <span class='ocrx_word' id='word_1_166' title='bbox 942 1425 1103 1455; x_wconf 85' lang='lat' dir='ltr'>memorie</span> <span class='ocrx_word' id='word_1_167' title='bbox 1114 1432 1216 1462; x_wconf 83' lang='lat' dir='ltr'>quon-</span> 
     </span>
     <span class='ocr_line' id='line_1_24' title="bbox 209 1477 1218 1520; baseline -0.015 0"><span class='ocrx_word' id='word_1_168' title='bbox 209 1490 283 1520; x_wconf 84' lang='lat' dir='ltr'>dam</span> <span class='ocrx_word' id='word_1_169' title='bbox 293 1486 451 1519; x_wconf 78' lang='lat' dir='ltr'>Rodorici</span> <span class='ocrx_word' id='word_1_170' title='bbox 462 1484 622 1519; x_wconf 86' lang='lat' dir='ltr'>Facundi,</span> <span class='ocrx_word' id='word_1_171' title='bbox 636 1481 783 1512; x_wconf 85' lang='lat' dir='ltr'>cantoris</span> <span class='ocrx_word' id='word_1_172' title='bbox 795 1477 1029 1512; x_wconf 61' lang='lat' dir='ltr'>salamantini,</span> <span class='ocrx_word' id='word_1_173' title='bbox 1041 1478 1218 1506; x_wconf 78' lang='lat' dir='ltr'>vacaverat</span> 
     </span>
     <span class='ocr_line' id='line_1_25' title="bbox 208 1531 1218 1577; baseline -0.014 -4"><span class='ocrx_word' id='word_1_174' title='bbox 208 1541 304 1577; x_wconf 89' lang='lat' dir='ltr'>inibi,</span> <span class='ocrx_word' id='word_1_175' title='bbox 325 1542 397 1571; x_wconf 86' lang='lat' dir='ltr'>orta</span> <span class='ocrx_word' id='word_1_176' title='bbox 421 1538 560 1569; x_wconf 85' lang='lat' dir='ltr'>materia</span> <span class='ocrx_word' id='word_1_177' title='bbox 584 1534 785 1575; x_wconf 70' lang='lat' dir='ltr'>questionis,</span> <span class='ocrx_word' id='word_1_178' title='bbox 815 1531 1053 1562; x_wconf 82' lang='lat' dir='ltr'>sanctissimus</span> <span class='ocrx_word' id='word_1_179' title='bbox 1074 1532 1168 1568; x_wconf 86' lang='lat' dir='ltr'>pater</span> <span class='ocrx_word' id='word_1_180' title='bbox 1186 1531 1218 1560; x_wconf 88' lang='lat' dir='ltr'>et</span> 
     </span>
     <span class='ocr_line' id='line_1_26' title="bbox 209 1583 1215 1626; baseline -0.015 0"><span class='ocrx_word' id='word_1_181' title='bbox 209 1595 366 1626; x_wconf 83' lang='grc'>(10111111115</span> <span class='ocrx_word' id='word_1_182' title='bbox 375 1594 499 1625; x_wconf 78' lang='lat' dir='ltr'>noster,</span> <span class='ocrx_word' id='word_1_183' title='bbox 509 1590 667 1620; x_wconf 74' lang='lat' dir='ltr'>(lominus</span> <span class='ocrx_word' id='word_1_184' title='bbox 678 1587 845 1618; x_wconf 85' lang='lat' dir='ltr'>Urbanus.</span> <span class='ocrx_word' id='word_1_185' title='bbox 856 1585 916 1615; x_wconf 86' lang='lat' dir='ltr'>Dei</span> <span class='ocrx_word' id='word_1_186' title='bbox 926 1584 1034 1622; x_wconf 69' lang='lat' dir='ltr'>gratia</span> <span class='ocrx_word' id='word_1_187' title='bbox 1045 1591 1130 1621; x_wconf 87' lang='lat' dir='ltr'>papa</span> <span class='ocrx_word' id='word_1_188' title='bbox 1140 1583 1215 1619; x_wconf 84' lang='lat'>1111,</span> 
     </span>
     <span class='ocr_line' id='line_1_27' title="bbox 209 1636 1217 1684; baseline -0.015 -5"><span class='ocrx_word' id='word_1_189' title='bbox 209 1656 343 1679; x_wconf 88' lang='lat' dir='ltr'>causam</span> <span class='ocrx_word' id='word_1_190' title='bbox 361 1655 419 1677; x_wconf 90' lang='lat' dir='ltr'>seu</span> <span class='ocrx_word' id='word_1_191' title='bbox 430 1644 641 1684; x_wconf 79' lang='lat' dir='ltr'>questionem</span> <span class='ocrx_word' id='word_1_192' title='bbox 655 1639 847 1679; x_wconf 83' lang='lat' dir='ltr'>hujusmodi</span> <span class='ocrx_word' id='word_1_193' title='bbox 865 1638 974 1673; x_wconf 83' lang='lat' dir='ltr'>nobis,</span> <span class='ocrx_word' id='word_1_194' title='bbox 987 1636 1139 1675; x_wconf 70' lang='lat' dir='ltr'>Symoni,</span> <span class='ocrx_word' id='word_1_195' title='bbox 1159 1638 1217 1665; x_wconf 86' lang='lat' dir='ltr'>mi·</span> 
     </span>
    </p>
   </div>
   <div class='ocr_carea' id='block_1_3' title="bbox 209 1689 1250 1732">
    <p class='ocr_par' dir='ltr' id='par_1_5' title="bbox 209 1689 1250 1732">
     <span class='ocr_line' id='line_1_28' title="bbox 209 1689 1250 1732; baseline -0.014 0"><span class='ocrx_word' id='word_1_196' title='bbox 209 1701 376 1732; x_wconf 87' lang='lat' dir='ltr'>seratione</span> <span class='ocrx_word' id='word_1_197' title='bbox 394 1699 509 1729; x_wconf 87' lang='lat' dir='ltr'>divina</span> <span class='ocrx_word' id='word_1_198' title='bbox 526 1696 617 1727; x_wconf 87' lang='lat' dir='ltr'>tituli</span> <span class='ocrx_word' id='word_1_199' title='bbox 641 1693 747 1724; x_wconf 77' lang='lat' dir='ltr'>saneti</span> <span class='ocrx_word' id='word_1_200' title='bbox 768 1691 904 1723; x_wconf 86' lang='lat' dir='ltr'>Martini</span> <span class='ocrx_word' id='word_1_201' title='bbox 932 1689 1130 1729; x_wconf 76' lang='lat' dir='ltr'>presbytero</span> <span class='ocrx_word' id='word_1_202' title='bbox 1149 1698 1219 1719; x_wconf 81' lang='lat' dir='ltr'>car·</span> <span class='ocrx_word' id='word_1_203' title='bbox 1248 1721 1250 1727; x_wconf 40' lang='grc' dir='ltr'>Ι</span> 
     </span>
    </p>
   </div>
   <div class='ocr_carea' id='block_1_4' title="bbox 208 1743 1220 1839">
    <p class='ocr_par' dir='ltr' id='par_1_6' title="bbox 208 1743 1220 1839">
     <span class='ocr_line' id='line_1_29' title="bbox 209 1743 1220 1791; baseline -0.014 -6"><span class='ocrx_word' id='word_1_204' title='bbox 209 1754 325 1791; x_wconf 86' lang='lat' dir='ltr'>dinali,</span> <span class='ocrx_word' id='word_1_205' title='bbox 347 1752 548 1783; x_wconf 84' lang='lat' dir='ltr'>audiendam</span> <span class='ocrx_word' id='word_1_206' title='bbox 575 1747 745 1779; x_wconf 80' lang='lat' dir='ltr'>commisit</span> <span class='ocrx_word' id='word_1_207' title='bbox 766 1748 797 1776; x_wconf 83' lang='lat' dir='ltr'>et</span> <span class='ocrx_word' id='word_1_208' title='bbox 812 1745 941 1784; x_wconf 79' lang='lat' dir='ltr'>judicio</span> <span class='ocrx_word' id='word_1_209' title='bbox 959 1744 1011 1773; x_wconf 82' lang='lat' dir='ltr'>vel</span> <span class='ocrx_word' id='word_1_210' title='bbox 1041 1743 1220 1773; x_wconf 83' lang='lat' dir='ltr'>concordia</span> 
     </span>
     <span class='ocr_line' id='line_1_30' title="bbox 208 1796 1220 1839; baseline -0.015 0"><span class='ocrx_word' id='word_1_211' title='bbox 208 1807 466 1839; x_wconf 73' lang='lat' dir='ltr'>terminandam,</span> <span class='ocrx_word' id='word_1_212' title='bbox 483 1811 642 1834; x_wconf 85' lang='lat' dir='ltr'>concessa</span> <span class='ocrx_word' id='word_1_213' title='bbox 658 1800 756 1831; x_wconf 86' lang='lat' dir='ltr'>nohis</span> <span class='ocrx_word' id='word_1_214' title='bbox 775 1797 1016 1829; x_wconf 63' lang='lat' dir='ltr'>nichilominus</span> <span class='ocrx_word' id='word_1_215' title='bbox 1032 1797 1107 1826; x_wconf 79' lang='lat' dir='ltr'>vive</span> <span class='ocrx_word' id='word_1_216' title='bbox 1127 1796 1220 1825; x_wconf 80' lang='lat' dir='ltr'>vocis</span> 
     </span>
    </p>
   </div>
   <div class='ocr_carea' id='block_1_5' title="bbox 209 1851 1250 2051">
    <p class='ocr_par' dir='ltr' id='par_1_7' title="bbox 209 1851 1250 2051">
     <span class='ocr_line' id='line_1_31' title="bbox 210 1851 1250 1898; baseline -0.014 -6"><span class='ocrx_word' id='word_1_217' title='bbox 210 1860 345 1892; x_wconf 84' lang='lat' dir='ltr'>oraculo</span> <span class='ocrx_word' id='word_1_218' title='bbox 361 1859 525 1898; x_wconf 74' lang='lat' dir='ltr'>potestate</span> <span class='ocrx_word' id='word_1_219' title='bbox 542 1857 630 1886; x_wconf 85' lang='lat' dir='ltr'>inter</span> <span class='ocrx_word' id='word_1_220' title='bbox 642 1855 749 1884; x_wconf 78' lang='lat' dir='ltr'>dictos</span> <span class='ocrx_word' id='word_1_221' title='bbox 763 1853 942 1882; x_wconf 70' lang='lat' dir='ltr'>canonicos</span> <span class='ocrx_word' id='word_1_222' title='bbox 953 1851 1022 1880; x_wconf 92' lang='lat' dir='ltr'>tam</span> <span class='ocrx_word' id='word_1_223' title='bbox 1036 1857 1221 1887; x_wconf 82' lang='lat' dir='ltr'>superpre—</span> <span class='ocrx_word' id='word_1_224' title='bbox 1249 1878 1250 1886; x_wconf 41' lang='lat'>,</span> 
     </span>
     <span class='ocr_line' id='line_1_32' title="bbox 210 1902 1250 1951; baseline -0.013 -7"><span class='ocrx_word' id='word_1_225' title='bbox 210 1915 298 1944; x_wconf 83' lang='lat' dir='ltr'>dicta</span> <span class='ocrx_word' id='word_1_226' title='bbox 315 1911 483 1951; x_wconf 81' lang='lat' dir='ltr'>prebenda</span> <span class='ocrx_word' id='word_1_227' title='bbox 501 1909 668 1948; x_wconf 74' lang='lat' dir='ltr'>quondam</span> <span class='ocrx_word' id='word_1_228' title='bbox 681 1905 828 1936; x_wconf 79' lang='lat' dir='ltr'>cantoris</span> <span class='ocrx_word' id='word_1_229' title='bbox 842 1904 1033 1941; x_wconf 83' lang='lat' dir='ltr'>ejusdemet</span> <span class='ocrx_word' id='word_1_230' title='bbox 1046 1903 1118 1941; x_wconf 83' lang='lat' dir='ltr'>ejus</span> <span class='ocrx_word' id='word_1_231' title='bbox 1134 1902 1220 1932; x_wconf 84' lang='lat' dir='ltr'>fruc-</span> <span class='ocrx_word' id='word_1_232' title='bbox 1249 1930 1250 1934; x_wconf 65' lang='grc'>,</span> 
     </span>
     <span class='ocr_line' id='line_1_33' title="bbox 209 1956 1250 2004; baseline -0.014 -6"><span class='ocrx_word' id='word_1_233' title='bbox 209 1967 312 2001; x_wconf 71' lang='lat' dir='ltr'>tibus,</span> <span class='ocrx_word' id='word_1_234' title='bbox 327 1973 427 2004; x_wconf 76' lang='lat' dir='ltr'>quam</span> <span class='ocrx_word' id='word_1_235' title='bbox 442 1963 542 1993; x_wconf 80' lang='lat' dir='ltr'>etiam</span> <span class='ocrx_word' id='word_1_236' title='bbox 563 1969 663 1999; x_wconf 85' lang='lat' dir='ltr'>super</span> <span class='ocrx_word' id='word_1_237' title='bbox 681 1960 745 1989; x_wconf 87' lang='lat' dir='ltr'>alia</span> <span class='ocrx_word' id='word_1_238' title='bbox 762 1958 870 1997; x_wconf 87' lang='lat' dir='ltr'>primo</span> <span class='ocrx_word' id='word_1_239' title='bbox 889 1957 921 1986; x_wconf 89' lang='lat' dir='ltr'>in</span> <span class='ocrx_word' id='word_1_240' title='bbox 944 1956 1030 1986; x_wconf 80' lang='lat' dir='ltr'>dieta</span> <span class='ocrx_word' id='word_1_241' title='bbox 1049 1956 1220 1985; x_wconf 68' lang='lat' dir='ltr'>Salaman-</span> <span class='ocrx_word' id='word_1_242' title='bbox 1249 1959 1250 2000; x_wconf 46' lang='lat' dir='ltr'><strong>J</strong></span> 
     </span>
     <span class='ocr_line' id='line_1_34' title="bbox 209 2009 1250 2051; baseline -0.013 -1"><span class='ocrx_word' id='word_1_243' title='bbox 209 2021 279 2051; x_wconf 85' lang='lat' dir='ltr'>tina</span> <span class='ocrx_word' id='word_1_244' title='bbox 303 2017 444 2047; x_wconf 81' lang='lat' dir='ltr'>ecclesia</span> <span class='ocrx_word' id='word_1_245' title='bbox 462 2018 629 2047; x_wconf 79' lang='lat' dir='ltr'>vacatura,</span> <span class='ocrx_word' id='word_1_246' title='bbox 649 2011 860 2042; x_wconf 70' lang='grc'>(1000111011111.</span> <span class='ocrx_word' id='word_1_247' title='bbox 882 2009 1051 2039; x_wconf 85' lang='lat' dir='ltr'>statuendi</span> <span class='ocrx_word' id='word_1_248' title='bbox 1071 2011 1101 2038; x_wconf 87' lang='lat' dir='ltr'>et</span> <span class='ocrx_word' id='word_1_249' title='bbox 1122 2009 1219 2046; x_wconf 88' lang='lat' dir='ltr'>prout</span> <span class='ocrx_word' id='word_1_250' title='bbox 1249 2015 1250 2030; x_wconf 63' lang='lat'>³</span> 
     </span>
    </p>
   </div>
   <div class='ocr_carea' id='block_1_6' title="bbox 210 2061 1221 2112">
    <p class='ocr_par' dir='ltr' id='par_1_8' title="bbox 210 2061 1221 2112">
     <span class='ocr_line' id='line_1_35' title="bbox 210 2061 1221 2112; baseline -0.014 -8"><span class='ocrx_word' id='word_1_251' title='bbox 210 2082 269 2112; x_wconf 86' lang='lat' dir='ltr'>pro</span> <span class='ocrx_word' id='word_1_252' title='bbox 286 2072 373 2102; x_wconf 90' lang='lat' dir='ltr'>bono</span> <span class='ocrx_word' id='word_1_253' title='bbox 387 2070 477 2109; x_wconf 77' lang='lat' dir='ltr'>pacis</span> <span class='ocrx_word' id='word_1_254' title='bbox 497 2068 594 2098; x_wconf 85' lang='lat' dir='ltr'>nobis</span> <span class='ocrx_word' id='word_1_255' title='bbox 613 2066 721 2104; x_wconf 73' lang='lat' dir='ltr'>magis</span> <span class='ocrx_word' id='word_1_256' title='bbox 736 2065 907 2094; x_wconf 84' lang='lat' dir='ltr'>videretur</span> <span class='ocrx_word' id='word_1_257' title='bbox 926 2061 1221 2100; x_wconf 53' lang='lat' dir='ltr'>expeilieusmrdi-</span> 
     </span>
    </p>
   </div>
   <div class='ocr_carea' id='block_1_7' title="bbox 210 2114 1251 2162">
    <p class='ocr_par' dir='ltr' id='par_1_9' title="bbox 210 2114 1251 2162">
     <span class='ocr_line' id='line_1_36' title="bbox 210 2114 1251 2162; baseline -0.013 -6"><span class='ocrx_word' id='word_1_258' title='bbox 210 2125 322 2156; x_wconf 86' lang='lat' dir='ltr'>nandi.</span> <span class='ocrx_word' id='word_1_259' title='bbox 354 2126 374 2153; x_wconf 72' lang='lat' dir='ltr'>A</span> <span class='ocrx_word' id='word_1_260' title='bbox 402 2122 555 2162; x_wconf 66' lang='lat' dir='ltr'>partibus</span> <span class='ocrx_word' id='word_1_261' title='bbox 585 2121 697 2158; x_wconf 73' lang='lat' dir='ltr'>itaque</span> <span class='ocrx_word' id='word_1_262' title='bbox 719 2117 922 2156; x_wconf 71' lang='lat' dir='ltr'>supradictis</span> <span class='ocrx_word' id='word_1_263' title='bbox 943 2124 1054 2145; x_wconf 86' lang='lat' dir='ltr'>coram</span> <span class='ocrx_word' id='word_1_264' title='bbox 1073 2114 1170 2144; x_wconf 88' lang='lat' dir='ltr'>nobis</span> <span class='ocrx_word' id='word_1_265' title='bbox 1188 2115 1221 2143; x_wconf 90' lang='lat' dir='ltr'>in</span> <span class='ocrx_word' id='word_1_266' title='bbox 1250 2138 1251 2142; x_wconf 71' lang='grc'>,</span> 
     </span>
    </p>
   </div>
   <div class='ocr_carea' id='block_1_8' title="bbox 207 2168 1222 2377">
    <p class='ocr_par' dir='ltr' id='par_1_10' title="bbox 207 2168 1222 2377">
     <span class='ocr_line' id='line_1_37' title="bbox 207 2168 1221 2218; baseline -0.012 -10"><span class='ocrx_word' id='word_1_267' title='bbox 207 2178 335 2218; x_wconf 85' lang='lat' dir='ltr'>judicio</span> <span class='ocrx_word' id='word_1_268' title='bbox 354 2185 454 2215; x_wconf 79' lang='lat' dir='ltr'>super</span> <span class='ocrx_word' id='word_1_269' title='bbox 476 2175 564 2204; x_wconf 76' lang='lat' dir='ltr'>(licta</span> <span class='ocrx_word' id='word_1_270' title='bbox 588 2172 757 2211; x_wconf 81' lang='lat' dir='ltr'>prebenda</span> <span class='ocrx_word' id='word_1_271' title='bbox 780 2170 948 2209; x_wconf 72' lang='lat' dir='ltr'>quondam</span> <span class='ocrx_word' id='word_1_272' title='bbox 968 2169 1048 2198; x_wconf 80' lang='lat' dir='ltr'>dicti</span> <span class='ocrx_word' id='word_1_273' title='bbox 1076 2168 1221 2197; x_wconf 78' lang='lat' dir='ltr'>cantoris</span> 
     </span>
     <span class='ocr_line' id='line_1_38' title="bbox 210 2221 1221 2270; baseline -0.012 -8"><span class='ocrx_word' id='word_1_274' title='bbox 210 2230 406 2270; x_wconf 72' lang='lat' dir='ltr'>aliquandiu</span> <span class='ocrx_word' id='word_1_275' title='bbox 428 2229 573 2267; x_wconf 73' lang='lat' dir='ltr'>litigato,</span> <span class='ocrx_word' id='word_1_276' title='bbox 600 2226 735 2256; x_wconf 86' lang='lat' dir='ltr'>tandem</span> <span class='ocrx_word' id='word_1_277' title='bbox 755 2224 795 2254; x_wconf 88' lang='lat' dir='ltr'>ab</span> <span class='ocrx_word' id='word_1_278' title='bbox 814 2224 875 2253; x_wconf 82' lang='lat' dir='ltr'>eis.</span> <span class='ocrx_word' id='word_1_279' title='bbox 895 2222 1050 2251; x_wconf 75' lang='lat' dir='ltr'>videlicet</span> <span class='ocrx_word' id='word_1_280' title='bbox 1071 2221 1221 2259; x_wconf 83' lang='lat' dir='ltr'>predicto</span> 
     </span>
     <span class='ocr_line' id='line_1_39' title="bbox 210 2275 1222 2320; baseline -0.012 -5"><span class='ocrx_word' id='word_1_281' title='bbox 210 2285 355 2316; x_wconf 87' lang='lat' dir='ltr'>Martino</span> <span class='ocrx_word' id='word_1_282' title='bbox 370 2282 461 2313; x_wconf 83' lang='lat' dir='ltr'>Petri</span> <span class='ocrx_word' id='word_1_283' title='bbox 480 2290 539 2320; x_wconf 77' lang='lat' dir='ltr'>pro</span> <span class='ocrx_word' id='word_1_284' title='bbox 555 2289 590 2310; x_wconf 85' lang='lat' dir='ltr'>se</span> <span class='ocrx_word' id='word_1_285' title='bbox 609 2281 639 2309; x_wconf 85' lang='lat' dir='ltr'>et</span> <span class='ocrx_word' id='word_1_286' title='bbox 657 2279 815 2309; x_wconf 71' lang='lat' dir='ltr'>Amator-e</span> <span class='ocrx_word' id='word_1_287' title='bbox 835 2277 907 2315; x_wconf 71' lang='lat' dir='ltr'>ipso</span> <span class='ocrx_word' id='word_1_288' title='bbox 925 2284 983 2314; x_wconf 89' lang='lat' dir='ltr'>pro</span> <span class='ocrx_word' id='word_1_289' title='bbox 1005 2283 1039 2304; x_wconf 86' lang='lat' dir='ltr'>se</span> <span class='ocrx_word' id='word_1_290' title='bbox 1057 2275 1090 2304; x_wconf 92' lang='lat' dir='ltr'>in</span> <span class='ocrx_word' id='word_1_291' title='bbox 1107 2276 1222 2304; x_wconf 87' lang='lat' dir='ltr'>nostra</span> 
     </span>
     <span class='ocr_line' id='line_1_40' title="bbox 210 2327 1221 2377; baseline -0.012 -9"><span class='ocrx_word' id='word_1_292' title='bbox 210 2337 382 2377; x_wconf 76' lang='lat' dir='ltr'>presentia</span> <span class='ocrx_word' id='word_1_293' title='bbox 396 2333 590 2365; x_wconf 74' lang='lat' dir='ltr'>constitutis</span> <span class='ocrx_word' id='word_1_294' title='bbox 609 2334 639 2362; x_wconf 89' lang='lat' dir='ltr'>et</span> <span class='ocrx_word' id='word_1_295' title='bbox 659 2330 864 2369; x_wconf 61' lang='lat' dir='ltr'>eligentibus</span> <span class='ocrx_word' id='word_1_296' title='bbox 878 2329 990 2367; x_wconf 84' lang='lat' dir='ltr'>potius</span> <span class='ocrx_word' id='word_1_297' title='bbox 1007 2327 1137 2358; x_wconf 85' lang='lat' dir='ltr'>initiate</span> <span class='ocrx_word' id='word_1_298' title='bbox 1150 2327 1221 2357; x_wconf 90' lang='lat' dir='ltr'>litis</span> 
     </span>
    </p>
   </div>
   <div class='ocr_carea' id='block_1_9' title="bbox 209 2380 1251 2483">
    <p class='ocr_par' dir='ltr' id='par_1_11' title="bbox 209 2370 1251 2483">
     <span class='ocr_line' id='line_1_41' title="bbox 211 2380 1221 2430; baseline -0.013 -9"><span class='ocrx_word' id='word_1_299' title='bbox 211 2390 407 2430; x_wconf 84' lang='lat' dir='ltr'>paramenta</span> <span class='ocrx_word' id='word_1_300' title='bbox 425 2387 583 2426; x_wconf 80' lang='lat' dir='ltr'>diripere,</span> <span class='ocrx_word' id='word_1_301' title='bbox 603 2394 638 2415; x_wconf 75' lang='lat' dir='ltr'>ac</span> <span class='ocrx_word' id='word_1_302' title='bbox 658 2393 717 2423; x_wconf 87' lang='lat' dir='ltr'>per</span> <span class='ocrx_word' id='word_1_303' title='bbox 735 2384 826 2422; x_wconf 71' lang='lat' dir='ltr'>pacis</span> <span class='ocrx_word' id='word_1_304' title='bbox 845 2385 872 2412; x_wconf 81' lang='lat' dir='ltr'>et</span> <span class='ocrx_word' id='word_1_305' title='bbox 894 2381 1152 2420; x_wconf 66' lang='lat' dir='ltr'>compositionis</span> <span class='ocrx_word' id='word_1_306' title='bbox 1169 2380 1221 2410; x_wconf 88' lang='lat' dir='ltr'>ob-</span> 
     </span>
     <span class='ocr_line' id='line_1_42' title="bbox 209 2434 1251 2483; baseline -0.012 -9"><span class='ocrx_word' id='word_1_307' title='bbox 209 2444 335 2483; x_wconf 86' lang='lat' dir='ltr'>jectum</span> <span class='ocrx_word' id='word_1_308' title='bbox 353 2441 536 2472; x_wconf 78' lang='lat' dir='ltr'>certamina</span> <span class='ocrx_word' id='word_1_309' title='bbox 551 2442 658 2469; x_wconf 80' lang='lat' dir='ltr'>terere</span> <span class='ocrx_word' id='word_1_310' title='bbox 673 2437 875 2475; x_wconf 60' lang='lat' dir='ltr'>jurgiorum,</span> <span class='ocrx_word' id='word_1_311' title='bbox 895 2444 994 2474; x_wconf 79' lang='lat' dir='ltr'>quam</span> <span class='ocrx_word' id='word_1_312' title='bbox 1009 2434 1096 2463; x_wconf 79' lang='lat' dir='ltr'>viam</span> <span class='ocrx_word' id='word_1_313' title='bbox 1110 2436 1222 2463; x_wconf 78' lang='lat' dir='ltr'>texen—</span> <span class='ocrx_word' id='word_1_314' title='bbox 1250 2445 1251 2450; x_wconf 52' lang='lat'>¹</span> 
     </span>
    </p>
   </div>
   <div class='ocr_carea' id='block_1_10' title="bbox 212 2487 1221 2533">
    <p class='ocr_par' dir='ltr' id='par_1_12' title="bbox 212 2487 1221 2533">
     <span class='ocr_line' id='line_1_43' title="bbox 212 2487 1221 2533; baseline -0.01 -7"><span class='ocrx_word' id='word_1_315' title='bbox 212 2497 277 2533; x_wconf 89' lang='lat' dir='ltr'>dis,</span> <span class='ocrx_word' id='word_1_316' title='bbox 289 2505 328 2527; x_wconf 80' lang='lat' dir='ltr'>ex</span> <span class='ocrx_word' id='word_1_317' title='bbox 342 2494 511 2525; x_wconf 77' lang='lat' dir='ltr'>dubietate</span> <span class='ocrx_word' id='word_1_318' title='bbox 530 2500 761 2531; x_wconf 77' lang='lat' dir='ltr'>processuum.</span> <span class='ocrx_word' id='word_1_319' title='bbox 779 2487 1016 2528; x_wconf 68' lang='lat' dir='ltr'>questionibus</span> <span class='ocrx_word' id='word_1_320' title='bbox 1032 2487 1174 2526; x_wconf 77' lang='lat' dir='ltr'>aperire,</span> <span class='ocrx_word' id='word_1_321' title='bbox 1189 2487 1221 2516; x_wconf 92' lang='lat' dir='ltr'>in</span> 
     </span>
    </p>
   </div>
   <div class='ocr_carea' id='block_1_11' title="bbox 213 2539 2296 2628">
    <p class='ocr_par' dir='ltr' id='par_1_13' title="bbox 213 2539 2296 2628">
     <span class='ocr_line' id='line_1_44' title="bbox 213 2539 1252 2587; baseline -0.011 -8"><span class='ocrx_word' id='word_1_322' title='bbox 213 2558 285 2585; x_wconf 84' lang='lat' dir='ltr'>nos,</span> <span class='ocrx_word' id='word_1_323' title='bbox 311 2548 478 2587; x_wconf 87' lang='lat' dir='ltr'>prefatum</span> <span class='ocrx_word' id='word_1_324' title='bbox 506 2547 699 2584; x_wconf 56' lang='lat' dir='ltr'>symonem,</span> <span class='ocrx_word' id='word_1_325' title='bbox 724 2543 782 2573; x_wconf 71' lang='grc'>1101</span> <span class='ocrx_word' id='word_1_326' title='bbox 812 2542 918 2579; x_wconf 61' lang='lat' dir='ltr'>gratia</span> <span class='ocrx_word' id='word_1_327' title='bbox 940 2539 1159 2573; x_wconf 68' lang='lat' dir='ltr'>cardinalem,</span> <span class='ocrx_word' id='word_1_328' title='bbox 1182 2540 1221 2569; x_wconf 86' lang='lat' dir='ltr'>de</span> <span class='ocrx_word' id='word_1_329' title='bbox 1251 2560 1252 2564; x_wconf 67' lang='lat'>,</span> 
     </span>
     <span class='ocr_line' id='line_1_45' title="bbox 1251 2586 2296 2628; baseline -0.001 -9"><span class='ocrx_word' id='word_1_330' title='bbox 1251 2586 1252 2589; x_wconf 38' lang='lat'>¹</span> <span class='ocrx_word' id='word_1_331' title='bbox 1284 2591 1370 2620; x_wconf 79' lang='lat' dir='ltr'>dicte</span> <span class='ocrx_word' id='word_1_332' title='bbox 1387 2589 1554 2628; x_wconf 81' lang='lat' dir='ltr'>prebende</span> <span class='ocrx_word' id='word_1_333' title='bbox 1564 2590 1674 2628; x_wconf 88' lang='lat' dir='ltr'>primo</span> <span class='ocrx_word' id='word_1_334' title='bbox 1689 2592 1845 2619; x_wconf 74' lang='lat' dir='ltr'>vacature</span> <span class='ocrx_word' id='word_1_335' title='bbox 1861 2588 1896 2618; x_wconf 90' lang='lat' dir='ltr'>in</span> <span class='ocrx_word' id='word_1_336' title='bbox 1914 2588 2063 2627; x_wconf 84' lang='lat' dir='ltr'>predicta</span> <span class='ocrx_word' id='word_1_337' title='bbox 2077 2588 2220 2618; x_wconf 82' lang='lat' dir='ltr'>ecclesia</span> <span class='ocrx_word' id='word_1_338' title='bbox 2238 2588 2296 2619; x_wconf 83' lang='lat' dir='ltr'>Sa-</span> 
     </span>
    </p>
   </div>
   <div class='ocr_carea' id='block_1_12' title="bbox 213 2593 1224 2795">
    <p class='ocr_par' dir='ltr' id='par_1_14' title="bbox 213 2593 1224 2795">
     <span class='ocr_line' id='line_1_46' title="bbox 213 2593 1221 2636; baseline -0.011 -3"><span class='ocrx_word' id='word_1_339' title='bbox 213 2603 426 2634; x_wconf 57' lang='grc' dir='ltr'>(Ποῖ-1101111511,</span> <span class='ocrx_word' id='word_1_340' title='bbox 447 2600 505 2629; x_wconf 86' lang='lat' dir='ltr'>lite</span> <span class='ocrx_word' id='word_1_341' title='bbox 519 2607 577 2628; x_wconf 73' lang='lat' dir='ltr'>seu</span> <span class='ocrx_word' id='word_1_342' title='bbox 593 2597 781 2636; x_wconf 53' lang='lat' dir='ltr'>questione.</span> <span class='ocrx_word' id='word_1_343' title='bbox 802 2598 975 2633; x_wconf 79' lang='lat' dir='ltr'>tamquam</span> <span class='ocrx_word' id='word_1_344' title='bbox 995 2594 1026 2623; x_wconf 92' lang='lat' dir='ltr'>in</span> <span class='ocrx_word' id='word_1_345' title='bbox 1045 2593 1221 2623; x_wconf 82' lang='lat' dir='ltr'>arbitrum.</span> 
     </span>
     <span class='ocr_line' id='line_1_47' title="bbox 214 2647 1222 2688; baseline -0.011 -2"><span class='ocrx_word' id='word_1_346' title='bbox 214 2655 460 2688; x_wconf 75' lang='lat' dir='ltr'>a1·hitrat01·em‚</span> <span class='ocrx_word' id='word_1_347' title='bbox 491 2652 718 2682; x_wconf 75' lang='lat' dir='ltr'>ordinatorem</span> <span class='ocrx_word' id='word_1_348' title='bbox 739 2651 767 2679; x_wconf 82' lang='lat' dir='ltr'>et</span> <span class='ocrx_word' id='word_1_349' title='bbox 789 2647 1001 2678; x_wconf 69' lang='lat' dir='ltr'>amicabilem</span> <span class='ocrx_word' id='word_1_350' title='bbox 1022 2647 1222 2684; x_wconf 82' lang='lat' dir='ltr'>composito—</span> 
     </span>
     <span class='ocr_line' id='line_1_48' title="bbox 214 2700 1222 2746; baseline -0.01 -7"><span class='ocrx_word' id='word_1_351' title='bbox 214 2717 297 2744; x_wconf 86' lang='lat' dir='ltr'>rem,</span> <span class='ocrx_word' id='word_1_352' title='bbox 321 2708 440 2746; x_wconf 78' lang='lat' dir='ltr'>sponte</span> <span class='ocrx_word' id='word_1_353' title='bbox 461 2705 536 2735; x_wconf 87' lang='lat' dir='ltr'>hinc</span> <span class='ocrx_word' id='word_1_354' title='bbox 556 2704 630 2734; x_wconf 89' lang='lat' dir='ltr'>inde</span> <span class='ocrx_word' id='word_1_355' title='bbox 653 2712 689 2733; x_wconf 86' lang='lat' dir='ltr'>ac</span> <span class='ocrx_word' id='word_1_356' title='bbox 712 2702 921 2732; x_wconf 79' lang='lat' dir='ltr'>com-orditer</span> <span class='ocrx_word' id='word_1_357' title='bbox 942 2700 1053 2730; x_wconf 81' lang='lat' dir='ltr'>extitit</span> <span class='ocrx_word' id='word_1_358' title='bbox 1072 2708 1222 2737; x_wconf 82' lang='lat' dir='ltr'>compro-</span> 
     </span>
     <span class='ocr_line' id='line_1_49' title="bbox 214 2752 1224 2795; baseline -0.01 -4"><span class='ocrx_word' id='word_1_359' title='bbox 214 2761 371 2793; x_wconf 85' lang='lat' dir='ltr'>missum,</span> <span class='ocrx_word' id='word_1_360' title='bbox 392 2760 423 2788; x_wconf 92' lang='lat' dir='ltr'>ut</span> <span class='ocrx_word' id='word_1_361' title='bbox 456 2766 557 2795; x_wconf 69' lang='lat' dir='ltr'>super</span> <span class='ocrx_word' id='word_1_362' title='bbox 586 2757 652 2785; x_wconf 73' lang='lat' dir='ltr'>hiis</span> <span class='ocrx_word' id='word_1_363' title='bbox 671 2756 756 2784; x_wconf 74' lang='lat' dir='ltr'>inter</span> <span class='ocrx_word' id='word_1_364' title='bbox 778 2755 871 2793; x_wconf 58' lang='lat' dir='ltr'>ipsos</span> <span class='ocrx_word' id='word_1_365' title='bbox 890 2752 1131 2791; x_wconf 80' lang='lat' dir='ltr'>componendo,</span> <span class='ocrx_word' id='word_1_366' title='bbox 1157 2754 1224 2782; x_wconf 87' lang='lat' dir='ltr'>sta-</span> 
     </span>
    </p>
   </div>
   <div class='ocr_carea' id='block_1_13' title="bbox 214 2805 1253 2846">
    <p class='ocr_par' dir='ltr' id='par_1_15' title="bbox 214 2805 1253 2846">
     <span class='ocr_line' id='line_1_50' title="bbox 214 2805 1253 2846; baseline -0.009 -3"><span class='ocrx_word' id='word_1_367' title='bbox 214 2813 350 2846; x_wconf 86' lang='lat' dir='ltr'>tuendo,</span> <span class='ocrx_word' id='word_1_368' title='bbox 370 2810 614 2843; x_wconf 70' lang='lat' dir='ltr'>sententiando,</span> <span class='ocrx_word' id='word_1_369' title='bbox 637 2808 831 2839; x_wconf 82' lang='lat' dir='ltr'>arbitrando</span> <span class='ocrx_word' id='word_1_370' title='bbox 849 2810 876 2838; x_wconf 82' lang='lat' dir='ltr'>ct</span> <span class='ocrx_word' id='word_1_371' title='bbox 897 2805 1116 2836; x_wconf 83' lang='lat' dir='ltr'>decernendo.</span> <span class='ocrx_word' id='word_1_372' title='bbox 1138 2805 1225 2835; x_wconf 88' lang='lat' dir='ltr'>ordi-</span> <span class='ocrx_word' id='word_1_373' title='bbox 1252 2806 1253 2818; x_wconf 75' lang='lat'><em>³</em></span> 
     </span>
    </p>
   </div>
   <div class='ocr_carea' id='block_1_14' title="bbox 216 2858 1224 2956">
    <p class='ocr_par' dir='ltr' id='par_1_16' title="bbox 216 2858 1224 2956">
     <span class='ocr_line' id='line_1_51' title="bbox 216 2858 1224 2899; baseline -0.009 -3"><span class='ocrx_word' id='word_1_374' title='bbox 216 2873 386 2899; x_wconf 86' lang='lat' dir='ltr'>naremus,</span> <span class='ocrx_word' id='word_1_375' title='bbox 404 2865 641 2896; x_wconf 72' lang='lat' dir='ltr'>statueremus,</span> <span class='ocrx_word' id='word_1_376' title='bbox 665 2861 917 2891; x_wconf 81' lang='lat' dir='ltr'>arbitrarenmr.</span> <span class='ocrx_word' id='word_1_377' title='bbox 941 2858 1224 2889; x_wconf 87' lang='lat' dir='ltr'>sententiaremus</span> 
     </span>
     <span class='ocr_line' id='line_1_52' title="bbox 217 2911 1224 2956; baseline -0.009 -6"><span class='ocrx_word' id='word_1_378' title='bbox 217 2920 249 2950; x_wconf 90' lang='lat' dir='ltr'>et</span> <span class='ocrx_word' id='word_1_379' title='bbox 267 2919 525 2956; x_wconf 79' lang='lat' dir='ltr'>disponeremus</span> <span class='ocrx_word' id='word_1_380' title='bbox 548 2914 706 2950; x_wconf 83' lang='lat' dir='ltr'>totaliter,</span> <span class='ocrx_word' id='word_1_381' title='bbox 730 2914 824 2952; x_wconf 77' lang='lat' dir='ltr'>juxta</span> <span class='ocrx_word' id='word_1_382' title='bbox 845 2914 957 2942; x_wconf 84' lang='lat' dir='ltr'>nostre</span> <span class='ocrx_word' id='word_1_383' title='bbox 976 2911 1224 2950; x_wconf 81' lang='lat' dir='ltr'>beneplacitum</span> 
     </span>
    </p>
   </div>
   <div class='ocr_carea' id='block_1_15' title="bbox 1243 328 1252 1955">
    <p class='ocr_par' dir='ltr' id='par_1_17' title="bbox 1243 328 1252 1955">
     <span class='ocr_line' id='line_1_53' title="bbox 1243 328 1252 1955; baseline 0 0"><span class='ocrx_word' id='word_1_384' title='bbox 1243 328 1252 1955; x_wconf 95' lang='lat' dir='ltr'> </span> 
     </span>
    </p>
   </div>
   <div class='ocr_carea' id='block_1_16' title="bbox 1273 304 2295 2254">
    <p class='ocr_par' dir='ltr' id='par_1_18' title="bbox 1273 304 2295 2254">
     <span class='ocr_line' id='line_1_54' title="bbox 1273 304 2287 349; baseline 0.007 -16"><span class='ocrx_word' id='word_1_385' title='bbox 1273 304 1469 341; x_wconf 86' lang='lat' dir='ltr'>voluntatis,</span> <span class='ocrx_word' id='word_1_386' title='bbox 1492 307 1621 336; x_wconf 86' lang='lat' dir='ltr'>retenta</span> <span class='ocrx_word' id='word_1_387' title='bbox 1637 305 1734 336; x_wconf 88' lang='lat' dir='ltr'>nobis</span> <span class='ocrx_word' id='word_1_388' title='bbox 1753 307 1786 337; x_wconf 91' lang='lat' dir='ltr'>in</span> <span class='ocrx_word' id='word_1_389' title='bbox 1803 306 1961 338; x_wconf 86' lang='lat' dir='ltr'>omnibus</span> <span class='ocrx_word' id='word_1_390' title='bbox 1979 308 2221 340; x_wconf 85' lang='lat' dir='ltr'>nichilominus</span> <span class='ocrx_word' id='word_1_391' title='bbox 2234 311 2287 349; x_wconf 88' lang='lat' dir='ltr'>ju-</span> 
     </span>
     <span class='ocr_line' id='line_1_55' title="bbox 1274 357 2286 400; baseline 0.007 -14"><span class='ocrx_word' id='word_1_392' title='bbox 1274 357 1413 387; x_wconf 82' lang='lat' dir='ltr'>diciaria</span> <span class='ocrx_word' id='word_1_393' title='bbox 1441 360 1619 396; x_wconf 81' lang='lat' dir='ltr'>potestate,</span> <span class='ocrx_word' id='word_1_394' title='bbox 1638 362 1735 398; x_wconf 85' lang='lat' dir='ltr'>prout</span> <span class='ocrx_word' id='word_1_395' title='bbox 1762 359 1795 389; x_wconf 92' lang='lat' dir='ltr'>in</span> <span class='ocrx_word' id='word_1_396' title='bbox 1812 360 2038 391; x_wconf 81' lang='lat' dir='ltr'>instrumento</span> <span class='ocrx_word' id='word_1_397' title='bbox 2055 361 2191 400; x_wconf 85' lang='lat' dir='ltr'>publico</span> <span class='ocrx_word' id='word_1_398' title='bbox 2209 363 2286 393; x_wconf 89' lang='lat' dir='ltr'>inde</span> 
     </span>
     <span class='ocr_line' id='line_1_56' title="bbox 1274 410 2289 453; baseline 0.006 -13"><span class='ocrx_word' id='word_1_399' title='bbox 1274 410 1424 441; x_wconf 88' lang='lat' dir='ltr'>confecto</span> <span class='ocrx_word' id='word_1_400' title='bbox 1441 411 1629 442; x_wconf 59' lang='lat' dir='ltr'>dinmcitur</span> <span class='ocrx_word' id='word_1_401' title='bbox 1646 412 1781 450; x_wconf 87' lang='lat' dir='ltr'>plenius</span> <span class='ocrx_word' id='word_1_402' title='bbox 1799 413 1977 444; x_wconf 90' lang='lat' dir='ltr'>contineri.</span> <span class='ocrx_word' id='word_1_403' title='bbox 2002 414 2074 444; x_wconf 87' lang='lat' dir='ltr'>Nos</span> <span class='ocrx_word' id='word_1_404' title='bbox 2093 414 2207 453; x_wconf 86' lang='lat' dir='ltr'>igitur,</span> <span class='ocrx_word' id='word_1_405' title='bbox 2232 415 2289 446; x_wconf 89' lang='lat' dir='ltr'>ha-</span> 
     </span>
     <span class='ocr_line' id='line_1_57' title="bbox 1274 461 2288 503; baseline 0.006 -11"><span class='ocrx_word' id='word_1_406' title='bbox 1274 461 1345 493; x_wconf 83' lang='lat' dir='ltr'>bita</span> <span class='ocrx_word' id='word_1_407' title='bbox 1376 472 1477 502; x_wconf 88' lang='lat' dir='ltr'>super</span> <span class='ocrx_word' id='word_1_408' title='bbox 1502 465 1674 503; x_wconf 70' lang='lat' dir='ltr'>predictis,</span> <span class='ocrx_word' id='word_1_409' title='bbox 1695 467 1730 495; x_wconf 91' lang='lat' dir='ltr'>ut</span> <span class='ocrx_word' id='word_1_410' title='bbox 1754 465 1882 495; x_wconf 89' lang='lat' dir='ltr'>dictum</span> <span class='ocrx_word' id='word_1_411' title='bbox 1899 468 1962 502; x_wconf 88' lang='lat' dir='ltr'>est,</span> <span class='ocrx_word' id='word_1_412' title='bbox 1991 467 2167 498; x_wconf 84' lang='lat' dir='ltr'>ordinandi</span> <span class='ocrx_word' id='word_1_413' title='bbox 2199 469 2288 499; x_wconf 88' lang='lat' dir='ltr'>inter</span> 
     </span>
     <span class='ocr_line' id='line_1_58' title="bbox 1275 517 2286 559; baseline 0.006 -14"><span class='ocrx_word' id='word_1_414' title='bbox 1275 518 1388 554; x_wconf 86' lang='lat' dir='ltr'>partes</span> <span class='ocrx_word' id='word_1_415' title='bbox 1407 517 1542 548; x_wconf 86' lang='lat' dir='ltr'>easdem</span> <span class='ocrx_word' id='word_1_416' title='bbox 1559 527 1577 547; x_wconf 88' lang='lat' dir='ltr'>a</span> <span class='ocrx_word' id='word_1_417' title='bbox 1589 518 1725 548; x_wconf 82' lang='lat' dir='ltr'>domino</span> <span class='ocrx_word' id='word_1_418' title='bbox 1740 526 1827 557; x_wconf 86' lang='lat' dir='ltr'>papa</span> <span class='ocrx_word' id='word_1_419' title='bbox 1845 518 1954 549; x_wconf 85' lang='lat' dir='ltr'>libera</span> <span class='ocrx_word' id='word_1_420' title='bbox 1965 521 1996 549; x_wconf 88' lang='lat' dir='ltr'>et</span> <span class='ocrx_word' id='word_1_421' title='bbox 2014 519 2166 559; x_wconf 81' lang='lat' dir='ltr'>legitima</span> <span class='ocrx_word' id='word_1_422' title='bbox 2184 521 2286 551; x_wconf 81' lang='lat' dir='ltr'>facul-</span> 
     </span>
     <span class='ocr_line' id='line_1_59' title="bbox 1274 569 2289 610; baseline 0.007 -12"><span class='ocrx_word' id='word_1_423' title='bbox 1274 569 1354 604; x_wconf 89' lang='lat' dir='ltr'>tate,</span> <span class='ocrx_word' id='word_1_424' title='bbox 1366 571 1500 608; x_wconf 75' lang='lat' dir='ltr'>recepto</span> <span class='ocrx_word' id='word_1_425' title='bbox 1509 570 1704 609; x_wconf 81' lang='lat' dir='ltr'>hujusmodi</span> <span class='ocrx_word' id='word_1_426' title='bbox 1719 572 1977 610; x_wconf 84' lang='lat' dir='ltr'>compromisso,</span> <span class='ocrx_word' id='word_1_427' title='bbox 1991 572 2105 604; x_wconf 87' lang='lat' dir='ltr'>habito</span> <span class='ocrx_word' id='word_1_428' title='bbox 2121 574 2223 604; x_wconf 89' lang='lat' dir='ltr'>etiam</span> <span class='ocrx_word' id='word_1_429' title='bbox 2241 574 2289 604; x_wconf 85' lang='lat' dir='ltr'>di-</span> 
     </span>
     <span class='ocr_line' id='line_1_60' title="bbox 1275 621 2288 665; baseline 0.006 -14"><span class='ocrx_word' id='word_1_430' title='bbox 1275 621 1393 660; x_wconf 82' lang='lat' dir='ltr'>ligenti</span> <span class='ocrx_word' id='word_1_431' title='bbox 1410 623 1552 653; x_wconf 87' lang='lat' dir='ltr'>consilio</span> <span class='ocrx_word' id='word_1_432' title='bbox 1563 624 1748 662; x_wconf 87' lang='lat' dir='ltr'>peritorum</span> <span class='ocrx_word' id='word_1_433' title='bbox 1765 627 1797 655; x_wconf 87' lang='lat' dir='ltr'>et</span> <span class='ocrx_word' id='word_1_434' title='bbox 1815 625 1992 656; x_wconf 83' lang='lat' dir='ltr'>nobiscum</span> <span class='ocrx_word' id='word_1_435' title='bbox 2008 626 2108 665; x_wconf 91' lang='lat' dir='ltr'>plena</span> <span class='ocrx_word' id='word_1_436' title='bbox 2124 627 2288 658; x_wconf 86' lang='lat' dir='ltr'>delibera-</span> 
     </span>
     <span class='ocr_line' id='line_1_61' title="bbox 1275 675 2289 718; baseline 0.006 -14"><span class='ocrx_word' id='word_1_437' title='bbox 1275 675 1366 705; x_wconf 89' lang='lat' dir='ltr'>tione</span> <span class='ocrx_word' id='word_1_438' title='bbox 1389 675 1577 714; x_wconf 86' lang='lat' dir='ltr'>prehahita,</span> <span class='ocrx_word' id='word_1_439' title='bbox 1599 677 1660 707; x_wconf 89' lang='lat' dir='ltr'>Dei</span> <span class='ocrx_word' id='word_1_440' title='bbox 1681 678 1815 708; x_wconf 90' lang='lat' dir='ltr'>nomine</span> <span class='ocrx_word' id='word_1_441' title='bbox 1833 678 1998 713; x_wconf 82' lang='lat' dir='ltr'>invocato,</span> <span class='ocrx_word' id='word_1_442' title='bbox 2019 679 2172 717; x_wconf 88' lang='lat' dir='ltr'>partibus</span> <span class='ocrx_word' id='word_1_443' title='bbox 2200 680 2289 718; x_wconf 90' lang='lat' dir='ltr'>ipsis</span> 
     </span>
     <span class='ocr_line' id='line_1_62' title="bbox 1276 728 2289 768; baseline 0.006 -11"><span class='ocrx_word' id='word_1_444' title='bbox 1276 728 1493 767; x_wconf 82' lang='lat' dir='ltr'>presentibus</span> <span class='ocrx_word' id='word_1_445' title='bbox 1505 731 1537 759; x_wconf 87' lang='lat' dir='ltr'>et</span> <span class='ocrx_word' id='word_1_446' title='bbox 1551 738 1654 768; x_wconf 88' lang='lat' dir='ltr'>super</span> <span class='ocrx_word' id='word_1_447' title='bbox 1668 730 1736 761; x_wconf 88' lang='lat' dir='ltr'>hiis</span> <span class='ocrx_word' id='word_1_448' title='bbox 1754 731 1957 762; x_wconf 86' lang='lat' dir='ltr'>sententiam</span> <span class='ocrx_word' id='word_1_449' title='bbox 1972 734 2003 762; x_wconf 87' lang='lat' dir='ltr'>et</span> <span class='ocrx_word' id='word_1_450' title='bbox 2018 732 2198 763; x_wconf 83' lang='lat' dir='ltr'>arbitrium</span> <span class='ocrx_word' id='word_1_451' title='bbox 2213 741 2289 764; x_wconf 90' lang='lat' dir='ltr'>nos-</span> 
     </span>
     <span class='ocr_line' id='line_1_63' title="bbox 1275 781 2289 825; baseline 0.005 -14"><span class='ocrx_word' id='word_1_452' title='bbox 1275 783 1365 812; x_wconf 89' lang='lat' dir='ltr'>trum</span> <span class='ocrx_word' id='word_1_453' title='bbox 1376 781 1457 812; x_wconf 85' lang='lat' dir='ltr'>ferri</span> <span class='ocrx_word' id='word_1_454' title='bbox 1474 790 1550 812; x_wconf 89' lang='lat' dir='ltr'>cum</span> <span class='ocrx_word' id='word_1_455' title='bbox 1566 783 1726 813; x_wconf 84' lang='lat' dir='ltr'>instantia</span> <span class='ocrx_word' id='word_1_456' title='bbox 1735 784 1990 823; x_wconf 85' lang='lat' dir='ltr'>postulantibus</span> <span class='ocrx_word' id='word_1_457' title='bbox 2009 785 2042 815; x_wconf 88' lang='lat' dir='ltr'>in</span> <span class='ocrx_word' id='word_1_458' title='bbox 2060 786 2232 825; x_wconf 85' lang='lat' dir='ltr'>assignato</span> <span class='ocrx_word' id='word_1_459' title='bbox 2247 786 2289 816; x_wconf 91' lang='lat' dir='ltr'>ad</span> 
     </span>
     <span class='ocr_line' id='line_1_64' title="bbox 1276 835 2289 877; baseline 0.005 -13"><span class='ocrx_word' id='word_1_460' title='bbox 1276 835 1311 864; x_wconf 86' lang='lat' dir='ltr'>id</span> <span class='ocrx_word' id='word_1_461' title='bbox 1329 835 1378 865; x_wconf 88' lang='lat' dir='ltr'>eis</span> <span class='ocrx_word' id='word_1_462' title='bbox 1397 836 1553 871; x_wconf 85' lang='lat' dir='ltr'>termino,</span> <span class='ocrx_word' id='word_1_463' title='bbox 1575 836 1750 875; x_wconf 88' lang='lat' dir='ltr'>injudicio</span> <span class='ocrx_word' id='word_1_464' title='bbox 1769 846 1881 867; x_wconf 87' lang='lat' dir='ltr'>coram</span> <span class='ocrx_word' id='word_1_465' title='bbox 1898 838 2007 873; x_wconf 86' lang='lat' dir='ltr'>nohis,</span> <span class='ocrx_word' id='word_1_466' title='bbox 2027 840 2096 868; x_wconf 89' lang='lat' dir='ltr'>tam</span> <span class='ocrx_word' id='word_1_467' title='bbox 2108 839 2289 877; x_wconf 85' lang='lat' dir='ltr'>judiciaria</span> 
     </span>
     <span class='ocr_line' id='line_1_65' title="bbox 1277 888 2289 930; baseline 0.004 -12"><span class='ocrx_word' id='word_1_468' title='bbox 1277 897 1378 927; x_wconf 84' lang='lat' dir='ltr'>quam</span> <span class='ocrx_word' id='word_1_469' title='bbox 1406 888 1585 919; x_wconf 86' lang='lat' dir='ltr'>arbitraria</span> <span class='ocrx_word' id='word_1_470' title='bbox 1610 889 1708 920; x_wconf 86' lang='lat' dir='ltr'>nobis</span> <span class='ocrx_word' id='word_1_471' title='bbox 1729 890 1853 921; x_wconf 89' lang='lat' dir='ltr'>tradita</span> <span class='ocrx_word' id='word_1_472' title='bbox 1877 893 2056 929; x_wconf 78' lang='lat' dir='ltr'>potestate,</span> <span class='ocrx_word' id='word_1_473' title='bbox 2082 892 2289 930; x_wconf 84' lang='lat' dir='ltr'>prebendam</span> 
     </span>
     <span class='ocr_line' id='line_1_66' title="bbox 1277 942 2288 983; baseline 0.004 -12"><span class='ocrx_word' id='word_1_474' title='bbox 1277 942 1462 980; x_wconf 84' lang='lat' dir='ltr'>predictam</span> <span class='ocrx_word' id='word_1_475' title='bbox 1482 942 1521 971; x_wconf 89' lang='lat' dir='ltr'>de</span> <span class='ocrx_word' id='word_1_476' title='bbox 1539 951 1604 981; x_wconf 87' lang='lat' dir='ltr'>qua</span> <span class='ocrx_word' id='word_1_477' title='bbox 1623 943 1745 982; x_wconf 84' lang='lat' dir='ltr'>agitur,</span> <span class='ocrx_word' id='word_1_478' title='bbox 1766 952 1830 982; x_wconf 83' lang='lat' dir='ltr'>que</span> <span class='ocrx_word' id='word_1_479' title='bbox 1849 944 1913 974; x_wconf 86' lang='lat' dir='ltr'>fuit</span> <span class='ocrx_word' id='word_1_480' title='bbox 1930 944 2011 974; x_wconf 88' lang='lat' dir='ltr'>olim</span> <span class='ocrx_word' id='word_1_481' title='bbox 2027 945 2215 983; x_wconf 85' lang='lat' dir='ltr'>supradicti</span> <span class='ocrx_word' id='word_1_482' title='bbox 2232 945 2288 981; x_wconf 85' lang='lat' dir='ltr'>R.,</span> 
     </span>
     <span class='ocr_line' id='line_1_67' title="bbox 1277 995 2287 1034; baseline 0.004 -10"><span class='ocrx_word' id='word_1_483' title='bbox 1277 995 1424 1025; x_wconf 82' lang='lat' dir='ltr'>cantoris</span> <span class='ocrx_word' id='word_1_484' title='bbox 1446 996 1680 1031; x_wconf 78' lang='lat' dir='ltr'>Salamantini,</span> <span class='ocrx_word' id='word_1_485' title='bbox 1706 996 1738 1026; x_wconf 93' lang='grc'>111</span> <span class='ocrx_word' id='word_1_486' title='bbox 1763 997 1852 1027; x_wconf 85' lang='lat' dir='ltr'>dieta</span> <span class='ocrx_word' id='word_1_487' title='bbox 1875 997 2106 1028; x_wconf 85' lang='lat' dir='ltr'>Salamantina</span> <span class='ocrx_word' id='word_1_488' title='bbox 2133 997 2287 1034; x_wconf 87' lang='lat' dir='ltr'>ecclesia,</span> 
     </span>
     <span class='ocr_line' id='line_1_68' title="bbox 1278 1049 2289 1090; baseline 0.003 -12"><span class='ocrx_word' id='word_1_489' title='bbox 1278 1057 1353 1078; x_wconf 88' lang='lat' dir='ltr'>cum</span> <span class='ocrx_word' id='word_1_490' title='bbox 1367 1049 1524 1079; x_wconf 77' lang='lat' dir='ltr'>omnibus</span> <span class='ocrx_word' id='word_1_491' title='bbox 1534 1049 1680 1087; x_wconf 87' lang='lat' dir='ltr'>juribus,</span> <span class='ocrx_word' id='word_1_492' title='bbox 1698 1050 1820 1085; x_wconf 83' lang='lat' dir='ltr'>titulis,</span> <span class='ocrx_word' id='word_1_493' title='bbox 1833 1050 2019 1081; x_wconf 85' lang='lat' dir='ltr'>honoribus</span> <span class='ocrx_word' id='word_1_494' title='bbox 2031 1053 2062 1081; x_wconf 92' lang='lat' dir='ltr'>et</span> <span class='ocrx_word' id='word_1_495' title='bbox 2073 1051 2289 1090; x_wconf 88' lang='lat' dir='ltr'>pertinentiis</span> 
     </span>
     <span class='ocr_line' id='line_1_69' title="bbox 1280 1102 2290 1141; baseline 0.004 -10"><span class='ocrx_word' id='word_1_496' title='bbox 1280 1102 1352 1131; x_wconf 91' lang='lat' dir='ltr'>suis</span> <span class='ocrx_word' id='word_1_497' title='bbox 1369 1102 1497 1140; x_wconf 82' lang='lat' dir='ltr'>prefato</span> <span class='ocrx_word' id='word_1_498' title='bbox 1508 1103 1653 1133; x_wconf 86' lang='lat' dir='ltr'>Martino</span> <span class='ocrx_word' id='word_1_499' title='bbox 1665 1103 1768 1139; x_wconf 83' lang='lat' dir='ltr'>Petri,</span> <span class='ocrx_word' id='word_1_500' title='bbox 1783 1104 1943 1134; x_wconf 83' lang='lat' dir='ltr'>canonico</span> <span class='ocrx_word' id='word_1_501' title='bbox 1957 1104 2202 1141; x_wconf 85' lang='lat' dir='ltr'>Salamantino,</span> <span class='ocrx_word' id='word_1_502' title='bbox 2216 1112 2290 1134; x_wconf 88' lang='lat' dir='ltr'>sen·</span> 
     </span>
     <span class='ocr_line' id='line_1_70' title="bbox 1279 1155 2291 1196; baseline 0.003 -11"><span class='ocrx_word' id='word_1_503' title='bbox 1279 1155 1465 1186; x_wconf 83' lang='lat' dir='ltr'>tentialiter</span> <span class='ocrx_word' id='word_1_504' title='bbox 1490 1157 1524 1186; x_wconf 89' lang='lat' dir='ltr'>in</span> <span class='ocrx_word' id='word_1_505' title='bbox 1553 1157 1691 1196; x_wconf 85' lang='lat' dir='ltr'>scriptis</span> <span class='ocrx_word' id='word_1_506' title='bbox 1720 1157 1953 1195; x_wconf 66' lang='lat' dir='ltr'>adjudicamus</span> <span class='ocrx_word' id='word_1_507' title='bbox 1971 1160 2003 1188; x_wconf 91' lang='lat' dir='ltr'>et</span> <span class='ocrx_word' id='word_1_508' title='bbox 2021 1158 2061 1187; x_wconf 86' lang='lat' dir='ltr'>ad</span> <span class='ocrx_word' id='word_1_509' title='bbox 2083 1158 2194 1196; x_wconf 88' lang='lat' dir='ltr'>ipsum</span> <span class='ocrx_word' id='word_1_510' title='bbox 2216 1165 2291 1188; x_wconf 90' lang='lat' dir='ltr'>eam</span> 
     </span>
     <span class='ocr_line' id='line_1_71' title="bbox 1280 1209 2289 1247; baseline 0.002 -9"><span class='ocrx_word' id='word_1_511' title='bbox 1280 1210 1431 1246; x_wconf 86' lang='lat' dir='ltr'>spectare</span> <span class='ocrx_word' id='word_1_512' title='bbox 1453 1209 1492 1238; x_wconf 89' lang='lat' dir='ltr'>de</span> <span class='ocrx_word' id='word_1_513' title='bbox 1508 1209 1584 1247; x_wconf 88' lang='lat' dir='ltr'>jure</span> <span class='ocrx_word' id='word_1_514' title='bbox 1600 1209 1814 1240; x_wconf 87' lang='lat' dir='ltr'>decernimus</span> <span class='ocrx_word' id='word_1_515' title='bbox 1833 1212 1865 1240; x_wconf 90' lang='lat' dir='ltr'>et</span> <span class='ocrx_word' id='word_1_516' title='bbox 1889 1210 2138 1240; x_wconf 84' lang='lat' dir='ltr'>sententialiter</span> <span class='ocrx_word' id='word_1_517' title='bbox 2165 1210 2289 1240; x_wconf 85' lang='lat' dir='ltr'>diffini-</span> 
     </span>
     <span class='ocr_line' id='line_1_72' title="bbox 1279 1262 2292 1301; baseline 0.002 -10"><span class='ocrx_word' id='word_1_518' title='bbox 1279 1270 1367 1296; x_wconf 86' lang='lat' dir='ltr'>mus,</span> <span class='ocrx_word' id='word_1_519' title='bbox 1384 1262 1534 1300; x_wconf 82' lang='lat' dir='ltr'>predicto</span> <span class='ocrx_word' id='word_1_520' title='bbox 1549 1262 1714 1297; x_wconf 85' lang='lat' dir='ltr'>Amatori,</span> <span class='ocrx_word' id='word_1_521' title='bbox 1729 1263 1889 1293; x_wconf 82' lang='lat' dir='ltr'>canonico</span> <span class='ocrx_word' id='word_1_522' title='bbox 1902 1263 2144 1299; x_wconf 66' lang='lat' dir='ltr'>Salamantino,</span> <span class='ocrx_word' id='word_1_523' title='bbox 2163 1271 2181 1293; x_wconf 87' lang='lat' dir='ltr'>a</span> <span class='ocrx_word' id='word_1_524' title='bbox 2194 1263 2292 1301; x_wconf 83' lang='lat' dir='ltr'>cujus</span> 
     </span>
     <span class='ocr_line' id='line_1_73' title="bbox 1279 1315 2292 1354; baseline 0.001 -9"><span class='ocrx_word' id='word_1_525' title='bbox 1279 1315 1490 1353; x_wconf 72' lang='lat' dir='ltr'>impetitione</span> <span class='ocrx_word' id='word_1_526' title='bbox 1502 1315 1626 1345; x_wconf 83' lang='lat' dir='ltr'>dictum</span> <span class='ocrx_word' id='word_1_527' title='bbox 1641 1316 1825 1346; x_wconf 77' lang='lat' dir='ltr'>Mai-tinum</span> <span class='ocrx_word' id='word_1_528' title='bbox 1834 1324 1894 1354; x_wconf 89' lang='lat' dir='ltr'>per</span> <span class='ocrx_word' id='word_1_529' title='bbox 1903 1316 1987 1346; x_wconf 88' lang='lat' dir='ltr'>hanc</span> <span class='ocrx_word' id='word_1_530' title='bbox 1998 1317 2201 1346; x_wconf 85' lang='lat' dir='ltr'>sententiam</span> <span class='ocrx_word' id='word_1_531' title='bbox 2215 1324 2292 1346; x_wconf 91' lang='lat' dir='ltr'>nos-</span> 
     </span>
     <span class='ocr_line' id='line_1_74' title="bbox 1277 1368 2291 1408; baseline 0.001 -11"><span class='ocrx_word' id='word_1_532' title='bbox 1277 1370 1365 1398; x_wconf 85' lang='lat' dir='ltr'>tram</span> <span class='ocrx_word' id='word_1_533' title='bbox 1394 1368 1616 1404; x_wconf 80' lang='lat' dir='ltr'>absolvimus,</span> <span class='ocrx_word' id='word_1_534' title='bbox 1644 1377 1745 1407; x_wconf 90' lang='lat' dir='ltr'>super</span> <span class='ocrx_word' id='word_1_535' title='bbox 1762 1369 1837 1407; x_wconf 90' lang='lat' dir='ltr'>ipsa</span> <span class='ocrx_word' id='word_1_536' title='bbox 1854 1369 2025 1407; x_wconf 86' lang='lat' dir='ltr'>prebenda</span> <span class='ocrx_word' id='word_1_537' title='bbox 2041 1371 2073 1400; x_wconf 91' lang='lat' dir='ltr'>et</span> <span class='ocrx_word' id='word_1_538' title='bbox 2099 1369 2172 1408; x_wconf 87' lang='lat' dir='ltr'>ejus</span> <span class='ocrx_word' id='word_1_539' title='bbox 2190 1369 2291 1408; x_wconf 88' lang='lat' dir='ltr'>perti-</span> 
     </span>
     <span class='ocr_line' id='line_1_75' title="bbox 1279 1421 2291 1461; baseline 0.001 -10"><span class='ocrx_word' id='word_1_540' title='bbox 1279 1421 1404 1451; x_wconf 87' lang='lat' dir='ltr'>nentiis</span> <span class='ocrx_word' id='word_1_541' title='bbox 1425 1430 1556 1451; x_wconf 78' lang='lat' dir='ltr'>exnunc</span> <span class='ocrx_word' id='word_1_542' title='bbox 1579 1424 1780 1460; x_wconf 85' lang='lat' dir='ltr'>perpetuum</span> <span class='ocrx_word' id='word_1_543' title='bbox 1799 1422 1973 1453; x_wconf 88' lang='lat' dir='ltr'>silentium</span> <span class='ocrx_word' id='word_1_544' title='bbox 2002 1423 2226 1461; x_wconf 86' lang='lat' dir='ltr'>imponentes.</span> <span class='ocrx_word' id='word_1_545' title='bbox 2248 1422 2291 1453; x_wconf 81' lang='lat' dir='ltr'>Ut</span> 
     </span>
     <span class='ocr_line' id='line_1_76' title="bbox 1279 1475 2292 1515; baseline 0.002 -11"><span class='ocrx_word' id='word_1_546' title='bbox 1279 1477 1391 1505; x_wconf 85' lang='lat' dir='ltr'>autem</span> <span class='ocrx_word' id='word_1_547' title='bbox 1411 1475 1499 1505; x_wconf 85' lang='lat' dir='ltr'>idem</span> <span class='ocrx_word' id='word_1_548' title='bbox 1518 1476 1669 1511; x_wconf 81' lang='lat' dir='ltr'>Amator,</span> <span class='ocrx_word' id='word_1_549' title='bbox 1686 1475 1868 1505; x_wconf 88' lang='lat' dir='ltr'>canonicus</span> <span class='ocrx_word' id='word_1_550' title='bbox 1884 1476 2247 1515; x_wconf 78' lang='lat' dir='ltr'>Salamantinus,j11ris</span> <span class='ocrx_word' id='word_1_551' title='bbox 2259 1477 2292 1506; x_wconf 88' lang='lat' dir='ltr'>et</span> 
     </span>
     <span class='ocr_line' id='line_1_77' title="bbox 1280 1528 2290 1567; baseline 0.002 -10"><span class='ocrx_word' id='word_1_552' title='bbox 1280 1528 1440 1566; x_wconf 83' lang='lat' dir='ltr'>equitatis</span> <span class='ocrx_word' id='word_1_553' title='bbox 1451 1528 1599 1566; x_wconf 84' lang='lat' dir='ltr'>presidio</span> <span class='ocrx_word' id='word_1_554' title='bbox 1613 1536 1678 1558; x_wconf 91' lang='lat' dir='ltr'>non</span> <span class='ocrx_word' id='word_1_555' title='bbox 1690 1528 1852 1567; x_wconf 78' lang='lat' dir='ltr'>privetur,</span> <span class='ocrx_word' id='word_1_556' title='bbox 1863 1529 2058 1564; x_wconf 84' lang='lat' dir='ltr'>statuimus,</span> <span class='ocrx_word' id='word_1_557' title='bbox 2072 1528 2290 1565; x_wconf 87' lang='lat' dir='ltr'>arbitramur,</span> 
     </span>
     <span class='ocr_line' id='line_1_78' title="bbox 1276 1581 2292 1620; baseline 0.001 -9"><span class='ocrx_word' id='word_1_558' title='bbox 1276 1581 1480 1620; x_wconf 81' lang='lat' dir='ltr'>judicamus.</span> <span class='ocrx_word' id='word_1_559' title='bbox 1493 1581 1638 1611; x_wconf 77' lang='lat' dir='ltr'>dicimus</span> <span class='ocrx_word' id='word_1_560' title='bbox 1651 1583 1680 1611; x_wconf 87' lang='lat' dir='ltr'>et</span> <span class='ocrx_word' id='word_1_561' title='bbox 1699 1590 1758 1620; x_wconf 89' lang='lat' dir='ltr'>per</span> <span class='ocrx_word' id='word_1_562' title='bbox 1771 1583 1922 1612; x_wconf 89' lang='lat' dir='ltr'>nostram</span> <span class='ocrx_word' id='word_1_563' title='bbox 1941 1582 2143 1612; x_wconf 87' lang='lat' dir='ltr'>sententiam</span> <span class='ocrx_word' id='word_1_564' title='bbox 2161 1583 2193 1612; x_wconf 84' lang='lat' dir='ltr'>et</span> <span class='ocrx_word' id='word_1_565' title='bbox 2205 1581 2292 1612; x_wconf 87' lang='lat' dir='ltr'>arbi-</span> 
     </span>
     <span class='ocr_line' id='line_1_79' title="bbox 1280 1634 2294 1670; baseline 0.002 -7"><span class='ocrx_word' id='word_1_566' title='bbox 1280 1635 1383 1664; x_wconf 88' lang='lat' dir='ltr'>trium</span> <span class='ocrx_word' id='word_1_567' title='bbox 1395 1634 1591 1664; x_wconf 86' lang='lat' dir='ltr'>ordinamus</span> <span class='ocrx_word' id='word_1_568' title='bbox 1607 1636 1641 1665; x_wconf 92' lang='lat' dir='ltr'>ut</span> <span class='ocrx_word' id='word_1_569' title='bbox 1657 1635 1745 1665; x_wconf 87' lang='lat' dir='ltr'>idem</span> <span class='ocrx_word' id='word_1_570' title='bbox 1758 1635 1910 1670; x_wconf 79' lang='lat' dir='ltr'>Amator,</span> <span class='ocrx_word' id='word_1_571' title='bbox 1923 1635 2106 1665; x_wconf 87' lang='lat' dir='ltr'>canonicus</span> <span class='ocrx_word' id='word_1_572' title='bbox 2121 1635 2294 1666; x_wconf 79' lang='lat' dir='ltr'>Salaman-</span> 
     </span>
     <span class='ocr_line' id='line_1_80' title="bbox 1280 1687 2293 1724; baseline 0.001 -7"><span class='ocrx_word' id='word_1_573' title='bbox 1280 1688 1384 1724; x_wconf 86' lang='lat' dir='ltr'>tinus,</span> <span class='ocrx_word' id='word_1_574' title='bbox 1398 1687 1528 1717; x_wconf 83' lang='lat' dir='ltr'>fructus</span> <span class='ocrx_word' id='word_1_575' title='bbox 1540 1696 1657 1718; x_wconf 88' lang='lat' dir='ltr'>omnes</span> <span class='ocrx_word' id='word_1_576' title='bbox 1667 1696 1727 1718; x_wconf 88' lang='lat' dir='ltr'>seu</span> <span class='ocrx_word' id='word_1_577' title='bbox 1737 1687 1997 1718; x_wconf 85' lang='lat' dir='ltr'>distributiones</span> <span class='ocrx_word' id='word_1_578' title='bbox 2007 1688 2196 1719; x_wconf 87' lang='lat' dir='ltr'>cotidianas</span> <span class='ocrx_word' id='word_1_579' title='bbox 2206 1688 2293 1719; x_wconf 86' lang='lat' dir='ltr'>dicte</span> 
     </span>
     <span class='ocr_line' id='line_1_81' title="bbox 1281 1741 2293 1780; baseline 0.003 -11"><span class='ocrx_word' id='word_1_580' title='bbox 1281 1741 1449 1780; x_wconf 86' lang='lat' dir='ltr'>prehende</span> <span class='ocrx_word' id='word_1_581' title='bbox 1463 1741 1543 1771; x_wconf 88' lang='lat' dir='ltr'>olim</span> <span class='ocrx_word' id='word_1_582' title='bbox 1560 1741 1641 1771; x_wconf 84' lang='lat' dir='ltr'>dicti</span> <span class='ocrx_word' id='word_1_583' title='bbox 1652 1741 1800 1771; x_wconf 87' lang='lat' dir='ltr'>cantoris</span> <span class='ocrx_word' id='word_1_584' title='bbox 1812 1741 2037 1772; x_wconf 79' lang='lat' dir='ltr'>Salamantini</span> <span class='ocrx_word' id='word_1_585' title='bbox 2049 1741 2138 1772; x_wconf 88' lang='lat' dir='ltr'>dicto</span> <span class='ocrx_word' id='word_1_586' title='bbox 2149 1741 2293 1772; x_wconf 86' lang='lat' dir='ltr'>Martino</span> 
     </span>
     <span class='ocr_line' id='line_1_82' title="bbox 1282 1794 2294 1833; baseline 0 -9"><span class='ocrx_word' id='word_1_587' title='bbox 1282 1795 1481 1833; x_wconf 77' lang='lat' dir='ltr'>adjudicate,</span> <span class='ocrx_word' id='word_1_588' title='bbox 1500 1794 1650 1832; x_wconf 79' lang='lat' dir='ltr'>exceptis</span> <span class='ocrx_word' id='word_1_589' title='bbox 1666 1794 1899 1832; x_wconf 87' lang='lat' dir='ltr'>prestimoniis</span> <span class='ocrx_word' id='word_1_590' title='bbox 1915 1796 1945 1824; x_wconf 91' lang='lat' dir='ltr'>et</span> <span class='ocrx_word' id='word_1_591' title='bbox 1960 1794 2127 1825; x_wconf 85' lang='lat' dir='ltr'>fructibus</span> <span class='ocrx_word' id='word_1_592' title='bbox 2140 1794 2294 1825; x_wconf 87' lang='lat' dir='ltr'>vestiarii</span> 
     </span>
     <span class='ocr_line' id='line_1_83' title="bbox 1281 1847 2293 1887; baseline 0 -9"><span class='ocrx_word' id='word_1_593' title='bbox 1281 1848 1511 1879; x_wconf 79' lang='lat' dir='ltr'>Salamautine</span> <span class='ocrx_word' id='word_1_594' title='bbox 1536 1847 1677 1877; x_wconf 74' lang='lat' dir='ltr'>ecclesie</span> <span class='ocrx_word' id='word_1_595' title='bbox 1701 1847 1741 1877; x_wconf 86' lang='lat' dir='ltr'>ad</span> <span class='ocrx_word' id='word_1_596' title='bbox 1759 1847 1964 1885; x_wconf 85' lang='lat' dir='ltr'>prebendam</span> <span class='ocrx_word' id='word_1_597' title='bbox 1982 1848 2092 1886; x_wconf 87' lang='lat' dir='ltr'>ipsam</span> <span class='ocrx_word' id='word_1_598' title='bbox 2110 1848 2293 1887; x_wconf 86' lang='lat' dir='ltr'>spectanti-</span> 
     </span>
     <span class='ocr_line' id='line_1_84' title="bbox 1282 1900 2294 1939; baseline 0.002 -9"><span class='ocrx_word' id='word_1_599' title='bbox 1282 1901 1357 1936; x_wconf 81' lang='lat' dir='ltr'>bus,</span> <span class='ocrx_word' id='word_1_600' title='bbox 1377 1901 1507 1930; x_wconf 81' lang='lat' dir='ltr'>tamdiu</span> <span class='ocrx_word' id='word_1_601' title='bbox 1522 1901 1673 1931; x_wconf 87' lang='lat' dir='ltr'>totaliter</span> <span class='ocrx_word' id='word_1_602' title='bbox 1691 1909 1823 1931; x_wconf 74' lang='lat' dir='ltr'>exnunc</span> <span class='ocrx_word' id='word_1_603' title='bbox 1840 1901 1974 1931; x_wconf 88' lang='lat' dir='ltr'>inantea</span> <span class='ocrx_word' id='word_1_604' title='bbox 1989 1900 2153 1939; x_wconf 87' lang='lat' dir='ltr'>percipiat</span> <span class='ocrx_word' id='word_1_605' title='bbox 2171 1902 2202 1931; x_wconf 86' lang='lat' dir='ltr'>et</span> <span class='ocrx_word' id='word_1_606' title='bbox 2221 1909 2294 1939; x_wconf 86' lang='lat' dir='ltr'>per-</span> 
     </span>
     <span class='ocr_line' id='line_1_85' title="bbox 1282 1953 2293 1992; baseline 0.001 -9"><span class='ocrx_word' id='word_1_607' title='bbox 1282 1956 1391 1992; x_wconf 80' lang='lat' dir='ltr'>cipere</span> <span class='ocrx_word' id='word_1_608' title='bbox 1410 1953 1542 1987; x_wconf 74' lang='lat' dir='ltr'>‹lebeat-</span> <span class='ocrx_word' id='word_1_609' title='bbox 1565 1954 1669 1983; x_wconf 83' lang='grc'>(1111100</span> <span class='ocrx_word' id='word_1_610' title='bbox 1690 1953 1896 1992; x_wconf 85' lang='lat' dir='ltr'>prebendam</span> <span class='ocrx_word' id='word_1_611' title='bbox 1914 1954 2024 1992; x_wconf 90' lang='lat' dir='ltr'>primo</span> <span class='ocrx_word' id='word_1_612' title='bbox 2042 1954 2075 1983; x_wconf 95' lang='lat' dir='ltr'>in</span> <span class='ocrx_word' id='word_1_613' title='bbox 2095 1953 2183 1984; x_wconf 87' lang='lat' dir='ltr'>dicta</span> <span class='ocrx_word' id='word_1_614' title='bbox 2202 1953 2293 1984; x_wconf 83' lang='lat' dir='ltr'>Sala-</span> 
     </span>
     <span class='ocr_line' id='line_1_86' title="bbox 1282 2006 2295 2045; baseline 0 -9"><span class='ocrx_word' id='word_1_615' title='bbox 1282 2007 1433 2036; x_wconf 87' lang='lat' dir='ltr'>mantina</span> <span class='ocrx_word' id='word_1_616' title='bbox 1446 2006 1588 2035; x_wconf 79' lang='lat' dir='ltr'>ecclesia</span> <span class='ocrx_word' id='word_1_617' title='bbox 1602 2008 1795 2036; x_wconf 72' lang='lat' dir='ltr'>vacaturam</span> <span class='ocrx_word' id='word_1_618' title='bbox 1812 2006 1902 2036; x_wconf 84' lang='lat' dir='ltr'>idem</span> <span class='ocrx_word' id='word_1_619' title='bbox 1915 2008 2056 2037; x_wconf 77' lang='lat' dir='ltr'>Amator</span> <span class='ocrx_word' id='word_1_620' title='bbox 2071 2006 2210 2045; x_wconf 84' lang='lat' dir='ltr'>pacifice</span> <span class='ocrx_word' id='word_1_621' title='bbox 2224 2006 2295 2036; x_wconf 86' lang='lat' dir='ltr'>fue-</span> 
     </span>
     <span class='ocr_line' id='line_1_87' title="bbox 1283 2059 2293 2098; baseline 0 -9"><span class='ocrx_word' id='word_1_622' title='bbox 1283 2060 1323 2089; x_wconf 86' lang='lat' dir='ltr'>rit</span> <span class='ocrx_word' id='word_1_623' title='bbox 1353 2061 1542 2094; x_wconf 79' lang='lat' dir='ltr'>assecutus,</span> <span class='ocrx_word' id='word_1_624' title='bbox 1571 2068 1671 2098; x_wconf 87' lang='lat' dir='ltr'>quam</span> <span class='ocrx_word' id='word_1_625' title='bbox 1696 2059 1902 2098; x_wconf 84' lang='lat' dir='ltr'>prebendam</span> <span class='ocrx_word' id='word_1_626' title='bbox 1929 2059 2057 2089; x_wconf 89' lang='lat' dir='ltr'>dietum</span> <span class='ocrx_word' id='word_1_627' title='bbox 2083 2060 2293 2095; x_wconf 86' lang='lat' dir='ltr'>Amatorem,</span> 
     </span>
     <span class='ocr_line' id='line_1_88' title="bbox 1283 2112 2295 2151; baseline 0 -9"><span class='ocrx_word' id='word_1_628' title='bbox 1283 2112 1481 2142; x_wconf 83' lang='lat' dir='ltr'>canonicum</span> <span class='ocrx_word' id='word_1_629' title='bbox 1500 2112 1782 2148; x_wconf 60' lang='lat' dir='ltr'>salannantinuni,</span> <span class='ocrx_word' id='word_1_630' title='bbox 1809 2113 2008 2143; x_wconf 89' lang='lat' dir='ltr'>auctoritate</span> <span class='ocrx_word' id='word_1_631' title='bbox 2030 2112 2217 2151; x_wconf 80' lang='lat' dir='ltr'>apostolica</span> <span class='ocrx_word' id='word_1_632' title='bbox 2236 2120 2295 2142; x_wconf 85' lang='lat'>110-</span> 
     </span>
     <span class='ocr_line' id='line_1_89' title="bbox 1282 2165 2295 2203; baseline 0 -9"><span class='ocrx_word' id='word_1_633' title='bbox 1282 2165 1347 2196; x_wconf 75' lang='grc'>1115,</span> <span class='ocrx_word' id='word_1_634' title='bbox 1365 2167 1398 2194; x_wconf 86' lang='lat' dir='ltr'>ut</span> <span class='ocrx_word' id='word_1_635' title='bbox 1419 2165 1545 2194; x_wconf 79' lang='grc'>1110111111</span> <span class='ocrx_word' id='word_1_636' title='bbox 1565 2167 1627 2201; x_wconf 71' lang='lat' dir='ltr'>est,</span> <span class='ocrx_word' id='word_1_637' title='bbox 1648 2165 1679 2194; x_wconf 89' lang='lat' dir='ltr'>iu</span> <span class='ocrx_word' id='word_1_638' title='bbox 1696 2165 1754 2195; x_wconf 87' lang='lat' dir='ltr'>hac</span> <span class='ocrx_word' id='word_1_639' title='bbox 1771 2168 1864 2203; x_wconf 85' lang='lat' dir='ltr'>parte</span> <span class='ocrx_word' id='word_1_640' title='bbox 1882 2174 2054 2199; x_wconf 81' lang='lat' dir='ltr'>concessa,</span> <span class='ocrx_word' id='word_1_641' title='bbox 2071 2173 2203 2195; x_wconf 84' lang='lat' dir='ltr'>exnunc</span> <span class='ocrx_word' id='word_1_642' title='bbox 2222 2165 2295 2195; x_wconf 73' lang='lat' dir='ltr'>sen-</span> 
     </span>
     <span class='ocr_line' id='line_1_90' title="bbox 1281 2218 2291 2254; baseline 0 -7"><span class='ocrx_word' id='word_1_643' title='bbox 1281 2218 1467 2248; x_wconf 85' lang='lat' dir='ltr'>tentialiter</span> <span class='ocrx_word' id='word_1_644' title='bbox 1494 2218 1706 2247; x_wconf 79' lang='lat' dir='ltr'>decernimus</span> <span class='ocrx_word' id='word_1_645' title='bbox 1726 2218 1931 2254; x_wconf 83' lang='lat' dir='ltr'>habiturum,</span> <span class='ocrx_word' id='word_1_646' title='bbox 1957 2221 1987 2248; x_wconf 90' lang='lat' dir='ltr'>et</span> <span class='ocrx_word' id='word_1_647' title='bbox 2014 2226 2229 2248; x_wconf 82' lang='lat' dir='ltr'>reservamus</span> <span class='ocrx_word' id='word_1_648' title='bbox 2246 2218 2291 2248; x_wconf 86' lang='lat' dir='ltr'>ei-</span> 
     </span>
    </p>
   </div>
   <div class='ocr_carea' id='block_1_17' title="bbox 1249 2267 2296 2362">
    <p class='ocr_par' dir='ltr' id='par_1_19' title="bbox 1249 2267 2296 2362">
     <span class='ocr_line' id='line_1_91' title="bbox 1249 2267 2295 2309; baseline 0.001 -10"><span class='ocrx_word' id='word_1_649' title='bbox 1249 2267 1250 2277; x_wconf 62' lang='lat'><em>*</em></span> <span class='ocrx_word' id='word_1_650' title='bbox 1282 2271 1370 2305; x_wconf 83' lang='lat' dir='ltr'>dem,</span> <span class='ocrx_word' id='word_1_651' title='bbox 1390 2279 1465 2300; x_wconf 91' lang='lat' dir='ltr'>cum</span> <span class='ocrx_word' id='word_1_652' title='bbox 1484 2270 1662 2303; x_wconf 77' lang='lat' dir='ltr'>vacaverit.</span> <span class='ocrx_word' id='word_1_653' title='bbox 1681 2270 1929 2305; x_wconf 74' lang='lat' dir='ltr'>conserendam,</span> <span class='ocrx_word' id='word_1_654' title='bbox 1948 2278 2012 2300; x_wconf 90' lang='lat' dir='ltr'>non</span> <span class='ocrx_word' id='word_1_655' title='bbox 2031 2270 2185 2301; x_wconf 84' lang='lat' dir='ltr'>obstante</span> <span class='ocrx_word' id='word_1_656' title='bbox 2204 2270 2295 2309; x_wconf 84' lang='lat' dir='ltr'>quod</span> 
     </span>
     <span class='ocr_line' id='line_1_92' title="bbox 1249 2323 2296 2362; baseline -0.001 -9"><span class='ocrx_word' id='word_1_657' title='bbox 1249 2328 1250 2335; x_wconf 65' lang='lat'>¹</span> <span class='ocrx_word' id='word_1_658' title='bbox 1283 2325 1410 2362; x_wconf 84' lang='lat' dir='ltr'>plures,</span> <span class='ocrx_word' id='word_1_659' title='bbox 1424 2324 1459 2353; x_wconf 85' lang='lat' dir='ltr'>ut</span> <span class='ocrx_word' id='word_1_660' title='bbox 1476 2323 1611 2357; x_wconf 86' lang='lat' dir='ltr'>dicitur,</span> <span class='ocrx_word' id='word_1_661' title='bbox 1628 2325 1703 2361; x_wconf 80' lang='lat' dir='ltr'>post</span> <span class='ocrx_word' id='word_1_662' title='bbox 1722 2324 1916 2353; x_wconf 81' lang='lat' dir='ltr'>Amatorem</span> <span class='ocrx_word' id='word_1_663' title='bbox 1928 2323 2117 2361; x_wconf 80' lang='lat' dir='ltr'>predictum</span> <span class='ocrx_word' id='word_1_664' title='bbox 2131 2323 2165 2352; x_wconf 92' lang='lat' dir='ltr'>in</span> <span class='ocrx_word' id='word_1_665' title='bbox 2177 2323 2296 2353; x_wconf 85' lang='lat' dir='ltr'>eadem</span> 
     </span>
    </p>
   </div>
   <div class='ocr_carea' id='block_1_18' title="bbox 1283 2375 2296 2575">
    <p class='ocr_par' dir='ltr' id='par_1_20' title="bbox 1283 2375 2296 2575">
     <span class='ocr_line' id='line_1_93' title="bbox 1283 2375 2296 2414; baseline -0.002 -7"><span class='ocrx_word' id='word_1_666' title='bbox 1283 2377 1514 2407; x_wconf 71' lang='lat' dir='ltr'>Salamantina</span> <span class='ocrx_word' id='word_1_667' title='bbox 1539 2376 1679 2406; x_wconf 83' lang='lat' dir='ltr'>ecclesia</span> <span class='ocrx_word' id='word_1_668' title='bbox 1698 2376 1730 2406; x_wconf 93' lang='lat' dir='ltr'>in</span> <span class='ocrx_word' id='word_1_669' title='bbox 1757 2376 1936 2406; x_wconf 86' lang='lat' dir='ltr'>canonicos</span> <span class='ocrx_word' id='word_1_670' title='bbox 1961 2377 2037 2405; x_wconf 87' lang='lat' dir='ltr'>sunt</span> <span class='ocrx_word' id='word_1_671' title='bbox 2064 2375 2202 2414; x_wconf 76' lang='lat' dir='ltr'>recepti,</span> <span class='ocrx_word' id='word_1_672' title='bbox 2221 2384 2296 2414; x_wconf 86' lang='lat' dir='ltr'>pre-</span> 
     </span>
     <span class='ocr_line' id='line_1_94' title="bbox 1283 2428 2295 2468; baseline 0 -9"><span class='ocrx_word' id='word_1_673' title='bbox 1283 2430 1407 2460; x_wconf 83' lang='lat' dir='ltr'>bendas</span> <span class='ocrx_word' id='word_1_674' title='bbox 1432 2433 1648 2468; x_wconf 67' lang='lat' dir='ltr'>expectantes</span> <span class='ocrx_word' id='word_1_675' title='bbox 1676 2429 1759 2459; x_wconf 84' lang='lat' dir='ltr'>inibi</span> <span class='ocrx_word' id='word_1_676' title='bbox 1790 2432 1979 2464; x_wconf 81' lang='lat' dir='ltr'>vacaturas,</span> <span class='ocrx_word' id='word_1_677' title='bbox 2001 2428 2054 2459; x_wconf 89' lang='lat' dir='ltr'>vel</span> <span class='ocrx_word' id='word_1_678' title='bbox 2076 2428 2164 2468; x_wconf 81' lang='lat' dir='ltr'>quod</span> <span class='ocrx_word' id='word_1_679' title='bbox 2188 2428 2295 2468; x_wconf 85' lang='lat' dir='ltr'>aliqui</span> 
     </span>
     <span class='ocr_line' id='line_1_95' title="bbox 1284 2481 2294 2521; baseline -0.001 -8"><span class='ocrx_word' id='word_1_680' title='bbox 1284 2486 1316 2513; x_wconf 89' lang='lat' dir='ltr'>ut</span> <span class='ocrx_word' id='word_1_681' title='bbox 1346 2483 1551 2521; x_wconf 85' lang='lat' dir='ltr'>recipiantur</span> <span class='ocrx_word' id='word_1_682' title='bbox 1582 2482 1755 2519; x_wconf 80' lang='lat' dir='ltr'>iusistunt,</span> <span class='ocrx_word' id='word_1_683' title='bbox 1776 2481 1900 2521; x_wconf 77' lang='lat' dir='ltr'>quihus</span> <span class='ocrx_word' id='word_1_684' title='bbox 1921 2482 2064 2513; x_wconf 83' lang='lat' dir='ltr'>eundem</span> <span class='ocrx_word' id='word_1_685' title='bbox 2084 2483 2294 2518; x_wconf 78' lang='lat' dir='ltr'>Amatorem,</span> 
     </span>
     <span class='ocr_line' id='line_1_96' title="bbox 1284 2535 2293 2575; baseline -0.001 -9"><span class='ocrx_word' id='word_1_686' title='bbox 1284 2538 1381 2575; x_wconf 88' lang='lat' dir='ltr'>prout</span> <span class='ocrx_word' id='word_1_687' title='bbox 1395 2536 1495 2566; x_wconf 87' lang='lat' dir='ltr'>etiam</span> <span class='ocrx_word' id='word_1_688' title='bbox 1516 2536 1596 2565; x_wconf 86' lang='lat' dir='ltr'>ordo</span> <span class='ocrx_word' id='word_1_689' title='bbox 1611 2544 1670 2565; x_wconf 87' lang='lat' dir='ltr'>sue</span> <span class='ocrx_word' id='word_1_690' title='bbox 1683 2536 1884 2574; x_wconf 83' lang='lat' dir='ltr'>receptionis</span> <span class='ocrx_word' id='word_1_691' title='bbox 1901 2535 2017 2574; x_wconf 75' lang='lat' dir='ltr'>exigit,</span> <span class='ocrx_word' id='word_1_692' title='bbox 2033 2535 2065 2564; x_wconf 89' lang='lat' dir='ltr'>in</span> <span class='ocrx_word' id='word_1_693' title='bbox 2079 2535 2293 2566; x_wconf 84' lang='lat' dir='ltr'>assecutione</span> 
     </span>
    </p>
   </div>
   <div class='ocr_carea' id='block_1_19' title="bbox 1285 2642 2296 2681">
    <p class='ocr_par' dir='ltr' id='par_1_21' title="bbox 1285 2642 2296 2681">
     <span class='ocr_line' id='line_1_97' title="bbox 1285 2642 2296 2681; baseline -0.002 -8"><span class='ocrx_word' id='word_1_694' title='bbox 1285 2643 1481 2679; x_wconf 73' lang='lat' dir='ltr'>lamantina,</span> <span class='ocrx_word' id='word_1_695' title='bbox 1506 2643 1703 2673; x_wconf 86' lang='lat' dir='ltr'>auctoritate</span> <span class='ocrx_word' id='word_1_696' title='bbox 1727 2642 1876 2681; x_wconf 83' lang='lat' dir='ltr'>predicta</span> <span class='ocrx_word' id='word_1_697' title='bbox 1898 2642 2112 2672; x_wconf 79' lang='lat' dir='ltr'>decernimus</span> <span class='ocrx_word' id='word_1_698' title='bbox 2128 2642 2296 2680; x_wconf 84' lang='lat' dir='ltr'>preferen-</span> 
     </span>
    </p>
   </div>
   <div class='ocr_carea' id='block_1_20' title="bbox 1253 2694 2295 2734">
    <p class='ocr_par' dir='ltr' id='par_1_22' title="bbox 1253 2694 2295 2734">
     <span class='ocr_line' id='line_1_98' title="bbox 1253 2694 2295 2734; baseline -0.002 -8"><span class='ocrx_word' id='word_1_699' title='bbox 1253 2694 1254 2697; x_wconf 73' lang='grc'>’</span> <span class='ocrx_word' id='word_1_700' title='bbox 1284 2697 1375 2730; x_wconf 88' lang='lat' dir='ltr'>dum,</span> <span class='ocrx_word' id='word_1_701' title='bbox 1394 2699 1424 2727; x_wconf 89' lang='lat' dir='ltr'>et</span> <span class='ocrx_word' id='word_1_702' title='bbox 1445 2697 1494 2726; x_wconf 80' lang='lat' dir='ltr'>eis</span> <span class='ocrx_word' id='word_1_703' title='bbox 1513 2697 1622 2734; x_wconf 73' lang='lat' dir='ltr'>quoad</span> <span class='ocrx_word' id='word_1_704' title='bbox 1640 2696 1725 2726; x_wconf 84' lang='lat' dir='ltr'>alias</span> <span class='ocrx_word' id='word_1_705' title='bbox 1747 2695 1877 2725; x_wconf 88' lang='lat' dir='ltr'>nullum</span> <span class='ocrx_word' id='word_1_706' title='bbox 1896 2704 1955 2734; x_wconf 85' lang='lat' dir='ltr'>per</span> <span class='ocrx_word' id='word_1_707' title='bbox 1983 2694 2044 2725; x_wconf 82' lang='lat' dir='ltr'>hoe</span> <span class='ocrx_word' id='word_1_708' title='bbox 2068 2694 2295 2733; x_wconf 82' lang='lat' dir='ltr'>prejudicium</span> 
     </span>
    </p>
   </div>
   <div class='ocr_carea' id='block_1_21' title="bbox 1285 2747 2298 2841">
    <p class='ocr_par' dir='ltr' id='par_1_23' title="bbox 1285 2747 2298 2841">
     <span class='ocr_line' id='line_1_99' title="bbox 1285 2747 2298 2789; baseline -0.002 -10"><span class='ocrx_word' id='word_1_709' title='bbox 1285 2750 1451 2789; x_wconf 80' lang='lat' dir='ltr'>generari.</span> <span class='ocrx_word' id='word_1_710' title='bbox 1483 2750 1701 2779; x_wconf 60' lang='lat' dir='ltr'>‹let-cruentes</span> <span class='ocrx_word' id='word_1_711' title='bbox 1725 2748 1967 2778; x_wconf 81' lang='lat' dir='ltr'>nichilominus</span> <span class='ocrx_word' id='word_1_712' title='bbox 1995 2747 2194 2778; x_wconf 83' lang='lat' dir='ltr'>auctoritate</span> <span class='ocrx_word' id='word_1_713' title='bbox 2224 2755 2298 2786; x_wconf 86' lang='lat' dir='ltr'>pre-</span> 
     </span>
     <span class='ocr_line' id='line_1_100' title="bbox 1285 2800 2297 2841; baseline 0 -10"><span class='ocrx_word' id='word_1_714' title='bbox 1285 2803 1370 2833; x_wconf 84' lang='lat' dir='ltr'>dicta</span> <span class='ocrx_word' id='word_1_715' title='bbox 1386 2803 1520 2832; x_wconf 88' lang='lat' dir='ltr'>irritum</span> <span class='ocrx_word' id='word_1_716' title='bbox 1539 2806 1568 2832; x_wconf 78' lang='lat' dir='ltr'>et</span> <span class='ocrx_word' id='word_1_717' title='bbox 1586 2803 1684 2832; x_wconf 84' lang='lat' dir='ltr'>inane</span> <span class='ocrx_word' id='word_1_718' title='bbox 1697 2801 1859 2841; x_wconf 79' lang='lat' dir='ltr'>quicquid</span> <span class='ocrx_word' id='word_1_719' title='bbox 1873 2804 1991 2831; x_wconf 86' lang='lat' dir='ltr'>contra</span> <span class='ocrx_word' id='word_1_720' title='bbox 2004 2800 2199 2839; x_wconf 84' lang='lat' dir='ltr'>hujusmodi</span> <span class='ocrx_word' id='word_1_721' title='bbox 2210 2801 2297 2831; x_wconf 87' lang='lat' dir='ltr'>ordi-</span> 
     </span>
    </p>
   </div>
   <div class='ocr_carea' id='block_1_22' title="bbox 1254 2853 2296 2948">
    <p class='ocr_par' dir='ltr' id='par_1_24' title="bbox 1254 2853 2296 2948">
     <span class='ocr_line' id='line_1_101' title="bbox 1254 2853 2296 2894; baseline -0.003 -7"><span class='ocrx_word' id='word_1_722' title='bbox 1254 2855 1255 2867; x_wconf 58' lang='lat'>*</span> <span class='ocrx_word' id='word_1_723' title='bbox 1286 2857 1456 2887; x_wconf 82' lang='lat' dir='ltr'>nationem</span> <span class='ocrx_word' id='word_1_724' title='bbox 1481 2858 1630 2886; x_wconf 81' lang='lat' dir='ltr'>nostram</span> <span class='ocrx_word' id='word_1_725' title='bbox 1650 2855 1826 2894; x_wconf 79' lang='lat' dir='ltr'>contigerit</span> <span class='ocrx_word' id='word_1_726' title='bbox 1845 2853 2050 2892; x_wconf 84' lang='lat' dir='ltr'>attemptari.</span> <span class='ocrx_word' id='word_1_727' title='bbox 2070 2853 2164 2883; x_wconf 82' lang='lat' dir='ltr'>Hanc</span> <span class='ocrx_word' id='word_1_728' title='bbox 2183 2855 2296 2884; x_wconf 89' lang='lat' dir='ltr'>autem</span> 
     </span>
     <span class='ocr_line' id='line_1_102' title="bbox 1256 2905 2296 2948; baseline -0.003 -9"><span class='ocrx_word' id='word_1_729' title='bbox 1256 2915 1257 2918; x_wconf 77' lang='grc'>’</span> <span class='ocrx_word' id='word_1_730' title='bbox 1288 2910 1491 2941; x_wconf 85' lang='lat' dir='ltr'>sententiam</span> <span class='ocrx_word' id='word_1_731' title='bbox 1523 2911 1552 2939; x_wconf 84' lang='lat' dir='ltr'>et</span> <span class='ocrx_word' id='word_1_732' title='bbox 1590 2908 1784 2948; x_wconf 84' lang='lat' dir='ltr'>hujusmodi</span> <span class='ocrx_word' id='word_1_733' title='bbox 1817 2906 1995 2938; x_wconf 81' lang='lat' dir='ltr'>arbitrium</span> <span class='ocrx_word' id='word_1_734' title='bbox 2031 2907 2184 2936; x_wconf 87' lang='lat' dir='ltr'>nostrum</span> <span class='ocrx_word' id='word_1_735' title='bbox 2215 2905 2296 2937; x_wconf 86' lang='lat' dir='ltr'>dicti</span> 
     </span>
    </p>
   </div>
  </div>
 </body>
</html>
