2519 3262
1065 191 1305 229 TROISIEME
1334 189 1499 228 ANNEE.

238 282 407 309 beneficium
435 283 667 310 ecclesiasticum
693 285 835 314 assecuto,
864 283 899 308 dc
926 281 1022 315 aliquo
1048 280 1188 307 beneficio
1216 281 1253 306 ad

238 332 501 366 praesentationem
518 332 630 359 abbatis
644 334 672 358 et
690 334 845 358 conventus
865 329 1035 357 monasterii
1049 338 1072 355 s.
1093 329 1198 356 Mariae
1215 329 1249 354 de

239 380 365 415 Syriaco,
393 380 689 408 Praemonstratcnsis
716 380 837 414 ordinis,
854 380 882 406 in
911 378 1019 406 diocesi
1048 377 1250 409 Ambianensi,

239 432 386 464 spectante
402 429 560 464 provideat.
581 431 658 463 (Rus.
678 430 723 460 29,ν
742 429 790 455 sol.
814 429 873 459 143,
899 436 933 453 no
949 428 1026 459 554.)
1046 427 1054 444 ¹

282 549 296 564 «
320 537 476 577 Episcopo
495 536 704 567 Ambianensz'.
727 535 940 566 Constitutus
957 534 990 563 in
1010 533 1182 572 presentia
1200 549 1250 562 —-.

241 591 366 620 Datum
383 590 472 628 apud
486 589 774 622 Urbemveterem,
791 597 810 616 v
826 587 990 617 kalendas
1007 586 1137 625 aprilis,
1164 594 1251 616 anno

240 643 352 674 tertio.
375 653 389 672 η

334 814 431 845 «1505

805 810 930 841 Orvicto,
949 810 994 836 ‘ler
1012 810 1084 836 avril
1104 810 1180 837 1264.

278 897 416 931 Episcopo
433 895 668 930 Foropopuliensi
689 895 807 922 mandat
826 897 855 922 ut
873 895 902 922 in
920 895 1040 922 ecclesia
1060 904 1082 922 s.
1106 896 1255 923 Trinitatis

242 947 275 973 de
295 945 475 978 Bretonorio,
492 937 744 979 Foropopulicnsis
765 944 899 975 diocesis,
914 945 948 972 ab
965 944 1084 979 antiquo
1100 953 1116 971 a
1134 947 1256 979 quatuor

242 993 354 1021 clericis
372 993 510 1021 deserviri
531 992 626 1026 solita,
648 995 677 1019 ct
694 993 723 1019 in
741 1001 796 1026 qua
820 1001 891 1019 unus
912 996 1026 1020 tantum
1047 993 1168 1020 clericus
1187 995 1255 1020 tunc

241 1043 351 1077 existit,
371 1042 544 1077 [Iugolinum
563 1041 752 1069 Rambertelli
772 1041 937 1076 diaconum,
956 1042 1069 1069 nullum
1083 1042 1255 1069 beneficium

241 1092 470 1119 ecclesiasticum
485 1091 577 1118 adhuc
597 1094 774 1122 assecutum,
795 1092 913 1119 obtentu
930 1092 1099 1119 Malatestae
1116 1093 1149 1119 de
1165 1092 1256 1118 VeruM

241 1142 296 1173 clo,
310 1140 339 1167 in
355 1141 492 1168 clericum
510 1140 598 1175 recipi
616 1140 715 1168 faciat.
737 1141 814 1175 (Res.
829 1142 874 1172 29,
895 1140 945 1168 fol.
964 1141 1029 1173 143,
1045 1147 1075 1168 11⁰
1091 1143 1165 1173 555.)

284 1258 298 1276 l(
313 1247 471 1287 Episcopo
487 1246 758 1287 Foropopuliensi.
777 1246 986 1285 Significavit
1000 1246 1098 1277 nobis
1112 1247 1256 1278 dilectus

245 1318 291 1330 -.
304 1301 429 1331 Datum
442 1301 531 1339 apud
542 1300 833 1337 Urbemveterem,
851 1300 1008 1330 kalendis
1023 1300 1154 1339 aprilis
1170 1310 1256 1332 aimo

244 1354 356 1385 tertio.
380 1366 394 1381 »

338 1530 435 1561 1506

817 1529 941 1563 Orvieto,
958 1530 992 1556 23
1011 1537 1089 1556 mars
1108 1530 1187 1558 1204.

281 1614 394 1640 Decano
407 1613 546 1640 ecclesiae
557 1621 581 1639 s.
596 1613 682 1640 Blasii
698 1613 725 1639 in
741 1614 914 1643 Bruncswic,
929 1614 1153 1641 Hildesemensis
1169 1615 1261 1642 dioce-

247 1663 296 1695 sis,
308 1663 427 1689 mandat
438 1665 467 1689 ut
480 1663 637 1690 Gerardum
651 1663 684 1689 de
697 1662 864 1697 Niemborg,
880 1662 990 1690 nullum
1005 1663 1096 1690 adhuc
1111 1664 1263 1691 ccclesias-

245 1711 336 1738 ticum
352 1711 523 1738 beneficium
539 1714 717 1742 assecutum,
739 1711 767 1737 in
785 1711 906 1739 ecclesia
926 1712 1073 1740 lfflccensi.
1097 1713 1262 1740 Bremcnsis

246 1760 379 1791 diocesis,
398 1760 426 1786 in
443 1759 614 1787 canonicum
631 1760 719 1795 recipi
737 1760 833 1787 faciat.
849 1761 926 1794 (Rea.
944 1760 991 1787 fol.
1010 1761 1069 1791 143,
1087 1767 1124 1794 νῦ,
1142 1768 1174 1788 11Ο
1188 1762 1262 1797 5513.)

289 1876 306 1896 ((
327 1865 448 1895 Decano
466 1865 587 1895 ecclesie
610 1876 633 1895 s.
656 1866 753 1896 Blasii
771 1867 801 1896 in
823 1866 1011 1903 Bruneswic,
1029 1866 1262 1897 Hildesemensis

251 1918 386 1949 diocesis.
413 1919 624 1959 SIgnificavit
649 1919 748 1950 nobis
773 1920 917 1950 dilectus
945 1938 994 1950 —.
1025 1921 1151 1950 Datum
1175 1921 1263 1960 apud

251 1971 541 2006 Urbemveterem,
559 1982 580 2002 x
596 1973 760 2003 kalendas
779 1973 911 2011 aprilis,
931 1982 1018 2004 anno
1037 1974 1149 2004 tertio.
1167 1986 1183 2002 »

346 2150 440 2182 1507

850 2149 975 2181 Orvieto,
993 2150 1009 2177 4
1024 2150 1097 2177 avril
1115 2151 1193 2178 1264.

290 2233 427 2268 Episcopo
445 2234 645 2261 Terracinensi
663 2235 782 2261 mandat
800 2237 840 2262 ut,
860 2235 978 2262 obtentu
993 2236 1030 2269 J.,
1045 2244 1084 2263 ss.
1103 2236 1224 2262 Cosmae
1239 2239 1268 2264 et

255 2282 385 2309 Damiani
406 2282 518 2309 diaconi
536 2283 705 2315 cardinalis,
725 2283 842 2310 Petrum
866 2283 1003 2311 clericum
1022 2287 1122 2311 natum
1142 2285 1267 2319 ilenrici,

253 2330 321 2357 dicti
340 2331 498 2364 Scriniarz'i,
514 2332 548 2358 de
564 2332 700 2367 Pipemo,
718 2332 746 2358 in
763 2332 859 2367 aliqua
875 2333 996 2360 ecclesia
1012 2333 1192 2367 pipernensi,
1209 2342 1268 2361 ma-

251 2377 306 2414 jori
326 2379 466 2406 duntaxat
483 2383 612 2415 excepta,
630 2381 658 2407 in
675 2381 812 2408 clericum
830 2381 918 2416 recipi
937 2382 1023 2409 faciat
1039 2382 1120 2416 eique
1136 2383 1169 2409 de
1187 2383 1270 2410 bene-

257 2427 318 2454 ticio
336 2428 494 2462 provideat.
511 2429 590 2463 (Rae.
609 2430 655 2463 29,
671 2430 721 2457 sol.
742 2430 790 2458 143
805 2436 840 2462 v⁰,
856 2435 887 2457 11ο
901 2432 978 2465 557.)

297 2542 314 2563 «
339 2532 496 2572 Episcopo
518 2533 734 2564 Tarracinensi
762 2535 847 2573 (sic).
875 2535 1039 2566 Volentes
1056 2535 1195 2566 obtentu
1220 2536 1271 2566 di-

256 2587 335 2617 lecti
353 2605 399 2617 -.
418 2587 543 2617 Datum
561 2588 650 2626 apud
662 2588 952 2625 Urbemveterem,
973 2598 995 2619 11
1013 2598 1118 2620 nonas
1137 2590 1271 2628 aprilis,

261 2649 348 2671 anno
366 2639 480 2670 tertio.
502 2652 517 2667 η

290 2750 312 2773 1.
329 2749 372 2773 En
387 2755 483 2779 marge
498 2756 503 2771 :
518 2757 527 2770 ι
545 2748 587 2772 Ad
600 2748 754 2773 instantiam
766 2750 850 2780 fratri
864 2749 994 2781 Gaufredi
1009 2751 1164 2776 marescalci
1176 2752 1275 2776 domim*

257 2793 342 2817 nostri
357 2793 411 2824 fait
426 2799 555 2817 concessa.
570 2802 585 2816 »

388 2938 525 2966 URBAIN
548 2937 599 2970 IV,
623 2939 641 2964 t.
663 2936 719 2970 111,
740 2938 805 2971 Rea.
827 2938 887 2965 ord.

2263 199 2320 228 217

1403 281 1500 311 1508

1874 279 1998 312 Orvieto,
2021 280 2062 305 1⁰¹·
2080 280 2151 306 avril
2174 281 2247 307 1202.

1347 359 1531 386 Patriarchac
1541 358 1786 392 Jeroscdiudtano,
1799 359 1974 393 apostolicae
1991 359 2068 385 sedis
2082 360 2186 394 legato,
2205 362 2322 388 man-lat

1312 410 1343 435 ut
1359 407 1388 434 in
1406 408 1528 435 ecclesia
1548 409 1695 435 Nazarcna
1713 408 1868 435 Guidonem
1888 409 1922 434 dc
1945 408 2065 434 Palatlru
2087 416 2137 442 pro
2158 408 2251 442 priore
2273 409 2321 436 lia-

1311 457 1371 483 beri
1389 457 1486 484 faciat.
1506 458 1582 491 (Rae.
1598 458 1642 484 29.
1662 457 1711 484 fol.
1731 457 1778 484 113
1795 463 1832 490 w,
1851 463 1880 483 n‘⁷
1892 457 1966 491 558.)

1354 560 1368 578 «
1384 549 1830 583 Patrico-elieJerosolimitano‚
1842 549 2008 589 apostolice
2019 549 2096 578 sedis
2106 550 2218 588 (effato.
2233 550 2322 580 Olim

1313 603 1652 638 ecclesiaNazarena‚
1664 603 1794 633 ordinis
1805 612 1831 633 s.
1846 603 2039 641 Augustini,
2051 604 2187 632 vacante
2200 603 2322 641 priore,

1314 665 1376 686 nos
1400 656 1560 686 dilectum
1585 656 1693 686 filium
1717 656 1906 686 Guidonem
1931 656 1970 686 de
1995 655 2153 692 Paladru,
2173 656 2323 694 ejusdem

1315 709 1457 745 ordinis,
1472 709 1582 739 eidem
1599 709 1740 739 ecclesie
1758 709 1790 739 in
1803 709 1952 748 priorem
1966 709 2113 739 dicimur
2128 709 2322 747 prefecisse,

1315 771 1382 793 non
1399 762 1553 792 obstante
1572 762 1601 791 si
1617 761 1824 792 venerabilis
1842 762 1944 793 frater
1961 764 2088 797 noster,
2107 762 2326 800 archiepisco-

1316 824 1380 855 pus
1398 816 1608 851 Nazarenus,
1629 816 1779 845 creasset
1797 815 1924 845 ibidem
1942 815 2089 854 aliquem
2113 815 2146 844 in
2165 815 2324 853 priorem,

1317 869 1418 899 certis
1433 869 1542 899 eidem
1561 869 1708 899 Guidoni
1727 877 1827 907 super
1844 868 1905 898 hoc
1921 868 2160 899 executoribus
2174 877 2233 907 per
2253 877 2327 898 nos-

1317 923 1386 952 tras
1407 921 1539 952 litteras
1557 921 1738 960 deputatis.
1759 921 1844 951 Sane
1863 921 1965 951 frater
1986 922 2154 958 Sanctius7
2177 921 2327 959 ejusdem

1318 975 1459 1005 ecclesie
1476 975 1670 1009 canonicus,
1688 983 1844 1005 asserens
1858 975 1947 1013 quod
1958 974 2130 1013 predictus
2146 974 2328 1012 archiepis-

1318 1037 1422 1067 copus
1446 1028 1559 1067 ipsum
1583 1028 1783 1058 auctoritate
1806 1028 1944 1067 propria
1968 1028 2001 1057 in
2022 1028 2170 1066 priorem
2189 1028 2329 1058 ecclesie

1318 1083 1504 1112 memorate
1528 1081 1727 1120 prefecerat,
1752 1081 1792 1111 ab
1818 1081 1946 1111 eisdem
1973 1081 2211 1111 executoribus
2238 1081 2329 1111 suffi-

1319 1135 1421 1165 cienti
1440 1135 1579 1165 conficto
1595 1135 1802 1174 gravamine.
1821 1134 1862 1165 ad
1879 1135 1994 1165 sedem
2012 1134 2233 1173 apostolicam
2251 1134 2331 1164 dici-

1319 1190 1375 1218 tur
1395 1188 1597 1226 appellasse.
1631 1188 1784 1226 Cumque
1817 1187 2047 1218 venerabilem
2082 1187 2221 1217 fratrem
2256 1195 2332 1217 nos-

1319 1243 1410 1272 trum
1435 1264 1442 1270 .
1463 1265 1469 1271 .
1493 1241 1691 1280 episcopum
1712 1241 1953 1276 Albanensem‚
1981 1240 2278 1279 deputavissemus
2298 1241 2332 1270 in

1319 1295 1515 1334 hujusmodi
1534 1294 1669 1333 negotio
1687 1294 1888 1329 auditorem,
1907 1295 1992 1333 ipse,
2010 1294 2189 1333 diligenter
2207 1294 2332 1324 auditis

1321 1356 1385 1386 que
1404 1347 1515 1378 dictus
1538 1348 1694 1378 Sanctius
1719 1347 1828 1377 voluit
1848 1355 2035 1386 proponere
2057 1355 2170 1377 coram
2189 1347 2274 1385 ipso,
2295 1355 2333 1377 ea

1320 1400 1420 1431 nobis
1449 1401 1595 1431 fideliter
1618 1401 1743 1431 referre
1773 1401 1914 1431 curavit.
1941 1401 2087 1430 Demum
2103 1409 2193 1435 vero,
2214 1400 2332 1430 eodem

1320 1455 1353 1485 S.
1369 1454 1426 1493 jus
1443 1454 1574 1492 siquod
1593 1453 1658 1483 sibi
1676 1453 1887 1492 competebat
1906 1454 1939 1483 in
1958 1453 2067 1492 ipsius
2084 1453 2224 1484 ecclesie
2242 1454 2328 1492 prio-

1321 1509 1408 1543 ratu,
1427 1507 1533 1537 libere
1555 1507 1589 1537 in
1608 1507 1734 1537 nostris
1758 1506 1915 1537 manibus
1938 1507 2140 1546 resignante,
2161 1506 2333 1536 voluimus

1322 1561 1412 1600 quod
1427 1560 1517 1590 idem
1530 1560 1568 1591 G.
1586 1561 1678 1598 prior
1692 1560 1801 1598 ipsius
1814 1559 1954 1590 ecclesie
1970 1561 2170 1590 remaneret.
2188 1560 2258 1590 Nos
2274 1560 2332 1598 igi-

1321 1616 1388 1649 tur,
1405 1614 1605 1643 dilectorum
1620 1613 1768 1643 filiorum
1786 1613 1925 1652 capituli
1937 1613 2077 1643 ecclesie
2090 1613 2239 1651 predicte
2257 1622 2333 1651 sup-

1323 1665 1564 1704 plicationibus
1582 1666 1747 1702 inclinati,
1762 1666 1966 1696 fraternitati
1981 1666 2037 1696 tue
2052 1666 2241 1696 mandantis
2257 1675 2334 1704 qua-

1322 1721 1421 1750 tenus
1443 1720 1587 1749 eundem
1617 1720 1807 1750 Guidonem
1843 1719 1968 1749 ibidem
2000 1719 2115 1749 haberi
2144 1719 2248 1749 facias
2274 1728 2333 1757 pro

1323 1773 1446 1811 priore,
1466 1773 1619 1803 invocato
1638 1773 1678 1803 ad
1695 1773 1766 1808 hoc,
1784 1773 1812 1802 si
1831 1781 1915 1811 opus
1929 1773 2042 1806 fuerit,
2060 1772 2189 1802 auxilio
2206 1772 2334 1802 brachii

1323 1826 1499 1857 secularis.
1528 1826 1801 1856 Contradictores
1836 1834 1943 1865 usque
1981 1828 2041 1856 etc.
2079 1826 2334 1864 compescendo.

1322 1880 1448 1909 Datum
1474 1879 1563 1917 apud
1590 1879 1878 1913 Urbemveterffln,
1909 1879 2065 1910 kalendis
2090 1879 2221 1918 aprilis,
2250 1887 2336 1908 anno

1324 1932 1435 1963 tertio.
1456 1942 1471 1962 >›

1418 2075 1513 2106 1509

1922 2073 2047 2106 Orvieto,
2066 2073 2081 2099 2
2097 2072 2169 2099 avril
2188 2073 2265 2100 1202.

1361 2158 1483 2193 Hugoni,
1499 2157 1576 2185 dicto
1592 2158 1716 2184 Flauiam.
1740 2157 1914 2192 presbitero,
1931 2160 2069 2192 perpetuo
2085 2156 2237 2191 capellano
2252 2157 2279 2182 in
2293 2165 2338 2183 cc-

1326 2208 1415 2235 clesia
1424 2207 1618 2237 Laudunensi,
1631 2207 1857 2241 promissionem
1872 2206 1979 2233 factam
1993 2207 2028 2233 ab
2040 2207 2143 2233 abbate
2154 2209 2181 2233 ct
2197 2209 2338 2232 conventu

1327 2257 1497 2284 monasterii
1516 2265 1538 2283 s.
1559 2256 1704 2283 Michaelis
1720 2257 1749 2282 in
1766 2255 1918 2283 Therasca,
1935 2255 2044 2282 ordinis
2060 2264 2081 2282 s.
2096 2255 2252 2285 Benedicti,
2271 2255 2339 2281 Lau-

1327 2306 1466 2333 dunensis
1484 2305 1618 2336 diocesis,
1635 2306 1668 2331 (le
1686 2305 1781 2339 aliquo
1796 2305 1934 2331 beneficio
1952 2305 1980 2331 in
1996 2305 2098 2331 eadem
2118 2304 2225 2331 diocesi
2243 2304 2338 2331 confe-

1327 2355 1426 2386 rendo,
1454 2355 1489 2381 ob
1511 2355 1685 2381 memoriam
1707 2354 1854 2388 quondam
1880 2353 2017 2379 Johannis
2045 2354 2079 2379 de
2106 2353 2242 2384 Brueriis,
2270 2352 2340 2379 civis·

1328 2403 1538 2435 Laudunensis,
1557 2403 1682 2437 llugonis
1704 2402 1806 2437 patris,
1824 2405 1852 2429 ct
1870 2403 1988 2430 obtentu
2007 2402 2052 2436 A„
2068 2402 2146 2429 tituli
2163 2410 2186 2430 s,
2206 2402 2340 2429 Praxedis

1329 2452 1481 2488 presbiteri
1500 2452 1666 2484 cardinalis,
1687 2451 1851 2479 confirmat.
1871 2452 1949 2486 (Res.
1965 2451 2009 2483 29,
2030 2450 2078 2478 sol.
2100 2451 2148 2480 143
2165 2457 2201 2483 το,
2221 2455 2252 2478 n⁰
2267 2452 2340 2485 559.)

1371 2560 1386 2579 t(
1401 2549 1538 2589 Hayonz',
1555 2549 1634 2579 dicto
1650 2549 1803 2584 Flaman,
1819 2548 2004 2588 presbitero,
2022 2553 2170 2589 perpetuo
2187 2548 2342 2589 capellano

1330 2604 1361 2633 in
1380 2603 1505 2633 ecclesia
1530 2602 1733 2632 Laadancnsi.
1761 2602 1862 2633 Lecta
1885 2611 1998 2633 coram
2020 2602 2118 2633 nobis
2141 2620 2190 2631 —.
2218 2603 2343 2634 Datum

1331 2656 1420 2696 apud
1440 2656 1731 2693 Urbemveterem,
1752 2665 1797 2685 1111
1817 2664 1923 2686 nonas
1942 2656 2074 2694 aprilis,
2092 2665 2178 2686 anno
2195 2657 2306 2687 tertio.
2328 2666 2343 2686 ))

1424 2812 1520 2844 1510
1929 2810 2055 2843 Orvieto‚
2071 2810 2087 2836 4
2102 2809 2174 2836 avril
2195 2810 2270 2837 1204.

1370 2891 1536 2926 Praeposito
1558 2893 1585 2918 et
1607 2890 1733 2925 capitulo
1756 2889 1994 2917 Sistariccnsibus
2012 2891 2131 2917 mandat
2153 2893 2183 2918 ut
2202 2891 2344 2925 liuymuu-

2188 2939 2221 2966 28
