2519 3262
146 220 204 250 110

143 302 306 336 tionibus,
335 299 594 340 probationibus
619 301 650 330 et
676 298 812 337 juribus
841 297 975 328 Alfonsi
1000 296 1154 335 predicti,
1187 309 1190 339 J

143 365 204 386 nec
221 364 287 386 non
309 353 527 394 processibus
545 353 579 383 in
595 353 669 391 ipsa
687 361 788 382 causa
808 351 932 381 habitis
957 350 1092 389 plenius
1111 349 1157 379 in·
1186 373 1187 398 ἶ

142 409 290 440 tellectis
317 409 349 438 et
377 407 557 446 diligenter
586 405 803 439 examinatis,
839 403 1021 441 habitoque
1053 410 1156 440 super
1185 413 1187 429 i

141 462 208 491 hiis
233 461 420 500 peritorum
439 459 581 490 consilio
599 460 630 489 et
656 458 756 496 plena
781 456 1023 487 deliberatione
1042 454 1157 484 nohis-
1186 470 1187 478 1

141 524 229 548 011111,
241 515 397 554 presente
413 512 555 544 Alfonso
572 511 712 551 prefato,
729 510 871 549 predicti
889 508 1020 548 Aprilis
1037 508 1156 538 absen-

140 569 187 599 tia
205 576 307 607 quain
323 567 385 598 Dei
403 566 545 605 replevit
563 564 745 603 presentia,
769 572 835 593 non
852 562 1017 598 obstante,
1045 562 1154 600 ipsius

141 622 277 652 nomine
295 622 460 655 invocato,
487 617 752 658 pronunciamus
770 625 828 654 per
846 615 1065 645 diffinitivam
1082 623 1156 644 503-

1185 430 1187 467 4

141 676 282 706 tentiam
299 683 317 704 a
345 674 433 704 dicto
450 672 592 702 Alfonso
610 670 694 700 bene
711 669 932 708 appellatum,
953 670 983 698 et
1004 677 1063 707 per
1079 676 1153 706 pre·
1184 675 1186 682 ,

140 729 248 759 dictos
260 727 435 757 dominum
452 724 656 755 Rodericum
669 732 706 753 ac
724 722 865 752 clericos
879 721 1031 760 ejusdem
1051 721 1155 752 eccle-

142 783 191 812 sie
215 781 302 811 male
322 779 429 810 fuisse
447 786 656 817 processum,
675 775 918 815 provisionem,
937 774 1153 805 collationem

141 841 343 872 omnemque
375 832 528 870 ipsorum
554 838 752 869 proc-essum
783 829 958 858 cassantes
978 829 1009 858 et
1035 827 1152 857 annul·

139 888 260 923 lantes,
290 886 365 924 ipsa
393 893 488 915 cassa
515 883 780 922 pronunciamus
800 883 831 912 et
858 881 955 911 irrita
976 882 1007 911 et
1024 880 1154 911 nullius
1184 905 1186 911 ,

140 941 286 971 existere
301 938 484 969 firmitatis.
503 937 728 968 Decernimus
744 935 847 966 etiam
870 935 995 964 dictam
1014 934 1155 973 preben-
1184 946 1185 956 1

139 995 215 1024 dam
233 1002 293 1024 seu
309 992 498 1031 portionem
516 991 558 1020 ad
575 990 703 1020 dictum
726 989 908 1019 Δ1110351131
925 988 1095 1026 pertinere
1114 987 1153 1017 de

136 1048 211 1085 jure
228 1046 362 1085 sibique
389 1044 624 1083 adjudicamus
637 1043 790 1077 eandem,
812 1041 939 1072 dictum
964 1040 1118 1079 Aprilem
1135 1049 1154 1071 3

139 1101 319 1131 medietate
336 1098 504 1137 prebende
519 1105 579 1127 seu
597 1096 765 1135 portionis
781 1094 973 1134 hujusmodi
996 1102 1098 1133 quam
1113 1093 1154 1124 de

139 1154 225 1184 facto
236 1154 338 1188 tenet,
351 1160 427 1182 cum
444 1151 483 1181 de
496 1150 571 1189 jure
586 1158 652 1179 non
662 1148 792 1185 debeat,
812 1149 1020 1182 amoventes,
1042 1147 1153 1177 eidem

140 1215 241 1246 super
257 1215 295 1237 ea
308 1206 507 1244 perpetuum
528 1203 704 1233 silentium
726 1201 943 1240 imponendo.
966 1200 1154 1239 (1011110311)-
1184 1215 1185 1226 ι

139 1268 261 1290 namus
289 1259 391 1289 etiam
416 1257 560 1288 eundem
588 1255 743 1294 Aprilem
761 1255 795 1284 in
819 1254 986 1284 fructibus
1005 1262 1046 1284 ex
1065 1254 1153 1284 dicta
1183 1277 1185 1299 1

139 1312 310 1352 prebenda
342 1310 522 1350 perceptis,
550 1310 674 1348 ipsum,
705 1307 745 1338 ab
774 1308 914 1338 Alsonso
942 1307 1074 1347 prefato
1102 1307 1153 1346 ju-

902 211 1146 244 REGISTRES
1176 211 1391 243 D'URBAIN
1421 211 1481 242 IV.

1311 297 1408 328 1120

1775 297 1889 325 Orvieto
1902 298 1937 326 28
1954 298 2067 334 janvier
2085 300 2162 327 1261.

1252 380 1506 415 Archiepiscopum
1530 381 1756 408 Bracfflrensem
1775 382 1940 416 praedictae
1957 383 2147 411 ordinationis
2171 392 2234 411 exe-

1217 431 1348 456 cutorem
1366 429 1525 458 constituit.
1545 430 1625 464 (Rae.
1644 430 1689 462 29,
1707 430 1757 457 fol.
1773 431 1805 458 71
1820 435 1862 466 v0,
1877 437 1910 458 n⁰
1927 432 1988 460 169.

1257 546 1272 566 «
1297 536 1532 576 Arehiepiscopo
1548 536 1769 566 Bracharensi.
1784 537 1952 576 Exposuit
1969 537 2066 567 nobis
2088 538 2234 570 dilectus

1215 605 1264 619 —.
1283 589 1408 619 Datum
1426 589 1516 628 apud
1531 589 1820 627 L'rbemveterem‚
1838 599 1858 619 v
1873 591 2037 621 kalendas
2056 590 2232 628 februarii,

1217 651 1303 673 anno
1321 643 1434 673 tertio.
1456 655 1469 670 »

1308 817 1323 847 1
1336 816 1401 847 121
1810 815 1936 847 Orvieio,
1952 816 1969 842 9
1985 816 2057 843 avril
2079 815 2158 843 1264.

1251 897 1470 925 Ordinationem
1495 898 1529 925 de
1549 897 1721 932 praebendis
1736 898 1767 925 in
1789 897 1911 925 ecclesia
1927 906 1950 924 s.
1973 898 2125 926 Gaudentii
2141 899 2233 926 Nova·

1214 947 1318 974 riensis
1337 947 1372 973 ab
1388 947 1503 977 L'berto,
1521 956 1543 973 s.
1562 946 1710 974 Eustachii
1727 946 1848 974 diacono
1863 947 2014 979 cardinali,
2028 948 2150 981 editam,
2167 956 2234 975 con-

1214 996 1322 1023 firmat.
1345 996 1422 1030 (Ιὶεῡ.
1439 996 1483 1027 29,
1502 996 1551 1023 sol.
1569 997 1601 1024 71
1622 1001 1662 1029 νῦ,
1677 1000 1708 1022 n⁰
1730 997 1805 1030 170.)

1256 1107 1270 1125 11
1304 1095 1426 1126 Villano
1449 1096 1602 1125 ,Iohannis
1629 1096 1780 1135 Lasaqne,
1811 1097 1959 1126 canonico
1985 1096 2107 1126 ecclesie
2133 1097 2234 1127 sancti

1184 1133 1185 1154 ἶ
1217 1149 1381 1180 Gaudentii
1392 1149 1600 1180 Novaricnsis.
1613 1150 1661 1180 Ea
1670 1158 1735 1189 que
1744 1149 1873 1189 judicio
1885 1150 1939 1180 vel
1953 1150 2142 1186 concordia,
2154 1152 2230 1188 etc„

139 1367 292 1397 ramento
312 1366 457 1402 receptO,
481 1362 654 1393 taxatione
672 1361 853 1400 premissa,
878 1361 912 1390 in
931 1361 1068 1400 triginta
1084 1369 1153 1390 ma-

139 1419 313 1450 rabotinos
340 1416 548 1456 legionensis
573 1417 718 1451 monete,
747 1423 974 1453 expensarum
1002 1414 1150 1447 nomine,

139 1471 387 1503 sententialiter
413 1470 709 1507 condempnantes.
737 1469 776 1498 In
802 1468 897 1506 cujus
923 1468 971 1497 rei
1003 1467 1154 1497 testimo-

139 1526 245 1561 nium,
264 1526 456 1564 presentem
477 1522 679 1553 sententiam
699 1521 802 1551 scribi
821 1524 850 1552 et
876 1520 1043 1559 publicari
1061 1529 1153 1550 man—

139 1579 294 1609 davimus
320 1586 379 1616 per
401 1577 570 1607 notarium
590 1575 847 1613 infrascriptum
866 1576 896 1604 et
920 1574 1028 1605 nostri
1046 1574 1153 1613 sigilli

139 1632 327 1663 munimine
355 1631 519 1661 roborari.
540 1630 623 1659 Lata
642 1630 674 1659 et
689 1628 907 1667 pronuntiata
925 1628 987 1658 fuit
1010 1636 1152 1666 presens
1182 1621 1183 1659 l

139 1685 306 1716 sententia
327 1693 387 1723 per
409 1683 598 1722 predictum
623 1682 824 1720 magistrum
842 1681 1045 1717 Nax-arrum,
1064 1681 1153 1720 apud

138 1738 427 1773 Urbemveterem,
440 1737 474 1766 in
490 1736 616 1774 palatio
635 1735 746 1774 ipsius
758 1735 886 1765 domini
904 1743 1000 1773 pape,
1018 1743 1152 1773 presen-

137 1792 229 1822 tibus
247 1791 330 1821 viris
345 1790 502 1820 discretis
519 1789 682 1828 magistro
700 1788 880 1818 Francisco
898 1789 938 1818 de
956 1788 1086 1825 Alatro,
1102 1798 1153 1819 03-

137 1845 271 1884 pellano
290 1843 467 1874 reverendi
484 1843 591 1882 patris
606 1842 734 1872 domini
753 1842 910 1877 Ancheri,
930 1842 1022 1872 tituli
1040 1845 1152 1873 sancte

1215 1212 1323 1242 usque
1351 1203 1566 1234 communiri.
1598 1204 1684 1233 Sane
1715 1203 1834 1242 petitio
1867 1204 1926 1233 tua
1953 1203 2052 1234 nobis
2080 1203 2233 1235 exhibita

1215 1256 1408 1287 continebat
1422 1256 1513 1295 quod
1526 1265 1588 1286 305
1608 1256 1643 1286 13
1660 1264 1763 1286 causa
1780 1264 1844 1295 que
1861 1256 1950 1287 inter
1964 1258 1997 1286 te
2014 1265 2052 1287 30
2068 1257 2231 1287 dilectum

1214 1310 1324 1340 filium
1336 1310 1489 1345 Petrum,
1502 1308 1744 1348 presbyterum
1758 1311 1956 1339 canonicum
1968 1309 2110 1339 ecclesie
2124 1310 2234 1340 sancti

1214 1362 1394 1394 Gaudentii
1409 1362 1644 1398 Novariensis,
1660 1370 1763 1401 super
1779 1362 1925 1401 quadam
1938 1361 2111 1400 prebenda
2123 1363 2233 1402 quein

1214 1416 1357 1446 ecclesia
1382 1416 1457 1455 ipsa
1483 1415 1616 1446 vacavit
1641 1424 1701 1454 per
1726 1417 1871 1446 mortem
1896 1416 2052 1454 magistri
2076 1416 2172 1447 Petri
2191 1416 2232 1447 de

1214 1469 1420 1505 Monticello‚
1441 1469 1593 1508 ejusdem
1614 1468 1755 1499 ecclesie
1773 1469 1938 1505 canonici,
1959 1469 2042 1499 etin
2063 1478 2130 1508 qua
2145 1471 2235 1500 uter-

1215 1532 1278 1562 que
1301 1524 1453 1553 vestrum
1483 1531 1519 1552 se
1541 1521 1674 1552 dicebat
1699 1521 1822 1552 habere
1844 1522 1914 1561 jus,
1939 1522 2147 1558 vertebatur,
2172 1531 2234 1562 per

1215 1575 1479 1615 appellationem
1503 1575 1544 1605 ad
1568 1575 1683 1605 sedem
1711 1575 1934 1613 apostolicam
1960 1575 2113 1614 legitime
2133 1575 2233 1606 devo-

1213 1630 1297 1664 luta,
1325 1629 1488 1660 dilectum
1516 1628 1627 1658 filium
1652 1630 1808 1659 nostrum
1835 1629 1890 1665 U„
1920 1629 2030 1659 sancti
2056 1629 2233 1660 Eustachii

1214 1683 1394 1713 diaconum
1424 1682 1643 1716 cardinalem,
1672 1682 1829 1712 dedimus
1853 1681 2009 1721 partibus
2027 1682 2230 1714 auditorem.

1214 1738 1353 1773 Verum,
1372 1736 1432 1766 lite
1459 1744 1572 1766 coram
1600 1743 1638 1765 eo
1665 1735 1700 1765 in
1727 1743 1831 1765 causa
1851 1735 2048 1774 hujusmodi
2077 1735 2230 1775 legitime

1182 1794 1183 1813 i
1213 1791 1402 1820 contestata
1429 1788 1595 1827 factisque
1624 1788 1855 1827 positionibus
1883 1790 1916 1819 et
1945 1788 2230 1828 responsionibus

138 1896 524 1936 13133011151)1051))’1011;
541 1896 703 1934 magistro
720 1895 871 1926 Johanne
885 1895 973 1926 dicto
989 1895 1150 1930 savarico,
1181 1919 1183 1931 ζ

139 1951 313 1990 capellano
339 1949 514 1979 reverendi
543 1949 650 1987 patris
680 1948 808 1978 domini
837 1948 1013 1984 Joliai11iis,
1046 1951 1152 1979 sancti
1181 1982 1182 1987 ¹

136 2004 269 2035 Nicolai
289 2004 324 2033 111
341 2003 481 2033 Carcere
498 2001 656 2031 Tulliano
669 2001 800 2031 diaconi
820 2001 1062 2036 0311111131111111;
1084 2011 1152 2032 313-

137 2058 243 2096 gistro
274 2056 426 2086 Johaune
462 2055 597 2093 Ispano.
634 2054 807 2093 capellano
837 2055 1013 2084 reverendi
1045 2056 1151 2093 patris
1180 2091 1181 2099 ἵ

136 2109 304 2141 tiotet'ridi
332 2108 440 2139 533011
469 2108 605 2146 Georgii
626 2108 667 2137 ad
695 2107 818 2138 Velum
844 2109 996 2138 Aureum
1019 2109 1150 2139 diaconi
1180 2111 1181 2138 i

137 2163 336 2197 cardinalis,
362 2162 549 2199 (infigant),
571 2161 743 2191 Verulano
769 2161 952 2196 canonic03
978 2162 1151 2193 Bernardo
1180 2155 1182 2187 j

135 2217 299 2247 ι1011311315
327 2217 467 2254 Ispano;
487 2217 517 2245 et
538 2215 700 2253 magistro
722 2214 892 2244 Bernardo
917 2215 957 2245 de
981 2215 1148 2247 Mevania.

136 2270 267 2300 notario
294 2269 473 2299 memorati
501 2268 628 2298 1101111111
648 2267 803 2306 magistri
826 2268 982 2302 Navarri,
1004 2269 1150 2300 testibus
1180 2289 1181 2299 1

135 2324 212 2354 iude
238 2322 378 2361 rogatis.
406 2322 446 2352 Et
473 2330 532 2360 ego
562 2321 709 2351 ι1311111115
736 2321 776 2351 de
797 2321 935 2355 Marsia,
964 2323 1150 2360 apostolice

136 2377 228 2407 sedis
255 2376 454 2406 auctoritate
474 2375 638 2409 notarius,
663 2375 822 2413 predictis
848 2375 989 2405 interfui
1008 2375 1149 2415 ipsaque

1214 1843 1254 1873 ad
1283 1843 1419 1873 easdem
1446 1850 1483 1872 ac
1511 1841 1599 1872 datis
1624 1841 1789 1876 articulis,
1813 1843 1850 1872 tu
1877 1842 1909 1872 et
1937 1841 2029 1872 idem
2051 1841 2232 1882 presbyter

1212 1897 1346 1933 Petrus,
1369 1896 1522 1926 volentes
1540 1896 1647 1925 vitare
1672 1895 1862 1934 litigiorum
1883 1895 2056 1926 anfractus
2077 1904 2115 1926 ac
2138 1895 2231 1926 viam

1213 1949 1306 1988 pacis
1331 1950 1363 1979 et
1382 1949 1559 1979 concordie
1578 1948 1834 1986 amplectentes,
1852 1949 1888 1978 in
1907 1949 2052 1978 eundem
2077 1948 2229 1979 cardina-

1212 2003 1291 2037 lem,
1313 2003 1484 2032 reservata
1510 2000 1576 2031 sibi
1601 2001 1783 2040 judiciaria
1808 2002 1987 2039 potestate,
2013 2003 2176 2040 tanquam
2195 2001 2230 2032 in

1213 2055 1390 2091 arbitrum,
1409 2054 1657 2089 arbitratorem,
1669 2054 1912 2090 ordinatorem,
1931 2053 2150 2084 diffinitorem
2168 2062 2229 2085 seu

1212 2108 1427 2139 amicabilem
1444 2107 1719 2146 compositorem,
1734 2116 1836 2146 super
1854 2107 1943 2137 dicta
1954 2106 2126 2146 prebenda
2142 2107 2231 2146 01115-

1212 2171 1276 2201 que
1305 2161 1471 2191 fructibus
1497 2161 1563 2191 alte
1593 2163 1625 2190 et
1657 2160 1756 2190 basse
1787 2160 2062 2199 compromittere
2091 2168 2129 2191 ac
2156 2161 2230 2200 ejus

1212 2215 1429 2249 ordinationi,
1445 2214 1641 2245 diffinitioni
1656 2222 1692 2244 31·
1707 2213 1850 2244 arbitrio
1864 2215 1984 2252 sponte
1997 2222 2034 2244 ac
2046 2213 2152 2245 libere
2168 2222 2231 2245 vos

1212 2268 1414 2299 submittere
1448 2267 1641 2304 curavistis,
1674 2267 1841 2306 corporali
1861 2275 1963 2306 super
1994 2266 2054 2297 hoc
2085 2267 2229 2306 prestito

1180 2310 1181 2313 Ἴ
1208 2322 1413 2360 juramento.
1436 2321 1530 2351 Idem
1549 2329 1629 2351 vero
1649 2320 1845 2357 cardinalis,
1864 2319 2059 2359 hujusmodi
2075 2328 2228 2359 compro-

135 2431 175 2460 ‹le
203 2429 361 2459 mandato
382 2427 559 2458 memorati
589 2427 716 2457 domini
749 2427 782 2457 in
808 2427 979 2466 publicam
1006 2428 1149 2459 sormam
1179 2463 1181 2469 ¹

136 2482 249 2521 redegi
270 2490 411 2519 meoque
436 2481 532 2519 signo
554 2480 686 2519 signavi
705 2482 853 2519 rogatus,
881 2480 943 2510 sul)
969 2490 1056 2511 anno
1085 2483 1149 2513 Do-
1179 2489 1181 2514 t,

137 2535 220 2565 mini
247 2535 358 2565 M⁰Co¹⁰
389 2533 602 2571 sexagesimo
630 2533 740 2568 tertio,
773 2533 988 2572 pontificatus
1020 2535 1149 2566 domini

138 2587 859 2626 1111331113ροΙΙΙΙ,3330101’110,1111110110110
869 2587 1024 2626 septima,
1034 2597 1149 2620 mense

137 2640 305 2671 decembri
324 2641 376 2670 die
394 2640 584 2670 undecima.
605 2652 619 2666 »

1211 2375 1318 2405 misso
1335 2376 1469 2413 recepto
1487 2375 1518 2405 et
1543 2383 1561 2404 3
1584 2373 1683 2404 nobis
1700 2373 1891 2409 ordinandi,
1913 2373 2097 2407 statuendi,
2115 2373 2227 2412 provi-

1212 2428 1323 2464 dendi,
1339 2427 1546 2462 declarandi,
1559 2426 1748 2458 arbitrandi
1764 2428 1797 2457 et
1813 2426 2005 2457 diffiniendi
2020 2435 2124 2465 super
2139 2426 2230 2458 dicta

1211 2481 1383 2521 prebenda
1399 2483 1431 2511 et
1449 2481 1522 2520 eJ'us
1541 2479 1720 2517 fructibus,
1736 2481 1836 2519 prout
1853 2479 1920 2510 sibi
1938 2479 2123 2518 expediens
2141 2479 2233 2511 vide-

1212 2537 1314 2571 retur,
1345 2534 1487 2573 speciali
1511 2533 1647 2564 obtenta
1673 2533 1811 2563 licentia
1835 2534 1868 2564 et
1895 2533 2067 2569 mandato,
2089 2533 2174 2563 visis
2196 2535 2230 2564 et

1180 2590 1181 2606 ³
1211 2588 1338 2619 auditis
1353 2586 1489 2627 juribus
1506 2587 1684 2626 utriusque
1707 2586 1814 2625 partis
1837 2595 1873 2617 30
1890 2586 1990 2625 plene
2005 2586 2174 2617 discussis
2196 2588 2229 2618 et

176 2693 272 2724 Nulli
296 2702 374 2731 ergo
400 2695 512 2724 nostre
543 2694 810 2724 confirmationis
839 2712 887 2723 —.
917 2694 1041 2725 Datum
1061 2697 1150 2734 apud
1178 2695 1181 2747 Ι

141 2746 426 2782 Urbemveterem,
448 2756 469 2776 x
487 2747 648 2777 kalendas
666 2746 841 2781 februarii,
860 2756 946 2778 anno
965 2748 1075 2779 tertio.
1095 2761 1108 2775 n

1209 2642 1296 2681 juris
1315 2641 1432 2671 ordine
1452 2641 1459 2660 ¹
1476 2641 1622 2675 servato,
1639 2640 1737 2678 dixit,
1759 2639 1940 2674 ordinavit,
1959 2639 2145 2670 arbitratus
2163 2639 2230 2671 suit

1211 2697 1241 2726 01
1262 2695 1365 2725 etiam
1389 2694 1549 2724 diffinivit
1577 2693 1665 2732 quod
1686 2693 1797 2723 dictus
1817 2692 1998 2732 presbyter
2014 2693 2138 2723 Petrus
2154 2701 2229 2732 pre-

1211 2749 1336 2778 dictam
1354 2746 1559 2787 prebendam
1575 2746 1707 2783 habeat,
1722 2748 1834 2777 teneat
1847 2747 1879 2776 et
1895 2745 2068 2785 possideat
2085 2746 2225 2785 pacifice

1211 2804 1242 2832 et
1269 2801 1380 2840 quiete
1409 2809 1447 2832 30
1464 2800 1573 2841 ipsam
1593 2799 1635 2830 ad
1659 2807 1736 2830 eum
1759 2799 1929 2838 pertinere
1949 2799 2138 2834 declarans,
2158 2798 2227 2830 sibi

1244 2916 1266 2938 t.
1282 2913 1319 2938 Ce
1333 2915 1391 2937 mot
1407 2914 1449 2937 est
1466 2912 1560 2943 repete
1576 2919 1628 2944 par
1645 2918 1755 2936 erreur.
