2519 3262
1061 192 1299 229 TROISIEME
1325 191 1490 228 ANNEE.
2259 208 2315 248 2÷3

234 280 427 313 Narbonensi,
444 281 563 307 mandat
588 283 616 307 ut
634 281 777 308 Bernardo
796 280 963 316 Laguiselli,
981 281 1055 316 juris
1075 282 1167 308 civilis
1184 289 1247 315 pro-

234 328 348 360 fessori,
365 329 515 364 capellano
532 330 700 364 apostolico,
716 330 872 357 Biterrensi
893 330 1043 362 canonico,
1059 330 1190 365 ejusdem
1202 337 1247 356 ar-

234 377 409 413 chiepiscopi
436 378 572 405 Familiari
601 379 802 406 canonicatum
832 379 973 406 ecclesiae
1000 378 1196 405 Narbonensis
1218 380 1246 405 et

232 428 427 461 praebendam
444 428 602 455 conferant.
622 428 698 462 (Bm.
718 428 763 459 29,
781 427 830 454 sol.
850 427 901 454 146
914 432 951 457 ν’,
969 433 999 453 n⁰
1017 428 1092 461 582.)

275 546 289 564 t(
308 558 313 564 .
332 560 337 565 .
355 535 494 574 episcopo
508 534 681 570 Sabinensi,
699 533 867 573 apostolice
881 532 988 572 (sedis)
1007 533 1013 551 ¹
1029 532 1140 572 legato,
1156 538 1183 563 et
1195 544 1246 563 αν-

235 589 427 628 chiepiscopo
443 587 646 623 Narbonensi,
665 587 891 617 Advertentes
910 586 1079 625 dignaque
1094 587 1245 617 conside-

235 642 366 672 ratione
380 658 429 671 -.
441 641 566 672 Datum
579 640 667 679 apud
681 639 972 676 Urbemveterem,
987 649 1008 669 11
1023 639 1099 670 idus
1112 640 1244 679 aprilis,

235 704 321 726 anno
339 694 451 725 tertio.
473 704 488 723 1)

799 865 924 897 omem,
940 865 974 893 28
995 873 1073 892 mars
1095 865 1173 893 1264.

323 867 418 898 1533

266 949 405 984 Episcopo
419 949 567 976 Sabinensi
584 950 702 976 mandat
717 952 758 979 ut,
776 958 791 976 a
809 950 961 977 Guillelmo
977 951 1011 976 de
1026 950 1139 977 Sezacio
1155 953 1247 977 recto-

230 998 290 1025 riae
314 998 452 1025 ecclesiae
474 1007 497 1026 s.
528 999 646 1033 Ypoliti,
667 999 872 1026 Nemausensis
893 999 1028 1032 diocesis,
1049 999 1245 1034 resignatione

229 1051 357 1082 recepta,
365 1048 497 1075 eamdem
507 1048 662 1075 rectoriam
671 1048 794 1075 Johanni
801 1049 835 1075 de
844 1049 980 1082 Sumena,
993 1049 1097 1076 rectori
1107 1049 1245 1076 ecelesiae

229 1097 264 1123 de
275 1096 377 1130 scalis,
389 1097 582 1124 Narbonensis
598 1097 732 1130 (11οο0313,
745 1097 881 1124 familiari
891 1098 1020 1133 ejusdem
1029 1098 1154 1132 episcopi
1164 1106 1244 1132 prae-

229 1145 357 1180 dictique
374 1145 519 1173 Guillelmi
534 1147 643 1180 nepoti,
660 1147 801 1181 assignet,
817 1155 874 1174 non
887 1147 1070 1174 obstantibus
1084 1147 1244 1182 privilegiis

229 1194 364 1229 episcopo
376 1195 568 1222 Nemausensi
578 1195 734 1229 concessis,
744 1196 780 1222 ad
793 1204 880 1230 quein
892 1196 1022 1231 ejusdem
1039 1196 1178 1223 ecclesiae
1190 1195 1245 1222 col-

230 1243 300 1270 latio
313 1243 459 1278 pertinere
474 1244 590 1271 dicitur.
610 1245 688 1277 (Rae.
706 1245 750 1276 29,
768 1244 816 1272 fol.
836 1245 896 1277 147,
910 1250 940 1271 n⁰
954 1245 1029 1278 583.)

271 1360 285 1379 (ι
305 1350 462 1390 Episcopo
479 1351 652 1381 Sabinensi.
673 1352 758 1382 Cum
779 1352 866 1382 sicut
884 1361 925 1382 ex
941 1371 990 1380 -.
1011 1353 1134 1383 Datum
1154 1353 1245 1391 apud

231 1403 521 1441 Urbemveterem,
542 1414 561 1434 v
578 1404 743 1435 kalendas
763 1405 895 1444 aprilis,
911 1415 998 1436 anno
1014 1406 1126 1436 tertio.
1148 1416 1163 1435 11

320 1577 417 1608 1534
810 1577 935 1610 Orvieto,
953 1578 985 1605 13
1001 1578 1073 1605 avril
1090 1579 1168 1606 1264.

266 1659 475 1688 Archidiacono
487 1660 625 1687 Meldensi
636 1661 755 1688 mandat
768 1663 799 1688 ut
812 1661 945 1693 Johanni‚
960 1663 1037 1689 dicto
1046 1663 1079 1689 de
1090 1663 1198 1696 Meldis,
1214 1663 1243 1690 in

226 1709 351 1736 ecclesia
368 1710 580 1736 Cenomanensi
597 1709 659 1745 jam
678 1711 817 1737 canonico
834 1714 960 1745 recepto,
978 1712 1011 1738 de
1032 1712 1195 1746 praebenda
1215 1713 1243 1739 in

229 1759 329 1785 eadem
346 1758 468 1786 ecclesia
476 1758 624 1793 quamcito
642 1759 800 1793 provideat.
821 1760 900 1793 (Rau.
915 1761 959 1792 29,
974 1760 1024 1787 fol.
1047 1761 1105 1791 147,
1122 1768 1152 1787 n⁰
1167 1762 1242 1795 584.)

267 1872 284 1893 «
309 1863 568 1893 ..archidiacano
596 1862 753 1894 Meldensi.
777 1864 932 1894 Dilectus
962 1864 1055 1895 filius
1081 1865 1244 1904 magister

226 1915 410 1953 Johannes,
426 1917 537 1947 dictus
551 1916 587 1946 de
595 1915 716 1953 Meldis,
730 1917 912 1947 canonicus
927 1918 1069 1948 ecclesie
1082 1918 1242 1949 Cenoma-

226 1969 355 2006 nensis,
368 1978 430 1999 sua
445 1969 544 2000 nobis
562 1969 725 2008 petitione
742 1971 946 2000 monstravit
956 1971 1046 2009 quod
1059 1979 1121 2001 nos
1133 1971 1240 2001 olim..

225 2022 399 2061 preposito
414 2023 454 2053 de
463 2023 597 2062 Ingreio
607 2023 643 2053 in
653 2023 796 2054 ecclesia
807 2023 1020 2060 Carnotensi,
1036 2025 1242 2064 etvmagistro

224 2075 373 2114 Hugoni,
391 2076 479 2107 dicto
496 2076 679 2115 Bia-qundo,
698 2077 858 2107 canonico
875 2077 1016 2107 ecclesie
1034 2086 1061 2107 3.
1081 2077 1242 2108 Μο(101101

225 2128 446 2164 Ρ31131011313,
461 2129 524 2159 31111
538 2131 627 2160 certa
640 2129 749 2160 forma
762 2138 822 2168 per
834 2132 969 2160 nostras
983 2131 1139 2161 dedimus
1154 2131 1242 2161 litte-

225 2190 282 2212 ras
314 2182 349 2212 in
367 2183 538 2213 mandatis
559 2185 596 2213 ut
621 2191 698 2213 eum
717 2183 752 2213 in
772 2183 889 2214 eadem
913 2184 1057 2214 ecclesia
1080 2184 1242 2215 Cenoma-

226 2236 337 2272 nensi,
350 2244 410 2274 per
423 2245 459 2266 se
471 2236 525 2267 vel
540 2236 658 2273 alium,
672 2237 777 2275 recipi
789 2236 938 2267 facerent
952 2238 987 2267 in
997 2239 1196 2268 canonicum
1209 2240 1241 2269 et

226 2288 261 2318 in
276 2288 417 2319 fratrem
433 2289 531 2328 eique
543 2290 760 2327 providerent
783 2290 823 2320 de
841 2290 1023 2328 prebenda,
1042 2291 1071 2321 si
1087 2293 1167 2322 tunc
1185 2301 1241 2322 va-

225 2341 322 2372 cabat
341 2341 468 2372 ibidem
493 2343 546 2372 vel
571 2343 824 2382 quamprimum
843 2344 884 2373 ad
907 2344 940 2374 id
966 2345 1180 2383 oportunitas
1203 2354 1238 2376 se

227 2395 374 2425 offerret.
396 2395 669 2425 Contradictores
689 2397 750 2426 etc.
770 2404 878 2435 usque
895 2398 1150 2436 compescendo.
1169 2399 1241 2429 Nos

226 2456 360 2487 quoque
380 2448 593 2478 decrevimus
616 2448 752 2478 irritum
770 2451 802 2479 et
819 2449 918 2480 inane
935 2450 964 2480 si
984 2459 1081 2481 secus
1104 2451 1143 2482 de
1167 2460 1240 2490 pre-

225 2500 336 2532 benda
348 2501 543 2540 huJusmodi
570 2502 778 2541 contingeret
800 2504 1006 2542 attemptari.
1025 2504 1110 2535 Cum
1127 2506 1240 2535 autem

225 2555 390 2594 magister
415 2554 619 2591 Ademarus„
638 2555 819 2586 canonicus
843 2556 984 2587 ecclesie
1000 2557 1040 2587 de
1065 2558 1238 2595 Credulio,

225 2609 280 2638 cui
293 2608 373 2638 dicti
386 2608 584 2638 executores
601 2616 703 2647 super
715 2608 776 2639 1100
794 2609 884 2640 vices
901 2618 992 2647 suas,
1007 2610 1112 2641 (101100
1128 2620 1185 2642 033
1199 2612 1240 2642 ad

226 2670 262 2692 se
277 2662 483 2696 revocarent,
498 2661 749 2697 commiserant,
763 2662 953 2693 intenderet
966 2672 1068 2702 super
1078 2664 1139 2695 hoc
1149 2674 1241 2695 man-

225 2715 342 2745 datum
360 2714 584 2753 apostolicum
603 2714 801 2753 adimplere,
821 2715 910 2746 idem
937 2717 1099 2755 magister
1118 2718 1241 2748 ,1011311-

226 2776 297 2803 nes⁷
309 2770 488 2806 antequam
500 2776 559 2806 per
570 2767 702 2797 litteras
714 2768 808 2807 ipsas
820 2777 1016 2807 processum
1028 2772 1118 2801 esset
1134 2771 1167 2801 in
1179 2772 1239 2802 ali-

260 2889 283 2912 1.
297 2888 370 2913 Sedis
383 2895 399 2911 a
417 2887 459 2912 ete
477 2887 548 2911 omis
565 2887 636 2910 dans
653 2886 678 2910 le
689 2886 860 2911 manuscrit.

2282 207 2295 226 ⁴)

1305 289 1384 319 quo,
1398 281 1583 311 venerabili
1597 282 1694 312 fratri
1706 284 1821 313 nostro
1839 306 1844 311 .
1863 284 2041 323 ‚episeopo
2055 286 2314 323 Cenomanensi,

1305 334 1347 364 ad
1364 342 1463 372 quem
1487 335 1520 364 in
1539 335 1627 365 dicta
1647 336 1893 366 Cenomanensi
1907 337 2050 368 ecclesia
2068 339 2315 377 prebendarum

1305 387 1441 417 collatio
1470 388 1628 425 pertinet,
1651 389 1690 418 ad
1718 389 1916 419 instantiam
1939 391 2023 429 ejus,
2044 393 2201 429 promisit
2226 396 2314 432 (111οι1

1304 448 1412 478 113(1110
1432 440 1473 469 3(1
1496 442 1624 470 certum
1645 443 1778 480 tempus
1805 445 2000 480 procuraret
2023 445 2112 482 quod
2131 445 2219 475 idem
2239 447 2315 476 sub-

1305 492 1480 531 delegatus
1496 493 1689 523 executioni
1720 494 1915 533 hujusmodi
1934 497 2171 534 supersederet
2190 500 2316 537 negotii

1304 547 1335 575 et
1359 545 1461 575 etiam
1481 546 1666 577 sustineret
1692 548 1781 586 quod
1804 548 1892 578 idem
1914 549 2094 588 episcopus
2113 550 2315 589 prebendas,

1305 607 1389 637 quas
1415 599 1551 629 interim
1581 608 1698 630 vacare
1724 601 1943 640 contingeret,
1964 602 2143 641 quibusvis
2161 606 2318 642 personis

1303 660 1364 690 pro
1382 660 1444 682 3113
1460 652 1632 683 voluntate
1652 653 1818 684 conferret
1836 656 1869 684 et
1887 664 1988 693 super
2006 655 2066 686 hoc
2076 656 2142 695 ipsi
2160 658 2318 697 episcopo

1305 712 1385 734 suas
1401 705 1499 735 duxit
1512 705 1644 736 litteras
1661 707 1902 744 concedendas,
1922 709 2038 738 eodem
2056 710 2214 748 episcopo
2229 711 2318 741 (11010

1305 757 1468 796 magistro
1488 767 1547 796 per
1572 767 1652 788 suas
1675 759 1807 790 litteras
1831 760 2048 798 promittente
2065 763 2153 801 quod
2177 772 2217 793 ex
2239 766 2317 794 tunc

1305 818 1381 840 eum
1399 811 1504 849 recipi
1523 811 1648 841 faceret
1666 811 1800 851 sibique
1816 814 2021 851 provideret,
2037 814 2136 853 juxta
2152 816 2317 854 predicta-

1303 871 1379 892 rum
1396 865 1589 894 nostrarum
1605 865 2062 898 continentiamlitterarum.
2079 868 2317 906 Etlicet,te1·n-

1303 925 1383 955 pore
1394 917 1592 947 adveniente
1603 918 1926 957 predicto‚prefatus
1936 921 2116 960 episcopus
2126 922 2238 961 ipsum
2250 932 2318 953 ma-

1303 970 1447 1009 gistrum
1463 971 1507 1007 J.,
1526 971 1678 1009 ipsarum
1690 973 1885 1002 nostrarum
1901 973 2092 1004 litterarum
2105 976 2315 1011 auctoritate,

1304 1024 1462 1054 canonice
1480 1024 1586 1063 recipi
1604 1024 1721 1055 fecerit
1740 1025 1775 1055 in
1793 1026 1988 1064 supradicta
2005 1028 2251 1059 Cenomanensi
2267 1038 2316 1060 ec-

1303 1076 1407 1107 clesia
1426 1077 1461 1106 in
1480 1077 1678 1108 canonicum
1695 1080 1727 1108 et
1745 1079 1779 1108 in
1797 1078 1949 1113 fratrem,
1969 1081 2118 1111 nondum
2134 1084 2246 1112 tamen
2264 1085 2316 1113 est

1302 1129 1420 1168 ipsein
1431 1139 1469 1160 ea
1480 1130 1687 1169 prebendam
1701 1131 1850 1171 aliquam
1863 1135 2051 1164 assecutus.
2066 1135 2207 1169 Verum,
2223 1136 2313 1174 quia,

1301 1186 1378 1222 post
1400 1183 1641 1223 obligationem
1662 1185 1857 1224 hujusmodi
1889 1186 1930 1216 ab
1953 1187 2071 1217 eodem
2096 1189 2257 1227 magistro
2283 1190 2314 1220 J.

1302 1236 1425 1267 factam
1450 1239 1481 1268 et
1499 1239 1574 1267 ante
1602 1238 1791 1276 predictum
1811 1240 1960 1278 tempus,
1981 1241 2125 1279 quedam
2145 1241 2315 1280 prebenda

1302 1290 1434 1321 vacavit
1444 1290 1583 1327 ibidem,
1593 1300 1694 1330 quam
1707 1292 1887 1331 episcopus
1898 1293 1970 1332 ipse
1980 1294 2123 1324 contulit
2134 1294 2203 1331 alii,
2217 1297 2315 1334 prout

1302 1343 1475 1382 spectabat
1487 1344 1528 1374 ad
1544 1344 1668 1383 ipsum,
1681 1344 1796 1375 fuitex
1810 1348 1903 1384 parte
1915 1346 2070 1384 jamdicti
2087 1348 2241 1386 magistri
2258 1358 2313 1379 no-

1301 1396 1356 1426 bis
1377 1396 1554 1427 humiliter
1573 1398 1802 1436 supplicatum
1824 1400 1861 1429 ut
1888 1400 2066 1438 providere
2085 1409 2186 1439 super
2205 1401 2265 1431 hoc
2282 1402 2311 1432 ei

1300 1450 1440 1486 paterna
1465 1449 1696 1479 sollicitudine
1718 1458 1926 1480 curaremus.
1943 1451 2013 1481 Nos
2038 1452 2152 1490 igitur,
2175 1452 2313 1483 obtentu

1302 1501 1416 1531 dilecti
1434 1501 1496 1531 filii
1515 1502 1623 1532 nostri
1640 1502 1698 1537 M.,
1721 1511 1748 1532 s.
1763 1503 1869 1533 Marie
1886 1504 1920 1533 in
1936 1504 2073 1534 Porticu
2094 1505 2225 1536 diaconi
2244 1515 2314 1536 car-

1301 1553 1438 1589 dinalis,
1458 1553 1556 1584 nobis
1573 1563 1675 1593 super
1693 1555 1755 1585 hoc
1772 1556 2008 1594 supplicantis,
2028 1566 2088 1596 pro
2106 1567 2143 1588 eo
2160 1559 2314 1589 volentes

1301 1607 1336 1636 in
1352 1606 1413 1637 hae
1424 1608 1519 1645 parte
1533 1607 1696 1646 magistro
1710 1609 1740 1638 J.
1754 1609 2311 1648 gratificaripredicto,discretioni

1300 1661 1357 1690 tue
1375 1660 1576 1690 mandamus
1593 1663 1772 1699 quatenus,
1792 1662 1821 1692 si
1840 1664 1890 1693 est
1908 1663 1967 1699 ita,
1984 1663 2045 1693 hoc
2062 1673 2128 1694 non
2146 1664 2311 1701 obstante,

1300 1713 1481 1751 provideas
1502 1714 1544 1750 ei,
1566 1723 1625 1752 per
1643 1716 1675 1744 te
1696 1715 1750 1744 vel
1769 1715 1885 1749 alium,
1906 1716 1945 1746 de
1963 1717 2133 1755 prebenda
2150 1718 2235 1748 nulli
2255 1719 2312 1749 alii

1301 1766 1340 1796 de
1354 1766 1429 1805 jure
1439 1766 1564 1803 debita,
1574 1767 1679 1806 siqua
1689 1768 1918 1799 vacatibidem
1929 1770 1970 1800 ad
1984 1779 2125 1808 presens
2137 1771 2314 1810 1010113111-

1300 1820 1449 1858 primum
1463 1820 1550 1850 adid
1563 1829 1598 1850 se
1610 1820 1753 1851 facultas
1772 1821 1944 1859 obtulerit,
1957 1823 2055 1861 juxta
2073 1824 2227 1862 priorum
2240 1834 2314 1855 nos—

1300 1874 1429 1903 trarum
1447 1873 1689 1904 continentiam
1704 1874 1907 1905 litterarum.
1923 1876 2049 1906 Datum
2067 1877 2155 1915 apud
2174 1877 2315 1908 Urbem-

1300 1927 1460 1960 veterem,
1477 1926 1554 1956 idus
1570 1927 1702 1966 aprilis,
1720 1936 1806 1958 anno
1825 1928 1935 1959 tertio.
1959 1940 1972 1955 »

1392 2094 1488 2124 1535

1883 2096 2007 2128 Orvieto,
2022 2096 2065 2122 1ΘΓ
2079 2096 2239 2124 1111111264.

1334 2175 1474 2209 Episcopo
1497 2179 1525 2203 et
1556 2177 1682 2211 capitulo
1708 2178 1914 2206 Salamantinis
1941 2181 2059 2207 mandat
2087 2183 2115 2207 ut
2140 2181 2312 2214 Johannem,

1299 2232 1454 2258 pauperem
1470 2225 1671 2260 presbyterum
1683 2226 1762 2254 chori
1773 2236 1872 2254 eorum
1886 2229 2035 2255 ecclesiae.
2049 2229 2160 2256 nullum
2179 2230 2270 2257 adhuc
2283 2230 2311 2257 in

1299 2272 1426 2306 praefata
1444 2273 1578 2308 ecclesia,
1595 2274 1624 2301 in
1644 2283 1697 2309 qua
1717 2275 1764 2302 diu
1782 2276 1909 2302 servivit.
1923 2285 1974 2303 nec
1991 2277 2063 2304 alias
2084 2278 2253 2305 beneficium
2268 2287 2313 2305 as-

1298 2324 1440 2357 secutum,
1451 2322 1480 2349 in
1490 2323 1700 2357 portionarium
1712 2324 1862 2358 recipiant.
1874 2326 2006 2359 (110029,
2018 2326 2064 2353 l'ol.
2083 2327 2130 2353 147
2143 2332 2180 2360 νο,
2193 2333 2224 2353 n‘·
2235 2327 2313 2361 585.)

1338 2438 1352 2458 ((
1373 2428 1531 2469 Episcopo
1546 2435 1572 2458 el
1590 2429 1710 2459 dilectis
1722 2429 1797 2468 filiis
1807 2430 1939 2470 capitulo
1952 2431 2185 2462 Salamaneinis.
2202 2433 2314 2463 Since-

1297 2482 1381 2512 ritas
1398 2484 1510 2513 vestra
1527 2482 1686 2513 benivola
1702 2500 1751 2512 —.
1768 2484 1894 2515 Datum
1912 2485 2000 2524 apud
2019 2485 2312 2522 Urbemveterem,

1297 2536 1454 2566 kalendis
1472 2536 1603 2575 aprilis,
1624 2545 1711 2567 anno
1727 2538 1840 2568 tertio.
1864 2548 1878 2567 1)

1897 2705 2022 2736 Ori-icto,
2035 2705 2051 2731 3
2067 2706 2139 2732 avril
2162 2707 2239 2733 1204.

1391 2706 1485 2736 153ss

1333 2789 1370 2814 De
1385 2791 1463 2815 certa
1478 2797 1573 2815 annua
1585 2788 1725 2823 pensione
1740 2789 1882 2823 magistro
1897 2789 2030 2822 Johanni,
2045 2789 2164 2817 (11010ιί0
2175 2790 2313 2825 Orile‘llia,

1297 2846 1312 2864 a
1330 2840 1514 2872 praeceptore
1533 2838 1687 2864 domorum
1709 2837 1826 2865 Militiae
1846 2838 1956 2872 Templi
1979 2838 2006 2864 in
2023 2839 2140 2865 Francia
2163 2839 2311 2866 solvenda.

1297 2886 1376 2919 (Rae.
1392 2887 1438 2919 29,
1457 2886 1506 2914 sol.
1528 2887 1576 2913 147
1597 2893 1635 2920 ψ’,
1653 2894 1683 2913 11ο
1703 2886 1778 2918 586.)
