<?xml version="1.0" encoding="UTF-8"?>
<!DOCTYPE html PUBLIC "-//W3C//DTD XHTML 1.0 Transitional//EN"
    "http://www.w3.org/TR/xhtml1/DTD/xhtml1-transitional.dtd">
<html xmlns="http://www.w3.org/1999/xhtml" xml:lang="en" lang="en">
 <head>
  <title>
</title>
<meta http-equiv="Content-Type" content="text/html;charset=utf-8" />
  <meta name='ocr-system' content='tesseract 3.04.00' />
  <meta name='ocr-capabilities' content='ocr_page ocr_carea ocr_par ocr_line ocrx_word'/>
</head>
<body>
  <div class='ocr_page' id='page_1' title='image "./lesregistresdurb34cath/lesregistresdurb34cath_0533.png"; bbox 0 0 2519 3262; ppageno 0'>
   <div class='ocr_carea' id='block_1_1' title="bbox 1137 272 2319 303">
    <p class='ocr_par' dir='ltr' id='par_1_1' title="bbox 1137 272 2319 303">
     <span class='ocr_line' id='line_1_1' title="bbox 1137 272 2319 303; baseline -0.004 0"><span class='ocrx_word' id='word_1_1' title='bbox 1137 272 1390 303; x_wconf 67' lang='lat' dir='ltr'>APPENDICE</span> <span class='ocrx_word' id='word_1_2' title='bbox 1417 272 1439 300; x_wconf 84' lang='grc'>1.</span> <span class='ocrx_word' id='word_1_3' title='bbox 2290 272 2319 299; x_wconf 81' lang='grc'>11</span> 
     </span>
    </p>
   </div>
   <div class='ocr_carea' id='block_1_2' title="bbox 251 371 1259 553">
    <p class='ocr_par' dir='ltr' id='par_1_2' title="bbox 251 371 1259 553">
     <span class='ocr_line' id='line_1_2' title="bbox 252 371 1258 407; baseline -0.004 -8"><span class='ocrx_word' id='word_1_4' title='bbox 252 373 286 399; x_wconf 81' lang='lat' dir='ltr'>ad</span> <span class='ocrx_word' id='word_1_5' title='bbox 313 374 448 400; x_wconf 87' lang='lat' dir='ltr'>mandata</span> <span class='ocrx_word' id='word_1_6' title='bbox 472 373 609 400; x_wconf 80' lang='lat' dir='ltr'>ecclcsiae</span> <span class='ocrx_word' id='word_1_7' title='bbox 640 373 766 400; x_wconf 81' lang='lat' dir='ltr'>redeant.</span> <span class='ocrx_word' id='word_1_8' title='bbox 796 373 964 407; x_wconf 71' lang='lat' dir='ltr'>(Boline.er</span> <span class='ocrx_word' id='word_1_9' title='bbox 988 373 1049 402; x_wconf 74' lang='grc'>7111,</span> <span class='ocrx_word' id='word_1_10' title='bbox 1070 377 1099 397; x_wconf 83' lang='grc' dir='ltr'>11ο</span> <span class='ocrx_word' id='word_1_11' title='bbox 1119 373 1152 404; x_wconf 69' lang='grc'>7;</span> <span class='ocrx_word' id='word_1_12' title='bbox 1172 371 1258 396; x_wconf 61' lang='lat' dir='ltr'>Anca.</span> 
     </span>
     <span class='ocr_line' id='line_1_3' title="bbox 253 420 1258 456; baseline -0.004 -8"><span class='ocrx_word' id='word_1_13' title='bbox 253 422 350 449; x_wconf 51' lang='lat' dir='ltr'>Vane,</span> <span class='ocrx_word' id='word_1_14' title='bbox 376 423 442 449; x_wconf 68' lang='lat' dir='ltr'>Rae.</span> <span class='ocrx_word' id='word_1_15' title='bbox 466 423 543 452; x_wconf 59' lang='grc'>291,</span> <span class='ocrx_word' id='word_1_16' title='bbox 562 429 592 449; x_wconf 81' lang='lat' dir='ltr'>n⁰</span> <span class='ocrx_word' id='word_1_17' title='bbox 613 425 644 456; x_wconf 77' lang='grc'>7;</span> <span class='ocrx_word' id='word_1_18' title='bbox 664 423 781 450; x_wconf 47' lang='lat' dir='ltr'>Virmn.</span> <span class='ocrx_word' id='word_1_19' title='bbox 809 423 882 453; x_wconf 67' lang='lat'>‹1-29,</span> <span class='ocrx_word' id='word_1_20' title='bbox 911 428 940 448; x_wconf 77' lang='lat'>11⁰</span> <span class='ocrx_word' id='word_1_21' title='bbox 964 422 1032 456; x_wconf 63' lang='lat'>3203</span> <span class='ocrx_word' id='word_1_22' title='bbox 1058 421 1136 447; x_wconf 67' lang='lat' dir='ltr'>nim..</span> <span class='ocrx_word' id='word_1_23' title='bbox 1158 420 1258 445; x_wconf 71' lang='lat' dir='ltr'>VAT1C.</span> 
     </span>
     <span class='ocr_line' id='line_1_4' title="bbox 251 468 1259 503; baseline -0.003 -6"><span class='ocrx_word' id='word_1_24' title='bbox 251 471 322 498; x_wconf 78' lang='lat'><strong>0735</strong></span> <span class='ocrx_word' id='word_1_25' title='bbox 344 477 374 497; x_wconf 71' lang='grc' dir='ltr'>11ο</span> <span class='ocrx_word' id='word_1_26' title='bbox 391 472 446 503; x_wconf 87' lang='grc'>31,·</span> <span class='ocrx_word' id='word_1_27' title='bbox 472 472 550 498; x_wconf 71' lang='grc' dir='ltr'>Β1111,</span> <span class='ocrx_word' id='word_1_28' title='bbox 581 473 652 498; x_wconf 71' lang='grc' dir='ltr'><strong>ΝΑΤ.</strong></span> <span class='ocrx_word' id='word_1_29' title='bbox 674 472 742 499; x_wconf 74' lang='lat'>4311</span> <span class='ocrx_word' id='word_1_30' title='bbox 768 478 798 498; x_wconf 70' lang='grc' dir='ltr'>11ο</span> <span class='ocrx_word' id='word_1_31' title='bbox 822 472 871 503; x_wconf 68' lang='grc'>»11;</span> <span class='ocrx_word' id='word_1_32' title='bbox 896 472 972 498; x_wconf 54' lang='grc'>111111.</span> <span class='ocrx_word' id='word_1_33' title='bbox 994 470 1065 497; x_wconf 71' lang='lat' dir='ltr'>VAT.</span> <span class='ocrx_word' id='word_1_34' title='bbox 1088 469 1157 495; x_wconf 75' lang='lat'>3077</span> <span class='ocrx_word' id='word_1_35' title='bbox 1177 474 1206 495; x_wconf 84' lang='lat' dir='ltr'>n⁰</span> <span class='ocrx_word' id='word_1_36' title='bbox 1221 468 1259 501; x_wconf 71' lang='lat'>8,</span> 
     </span>
     <span class='ocr_line' id='line_1_5' title="bbox 254 520 1015 553; baseline -0.001 -7"><span class='ocrx_word' id='word_1_37' title='bbox 254 520 332 546; x_wconf 61' lang='lat' dir='ltr'>Bnn..</span> <span class='ocrx_word' id='word_1_38' title='bbox 350 520 422 548; x_wconf 61' lang='lat' dir='ltr'>Nn.</span> <span class='ocrx_word' id='word_1_39' title='bbox 440 520 527 547; x_wconf 72' lang='grc'>’14173</span> <span class='ocrx_word' id='word_1_40' title='bbox 545 526 576 547; x_wconf 82' lang='lat' dir='ltr'>n⁰</span> <span class='ocrx_word' id='word_1_41' title='bbox 593 521 626 553; x_wconf 75' lang='lat'>83</span> <span class='ocrx_word' id='word_1_42' title='bbox 644 522 720 547; x_wconf 69' lang='lat' dir='ltr'>ssmr„</span> <span class='ocrx_word' id='word_1_43' title='bbox 740 521 810 547; x_wconf 51' lang='lat' dir='ltr'>Nar.</span> <span class='ocrx_word' id='word_1_44' title='bbox 828 520 908 550; x_wconf 55' lang='lat' dir='ltr'>&gt;tot-3,</span> <span class='ocrx_word' id='word_1_45' title='bbox 928 524 958 546; x_wconf 79' lang='grc' dir='ltr'>11ο</span> <span class='ocrx_word' id='word_1_46' title='bbox 977 521 1015 552; x_wconf 79' lang='lat'>7.)</span> 
     </span>
    </p>
   </div>
   <div class='ocr_carea' id='block_1_3' title="bbox 254 611 1268 1708">
    <p class='ocr_par' dir='ltr' id='par_1_3' title="bbox 254 611 1268 1708">
     <span class='ocr_line' id='line_1_6' title="bbox 294 611 1259 656; baseline -0.004 -12"><span class='ocrx_word' id='word_1_47' title='bbox 294 626 308 645; x_wconf 88' lang='lat'>«</span> <span class='ocrx_word' id='word_1_48' title='bbox 329 640 334 645; x_wconf 96' lang='lat'>.</span> <span class='ocrx_word' id='word_1_49' title='bbox 353 639 358 644; x_wconf 92' lang='lat'>.</span> <span class='ocrx_word' id='word_1_50' title='bbox 380 617 535 656; x_wconf 74' lang='lat' dir='ltr'><em>potestati,</em></span> <span class='ocrx_word' id='word_1_51' title='bbox 557 616 682 646; x_wconf 83' lang='lat' dir='ltr'>consilio</span> <span class='ocrx_word' id='word_1_52' title='bbox 709 621 735 645; x_wconf 81' lang='lat' dir='ltr'>et</span> <span class='ocrx_word' id='word_1_53' title='bbox 759 615 908 645; x_wconf 74' lang='lat' dir='ltr'>communi</span> <span class='ocrx_word' id='word_1_54' title='bbox 932 614 1024 643; x_wconf 76' lang='lat' dir='ltr'>castri</span> <span class='ocrx_word' id='word_1_55' title='bbox 1045 611 1259 641; x_wconf 71' lang='lat' dir='ltr'>Sancti-Seve-</span> 
     </span>
     <span class='ocr_line' id='line_1_7' title="bbox 255 663 1262 709; baseline -0.005 -11"><span class='ocrx_word' id='word_1_56' title='bbox 255 669 317 698; x_wconf 77' lang='lat' dir='ltr'>rini</span> <span class='ocrx_word' id='word_1_57' title='bbox 327 670 470 709; x_wconf 77' lang='lat' dir='ltr'>spiritum</span> <span class='ocrx_word' id='word_1_58' title='bbox 483 663 601 699; x_wconf 75' lang='lat' dir='ltr'>consilii</span> <span class='ocrx_word' id='word_1_59' title='bbox 611 670 754 699; x_wconf 76' lang='lat' dir='ltr'>sanioris.</span> <span class='ocrx_word' id='word_1_60' title='bbox 767 669 860 699; x_wconf 84' lang='lat' dir='ltr'>Licet</span> <span class='ocrx_word' id='word_1_61' title='bbox 871 668 991 698; x_wconf 81' lang='lat' dir='ltr'>habeat</span> <span class='ocrx_word' id='word_1_62' title='bbox 1004 664 1262 696; x_wconf 84' lang='lat' dir='ltr'>materecclesia</span> 
     </span>
     <span class='ocr_line' id='line_1_8' title="bbox 255 717 1262 753; baseline -0.006 -1"><span class='ocrx_word' id='word_1_63' title='bbox 255 731 391 752; x_wconf 87' lang='lat' dir='ltr'>causam</span> <span class='ocrx_word' id='word_1_64' title='bbox 410 723 514 753; x_wconf 87' lang='lat' dir='ltr'>multe</span> <span class='ocrx_word' id='word_1_65' title='bbox 530 722 735 753; x_wconf 81' lang='lat' dir='ltr'>turbationis</span> <span class='ocrx_word' id='word_1_66' title='bbox 752 724 783 752; x_wconf 87' lang='lat' dir='ltr'>et</span> <span class='ocrx_word' id='word_1_67' title='bbox 799 720 1036 752; x_wconf 77' lang='lat' dir='ltr'>commotionis</span> <span class='ocrx_word' id='word_1_68' title='bbox 1058 719 1091 748; x_wconf 92' lang='lat' dir='ltr'>in</span> <span class='ocrx_word' id='word_1_69' title='bbox 1109 717 1206 748; x_wconf 82' lang='lat' dir='ltr'>vobis</span> <span class='ocrx_word' id='word_1_70' title='bbox 1223 726 1262 747; x_wconf 76' lang='lat' dir='ltr'>ex</span> 
     </span>
     <span class='ocr_line' id='line_1_9' title="bbox 254 771 1260 814; baseline -0.006 -8"><span class='ocrx_word' id='word_1_71' title='bbox 254 784 292 806; x_wconf 86' lang='lat' dir='ltr'>eo</span> <span class='ocrx_word' id='word_1_72' title='bbox 308 776 396 814; x_wconf 87' lang='lat' dir='ltr'>quod</span> <span class='ocrx_word' id='word_1_73' title='bbox 412 785 482 811; x_wconf 71' lang='lat' dir='ltr'>vos,</span> <span class='ocrx_word' id='word_1_74' title='bbox 494 776 602 814; x_wconf 87' lang='lat' dir='ltr'>ipsius</span> <span class='ocrx_word' id='word_1_75' title='bbox 616 775 781 814; x_wconf 80' lang='lat' dir='ltr'>speciales</span> <span class='ocrx_word' id='word_1_76' title='bbox 795 775 857 804; x_wconf 82' lang='lat' dir='ltr'>lilii</span> <span class='ocrx_word' id='word_1_77' title='bbox 872 776 903 804; x_wconf 88' lang='lat' dir='ltr'>et</span> <span class='ocrx_word' id='word_1_78' title='bbox 915 773 1043 809; x_wconf 81' lang='lat' dir='ltr'>fideles,</span> <span class='ocrx_word' id='word_1_79' title='bbox 1058 771 1260 809; x_wconf 88' lang='lat' dir='ltr'>alienipror-</span> 
     </span>
     <span class='ocr_line' id='line_1_10' title="bbox 255 823 1263 863; baseline -0.006 -4"><span class='ocrx_word' id='word_1_80' title='bbox 255 838 314 858; x_wconf 87' lang='lat' dir='ltr'>sus</span> <span class='ocrx_word' id='word_1_81' title='bbox 348 829 469 863; x_wconf 80' lang='lat' dir='ltr'>effecti,</span> <span class='ocrx_word' id='word_1_82' title='bbox 494 831 526 859; x_wconf 89' lang='lat' dir='ltr'>et</span> <span class='ocrx_word' id='word_1_83' title='bbox 556 829 590 859; x_wconf 90' lang='lat' dir='ltr'>in</span> <span class='ocrx_word' id='word_1_84' title='bbox 617 828 811 859; x_wconf 82' lang='lat' dir='ltr'>rebellionis</span> <span class='ocrx_word' id='word_1_85' title='bbox 839 825 1090 856; x_wconf 83' lang='lat' dir='ltr'>inveteravistis</span> <span class='ocrx_word' id='word_1_86' title='bbox 1121 823 1263 863; x_wconf 86' lang='lat' dir='ltr'>perfidia</span> 
     </span>
     <span class='ocr_line' id='line_1_11' title="bbox 255 877 1263 913; baseline -0.006 -1"><span class='ocrx_word' id='word_1_87' title='bbox 255 883 287 912; x_wconf 89' lang='lat' dir='ltr'>et</span> <span class='ocrx_word' id='word_1_88' title='bbox 305 890 323 912; x_wconf 85' lang='lat' dir='ltr'>a</span> <span class='ocrx_word' id='word_1_89' title='bbox 345 882 469 912; x_wconf 87' lang='lat' dir='ltr'>debitis</span> <span class='ocrx_word' id='word_1_90' title='bbox 495 881 670 912; x_wconf 85' lang='lat' dir='ltr'>fidelitatis</span> <span class='ocrx_word' id='word_1_91' title='bbox 691 881 823 911; x_wconf 88' lang='lat' dir='ltr'>semitis</span> <span class='ocrx_word' id='word_1_92' title='bbox 844 879 1053 913; x_wconf 76' lang='lat' dir='ltr'>claudicatis,</span> <span class='ocrx_word' id='word_1_93' title='bbox 1081 877 1263 907; x_wconf 75' lang='lat' dir='ltr'>manifesto</span> 
     </span>
     <span class='ocr_line' id='line_1_12' title="bbox 254 931 1263 971; baseline -0.004 -6"><span class='ocrx_word' id='word_1_94' title='bbox 254 935 318 965; x_wconf 89' lang='lat' dir='ltr'>Dei</span> <span class='ocrx_word' id='word_1_95' title='bbox 348 936 380 965; x_wconf 86' lang='lat' dir='ltr'>et</span> <span class='ocrx_word' id='word_1_96' title='bbox 406 935 547 965; x_wconf 76' lang='lat' dir='ltr'>ecclesie</span> <span class='ocrx_word' id='word_1_97' title='bbox 581 935 720 964; x_wconf 88' lang='lat' dir='ltr'>inimico</span> <span class='ocrx_word' id='word_1_98' title='bbox 743 934 858 964; x_wconf 80' lang='lat' dir='ltr'>contra</span> <span class='ocrx_word' id='word_1_99' title='bbox 884 932 994 971; x_wconf 89' lang='lat' dir='ltr'>ipsam</span> <span class='ocrx_word' id='word_1_100' title='bbox 1022 931 1199 961; x_wconf 83' lang='lat' dir='ltr'>ecclesiam</span> <span class='ocrx_word' id='word_1_101' title='bbox 1232 931 1263 961; x_wconf 80' lang='lat' dir='ltr'>et</span> 
     </span>
     <span class='ocr_line' id='line_1_13' title="bbox 255 984 1262 1026; baseline -0.005 -8"><span class='ocrx_word' id='word_1_102' title='bbox 255 988 394 1018; x_wconf 88' lang='lat' dir='ltr'>devotos</span> <span class='ocrx_word' id='word_1_103' title='bbox 406 988 515 1026; x_wconf 86' lang='lat' dir='ltr'>ipsius</span> <span class='ocrx_word' id='word_1_104' title='bbox 526 988 559 1017; x_wconf 91' lang='lat' dir='ltr'>in</span> <span class='ocrx_word' id='word_1_105' title='bbox 571 988 761 1018; x_wconf 85' lang='lat' dir='ltr'>animarum</span> <span class='ocrx_word' id='word_1_106' title='bbox 776 987 966 1016; x_wconf 81' lang='lat' dir='ltr'>vestrarum</span> <span class='ocrx_word' id='word_1_107' title='bbox 978 984 1178 1023; x_wconf 84' lang='lat' dir='ltr'>periculum,</span> <span class='ocrx_word' id='word_1_108' title='bbox 1195 992 1262 1013; x_wconf 72' lang='lat' dir='ltr'>cot-</span> 
     </span>
     <span class='ocr_line' id='line_1_14' title="bbox 255 1038 1263 1080; baseline -0.006 -8"><span class='ocrx_word' id='word_1_109' title='bbox 255 1050 376 1080; x_wconf 88' lang='lat' dir='ltr'>porum</span> <span class='ocrx_word' id='word_1_110' title='bbox 393 1043 425 1072; x_wconf 89' lang='lat' dir='ltr'>et</span> <span class='ocrx_word' id='word_1_111' title='bbox 443 1041 606 1071; x_wconf 89' lang='lat' dir='ltr'>bonorum</span> <span class='ocrx_word' id='word_1_112' title='bbox 622 1040 837 1079; x_wconf 76' lang='lat' dir='ltr'>dispendium</span> <span class='ocrx_word' id='word_1_113' title='bbox 853 1039 1055 1074; x_wconf 81' lang='lat' dir='ltr'>adherendo,</span> <span class='ocrx_word' id='word_1_114' title='bbox 1070 1046 1136 1067; x_wconf 92' lang='lat' dir='ltr'>non</span> <span class='ocrx_word' id='word_1_115' title='bbox 1153 1038 1263 1075; x_wconf 88' lang='lat' dir='ltr'>potest</span> 
     </span>
     <span class='ocr_line' id='line_1_15' title="bbox 255 1090 1262 1132; baseline -0.004 -8"><span class='ocrx_word' id='word_1_116' title='bbox 255 1095 368 1124; x_wconf 87' lang='lat' dir='ltr'>tamen</span> <span class='ocrx_word' id='word_1_117' title='bbox 391 1094 532 1124; x_wconf 82' lang='lat' dir='ltr'>ecclesie</span> <span class='ocrx_word' id='word_1_118' title='bbox 550 1093 702 1132; x_wconf 83' lang='lat' dir='ltr'>ejusdem</span> <span class='ocrx_word' id='word_1_119' title='bbox 724 1094 876 1123; x_wconf 86' lang='lat' dir='ltr'>materna</span> <span class='ocrx_word' id='word_1_120' title='bbox 895 1092 1004 1131; x_wconf 88' lang='lat' dir='ltr'>pietas</span> <span class='ocrx_word' id='word_1_121' title='bbox 1028 1091 1127 1121; x_wconf 89' lang='lat' dir='ltr'>solite</span> <span class='ocrx_word' id='word_1_122' title='bbox 1153 1090 1262 1120; x_wconf 89' lang='lat' dir='ltr'>dulce-</span> 
     </span>
     <span class='ocr_line' id='line_1_16' title="bbox 256 1145 1263 1178; baseline -0.004 -1"><span class='ocrx_word' id='word_1_123' title='bbox 256 1147 345 1178; x_wconf 87' lang='lat' dir='ltr'>dinis</span> <span class='ocrx_word' id='word_1_124' title='bbox 362 1147 518 1177; x_wconf 87' lang='lat' dir='ltr'>oblivisci</span> <span class='ocrx_word' id='word_1_125' title='bbox 545 1147 604 1177; x_wconf 88' lang='lat' dir='ltr'>sed</span> <span class='ocrx_word' id='word_1_126' title='bbox 632 1147 671 1176; x_wconf 88' lang='lat' dir='ltr'>de</span> <span class='ocrx_word' id='word_1_127' title='bbox 691 1146 799 1176; x_wconf 89' lang='lat' dir='ltr'>salute</span> <span class='ocrx_word' id='word_1_128' title='bbox 825 1147 937 1176; x_wconf 83' lang='lat' dir='ltr'>vestra</span> <span class='ocrx_word' id='word_1_129' title='bbox 966 1145 1118 1175; x_wconf 82' lang='lat' dir='ltr'>redditur</span> <span class='ocrx_word' id='word_1_130' title='bbox 1153 1145 1263 1174; x_wconf 87' lang='lat' dir='ltr'>mente</span> 
     </span>
     <span class='ocr_line' id='line_1_17' title="bbox 256 1197 1264 1239; baseline -0.005 -8"><span class='ocrx_word' id='word_1_131' title='bbox 256 1201 414 1237; x_wconf 85' lang='lat' dir='ltr'>sollicita,</span> <span class='ocrx_word' id='word_1_132' title='bbox 429 1200 550 1239; x_wconf 81' lang='lat' dir='ltr'>satagit</span> <span class='ocrx_word' id='word_1_133' title='bbox 560 1208 620 1230; x_wconf 87' lang='lat' dir='ltr'>vos</span> <span class='ocrx_word' id='word_1_134' title='bbox 631 1199 672 1230; x_wconf 88' lang='lat' dir='ltr'>ab</span> <span class='ocrx_word' id='word_1_135' title='bbox 683 1199 785 1230; x_wconf 76' lang='lat' dir='ltr'>inviis</span> <span class='ocrx_word' id='word_1_136' title='bbox 801 1207 957 1229; x_wconf 86' lang='lat' dir='ltr'>revocare</span> <span class='ocrx_word' id='word_1_137' title='bbox 970 1200 1002 1228; x_wconf 89' lang='lat' dir='ltr'>et</span> <span class='ocrx_word' id='word_1_138' title='bbox 1018 1198 1058 1228; x_wconf 89' lang='lat' dir='ltr'>ad</span> <span class='ocrx_word' id='word_1_139' title='bbox 1069 1198 1159 1228; x_wconf 87' lang='lat' dir='ltr'>viam</span> <span class='ocrx_word' id='word_1_140' title='bbox 1169 1197 1264 1227; x_wconf 92' lang='lat' dir='ltr'>redu-</span> 
     </span>
     <span class='ocr_line' id='line_1_18' title="bbox 256 1251 1265 1292; baseline -0.004 -8"><span class='ocrx_word' id='word_1_141' title='bbox 256 1262 329 1284; x_wconf 89' lang='lat' dir='ltr'>cere</span> <span class='ocrx_word' id='word_1_142' title='bbox 347 1253 512 1290; x_wconf 84' lang='lat' dir='ltr'>veritatis,</span> <span class='ocrx_word' id='word_1_143' title='bbox 527 1262 567 1284; x_wconf 89' lang='lat' dir='ltr'>ne</span> <span class='ocrx_word' id='word_1_144' title='bbox 586 1253 696 1292; x_wconf 89' lang='lat' dir='ltr'>ipsius</span> <span class='ocrx_word' id='word_1_145' title='bbox 711 1255 743 1283; x_wconf 88' lang='lat' dir='ltr'>et</span> <span class='ocrx_word' id='word_1_146' title='bbox 760 1253 961 1282; x_wconf 90' lang='lat' dir='ltr'>nunciorum</span> <span class='ocrx_word' id='word_1_147' title='bbox 978 1252 1050 1290; x_wconf 85' lang='lat' dir='ltr'>ejus</span> <span class='ocrx_word' id='word_1_148' title='bbox 1067 1251 1196 1281; x_wconf 89' lang='lat' dir='ltr'>diutius</span> <span class='ocrx_word' id='word_1_149' title='bbox 1215 1258 1265 1280; x_wconf 89' lang='lat' dir='ltr'>se-</span> 
     </span>
     <span class='ocr_line' id='line_1_19' title="bbox 256 1303 1264 1346; baseline -0.004 -9"><span class='ocrx_word' id='word_1_150' title='bbox 256 1307 387 1346; x_wconf 89' lang='lat' dir='ltr'>quendo</span> <span class='ocrx_word' id='word_1_151' title='bbox 401 1306 582 1346; x_wconf 72' lang='lat' dir='ltr'>vesti[gi]a‚</span> <span class='ocrx_word' id='word_1_152' title='bbox 608 1306 642 1336; x_wconf 90' lang='lat' dir='ltr'>in</span> <span class='ocrx_word' id='word_1_153' title='bbox 660 1307 733 1345; x_wconf 88' lang='lat' dir='ltr'>ejus</span> <span class='ocrx_word' id='word_1_154' title='bbox 750 1305 951 1336; x_wconf 86' lang='lat' dir='ltr'>retiaculum</span> <span class='ocrx_word' id='word_1_155' title='bbox 967 1305 1138 1340; x_wconf 82' lang='lat' dir='ltr'>incidatis,</span> <span class='ocrx_word' id='word_1_156' title='bbox 1160 1303 1264 1334; x_wconf 91' lang='lat' dir='ltr'>simul</span> 
     </span>
     <span class='ocr_line' id='line_1_20' title="bbox 255 1357 1265 1397; baseline -0.004 -7"><span class='ocrx_word' id='word_1_157' title='bbox 255 1359 392 1390; x_wconf 86' lang='lat' dir='ltr'>tandem</span> <span class='ocrx_word' id='word_1_158' title='bbox 417 1359 452 1389; x_wconf 90' lang='lat' dir='ltr'>in</span> <span class='ocrx_word' id='word_1_159' title='bbox 468 1359 671 1397; x_wconf 82' lang='lat' dir='ltr'>perditionis</span> <span class='ocrx_word' id='word_1_160' title='bbox 693 1359 824 1389; x_wconf 82' lang='lat' dir='ltr'>foveam</span> <span class='ocrx_word' id='word_1_161' title='bbox 852 1367 928 1388; x_wconf 87' lang='lat' dir='ltr'>cum</span> <span class='ocrx_word' id='word_1_162' title='bbox 949 1358 1064 1397; x_wconf 88' lang='lat' dir='ltr'>ipso...</span> <span class='ocrx_word' id='word_1_163' title='bbox 1090 1358 1098 1377; x_wconf 88' lang='lat'>¹</span> <span class='ocrx_word' id='word_1_164' title='bbox 1123 1357 1265 1395; x_wconf 83' lang='lat' dir='ltr'>Propter</span> 
     </span>
     <span class='ocr_line' id='line_1_21' title="bbox 256 1409 1265 1451; baseline -0.004 -8"><span class='ocrx_word' id='word_1_165' title='bbox 256 1413 346 1451; x_wconf 85' lang='lat' dir='ltr'>quod</span> <span class='ocrx_word' id='word_1_166' title='bbox 371 1412 632 1442; x_wconf 86' lang='lat' dir='ltr'>universitatem</span> <span class='ocrx_word' id='word_1_167' title='bbox 660 1415 808 1441; x_wconf 87' lang='lat' dir='ltr'>vestram</span> <span class='ocrx_word' id='word_1_168' title='bbox 836 1410 988 1449; x_wconf 88' lang='lat' dir='ltr'>paternis</span> <span class='ocrx_word' id='word_1_169' title='bbox 1019 1409 1265 1440; x_wconf 84' lang='lat' dir='ltr'>monitionibus</span> 
     </span>
     <span class='ocr_line' id='line_1_22' title="bbox 257 1463 1265 1496; baseline -0.003 0"><span class='ocrx_word' id='word_1_170' title='bbox 257 1466 445 1496; x_wconf 81' lang='lat' dir='ltr'>excitamus</span> <span class='ocrx_word' id='word_1_171' title='bbox 468 1465 709 1496; x_wconf 86' lang='lat' dir='ltr'>nichilominus</span> <span class='ocrx_word' id='word_1_172' title='bbox 736 1464 833 1494; x_wconf 78' lang='lat' dir='ltr'>vohis</span> <span class='ocrx_word' id='word_1_173' title='bbox 860 1463 922 1494; x_wconf 83' lang='lat' dir='ltr'>sul&gt;</span> <span class='ocrx_word' id='word_1_174' title='bbox 948 1463 1123 1493; x_wconf 85' lang='lat' dir='ltr'>fidelitatis</span> <span class='ocrx_word' id='word_1_175' title='bbox 1153 1463 1265 1493; x_wconf 90' lang='lat' dir='ltr'>debito</span> 
     </span>
     <span class='ocr_line' id='line_1_23' title="bbox 257 1517 1266 1558; baseline -0.002 -10"><span class='ocrx_word' id='word_1_176' title='bbox 257 1519 447 1549; x_wconf 89' lang='lat' dir='ltr'>districtius</span> <span class='ocrx_word' id='word_1_177' title='bbox 469 1519 684 1558; x_wconf 66' lang='lat' dir='ltr'>injungentes</span> <span class='ocrx_word' id='word_1_178' title='bbox 708 1519 875 1557; x_wconf 84' lang='lat' dir='ltr'>quatenus</span> <span class='ocrx_word' id='word_1_179' title='bbox 901 1517 942 1547; x_wconf 87' lang='lat' dir='ltr'>ad</span> <span class='ocrx_word' id='word_1_180' title='bbox 971 1518 1084 1547; x_wconf 89' lang='lat' dir='ltr'>sinum</span> <span class='ocrx_word' id='word_1_181' title='bbox 1114 1517 1266 1556; x_wconf 85' lang='lat' dir='ltr'>ejusdem</span> 
     </span>
     <span class='ocr_line' id='line_1_24' title="bbox 257 1569 1267 1606; baseline -0.003 -4"><span class='ocrx_word' id='word_1_182' title='bbox 257 1572 377 1602; x_wconf 87' lang='lat' dir='ltr'>matris</span> <span class='ocrx_word' id='word_1_183' title='bbox 414 1571 554 1602; x_wconf 87' lang='lat' dir='ltr'>ecclesie</span> <span class='ocrx_word' id='word_1_184' title='bbox 586 1571 742 1606; x_wconf 84' lang='lat' dir='ltr'>fideliter,</span> <span class='ocrx_word' id='word_1_185' title='bbox 782 1571 861 1600; x_wconf 90' lang='lat' dir='ltr'>dum</span> <span class='ocrx_word' id='word_1_186' title='bbox 902 1570 1135 1600; x_wconf 83' lang='lat' dir='ltr'>misericordie</span> <span class='ocrx_word' id='word_1_187' title='bbox 1169 1569 1267 1600; x_wconf 86' lang='lat' dir='ltr'>vobis</span> 
     </span>
     <span class='ocr_line' id='line_1_25' title="bbox 258 1623 1268 1662; baseline -0.003 -7"><span class='ocrx_word' id='word_1_188' title='bbox 258 1626 362 1655; x_wconf 84' lang='lat' dir='ltr'>ubera</span> <span class='ocrx_word' id='word_1_189' title='bbox 389 1625 586 1661; x_wconf 76' lang='lat' dir='ltr'>offeruntur,</span> <span class='ocrx_word' id='word_1_190' title='bbox 612 1625 685 1654; x_wconf 88' lang='lat' dir='ltr'>sine</span> <span class='ocrx_word' id='word_1_191' title='bbox 703 1633 794 1654; x_wconf 86' lang='lat' dir='ltr'>inore</span> <span class='ocrx_word' id='word_1_192' title='bbox 817 1623 1007 1662; x_wconf 87' lang='lat' dir='ltr'>dispendio,</span> <span class='ocrx_word' id='word_1_193' title='bbox 1026 1623 1203 1662; x_wconf 84' lang='lat' dir='ltr'>spontanei</span> <span class='ocrx_word' id='word_1_194' title='bbox 1219 1631 1268 1653; x_wconf 91' lang='lat' dir='ltr'>re-</span> 
     </span>
     <span class='ocr_line' id='line_1_26' title="bbox 259 1678 411 1708; baseline -0.007 0"><span class='ocrx_word' id='word_1_195' title='bbox 259 1678 378 1708; x_wconf 86' lang='lat' dir='ltr'>deatis.</span> <span class='ocrx_word' id='word_1_196' title='bbox 396 1687 411 1707; x_wconf 87' lang='lat'>»</span> 
     </span>
    </p>
   </div>
   <div class='ocr_carea' id='block_1_4' title="bbox 348 1846 447 1877">
    <p class='ocr_par' dir='ltr' id='par_1_4' title="bbox 348 1846 447 1877">
     <span class='ocr_line' id='line_1_27' title="bbox 348 1846 447 1877; baseline 0 0"><span class='ocrx_word' id='word_1_197' title='bbox 348 1846 447 1877; x_wconf 77' lang='lat'>2814</span> 
     </span>
    </p>
   </div>
   <div class='ocr_carea' id='block_1_5' title="bbox 260 1935 1270 2119">
    <p class='ocr_par' dir='ltr' id='par_1_5' title="bbox 260 1935 1270 2119">
     <span class='ocr_line' id='line_1_28' title="bbox 296 1935 1270 1972; baseline -0.003 -7"><span class='ocrx_word' id='word_1_198' title='bbox 296 1938 438 1972; x_wconf 80' lang='lat' dir='ltr'>Episcopo</span> <span class='ocrx_word' id='word_1_199' title='bbox 453 1937 579 1968; x_wconf 86' lang='lat' dir='ltr'>cuidam,</span> <span class='ocrx_word' id='word_1_200' title='bbox 597 1937 676 1972; x_wconf 85' lang='lat' dir='ltr'>cujus</span> <span class='ocrx_word' id='word_1_201' title='bbox 688 1944 794 1964; x_wconf 88' lang='lat' dir='ltr'>nomen</span> <span class='ocrx_word' id='word_1_202' title='bbox 805 1945 861 1962; x_wconf 87' lang='lat' dir='ltr'>non</span> <span class='ocrx_word' id='word_1_203' title='bbox 874 1935 1043 1970; x_wconf 80' lang='lat' dir='ltr'>exprimitur</span> <span class='ocrx_word' id='word_1_204' title='bbox 1060 1936 1176 1963; x_wconf 81' lang='lat' dir='ltr'>nunciat</span> <span class='ocrx_word' id='word_1_205' title='bbox 1185 1944 1270 1971; x_wconf 85' lang='lat' dir='ltr'>quae-</span> 
     </span>
     <span class='ocr_line' id='line_1_29' title="bbox 261 1983 1269 2021; baseline -0.002 -7"><span class='ocrx_word' id='word_1_206' title='bbox 261 1988 327 2014; x_wconf 84' lang='lat' dir='ltr'>dam</span> <span class='ocrx_word' id='word_1_207' title='bbox 346 1988 380 2013; x_wconf 89' lang='grc'>(10</span> <span class='ocrx_word' id='word_1_208' title='bbox 396 1986 458 2021; x_wconf 89' lang='lat' dir='ltr'>ipso</span> <span class='ocrx_word' id='word_1_209' title='bbox 471 1986 604 2021; x_wconf 84' lang='lat' dir='ltr'>episcopo</span> <span class='ocrx_word' id='word_1_210' title='bbox 619 1986 738 2013; x_wconf 83' lang='lat' dir='ltr'>sinistra</span> <span class='ocrx_word' id='word_1_211' title='bbox 751 1985 812 2012; x_wconf 86' lang='lat' dir='ltr'>sedi</span> <span class='ocrx_word' id='word_1_212' title='bbox 825 1985 999 2019; x_wconf 82' lang='lat' dir='ltr'>apostolicae</span> <span class='ocrx_word' id='word_1_213' title='bbox 1010 1985 1157 2011; x_wconf 90' lang='lat' dir='ltr'>insinuata</span> <span class='ocrx_word' id='word_1_214' title='bbox 1170 1983 1269 2012; x_wconf 83' lang='lat' dir='ltr'>fuisse.</span> 
     </span>
     <span class='ocr_line' id='line_1_30' title="bbox 261 2034 1268 2071; baseline -0.001 -9"><span class='ocrx_word' id='word_1_215' title='bbox 261 2037 430 2071; x_wconf 68' lang='lat' dir='ltr'>(Bonnfflux</span> <span class='ocrx_word' id='word_1_216' title='bbox 443 2036 505 2067; x_wconf 74' lang='lat'>761,</span> <span class='ocrx_word' id='word_1_217' title='bbox 522 2041 551 2062; x_wconf 77' lang='grc' dir='ltr'>11ο</span> <span class='ocrx_word' id='word_1_218' title='bbox 563 2036 596 2067; x_wconf 70' lang='lat'>83</span> <span class='ocrx_word' id='word_1_219' title='bbox 613 2036 700 2062; x_wconf 70' lang='lat' dir='ltr'>Aaou.</span> <span class='ocrx_word' id='word_1_220' title='bbox 716 2035 816 2062; x_wconf 69' lang='lat' dir='ltr'>VA&#39;ric.</span> <span class='ocrx_word' id='word_1_221' title='bbox 836 2034 902 2060; x_wconf 67' lang='lat' dir='ltr'>Rea.</span> <span class='ocrx_word' id='word_1_222' title='bbox 918 2035 952 2061; x_wconf 67' lang='lat'>2‘.)</span> <span class='ocrx_word' id='word_1_223' title='bbox 968 2042 996 2066; x_wconf 72' lang='grc'>,1,</span> <span class='ocrx_word' id='word_1_224' title='bbox 1015 2040 1044 2060; x_wconf 69' lang='grc' dir='ltr'>11ο</span> <span class='ocrx_word' id='word_1_225' title='bbox 1058 2036 1092 2067; x_wconf 76' lang='grc'>8;</span> <span class='ocrx_word' id='word_1_226' title='bbox 1106 2034 1226 2060; x_wconf 71' lang='lat' dir='ltr'>VALLIC.</span> <span class='ocrx_word' id='word_1_227' title='bbox 1244 2043 1268 2061; x_wconf 87' lang='lat' dir='ltr'>c.</span> 
     </span>
     <span class='ocr_line' id='line_1_31' title="bbox 260 2083 1251 2119; baseline -0.003 -7"><span class='ocrx_word' id='word_1_228' title='bbox 260 2086 294 2112; x_wconf 75' lang='lat'>49</span> <span class='ocrx_word' id='word_1_229' title='bbox 310 2091 340 2112; x_wconf 82' lang='lat' dir='ltr'>n⁰</span> <span class='ocrx_word' id='word_1_230' title='bbox 356 2085 424 2119; x_wconf 77' lang='lat' dir='ltr'>34l;</span> <span class='ocrx_word' id='word_1_231' title='bbox 449 2085 530 2114; x_wconf 65' lang='lat' dir='ltr'>Bnu..</span> <span class='ocrx_word' id='word_1_232' title='bbox 557 2085 656 2111; x_wconf 55' lang='lat' dir='ltr'>Varie.</span> <span class='ocrx_word' id='word_1_233' title='bbox 676 2085 746 2111; x_wconf 69' lang='lat'>0735</span> <span class='ocrx_word' id='word_1_234' title='bbox 762 2090 792 2110; x_wconf 79' lang='lat' dir='ltr'>n⁰</span> <span class='ocrx_word' id='word_1_235' title='bbox 806 2083 860 2117; x_wconf 72' lang='lat'>323</span> <span class='ocrx_word' id='word_1_236' title='bbox 878 2083 956 2109; x_wconf 65' lang='lat'>131131..</span> <span class='ocrx_word' id='word_1_237' title='bbox 986 2083 1058 2110; x_wconf 47' lang='lat' dir='ltr'>Nar.</span> <span class='ocrx_word' id='word_1_238' title='bbox 1076 2083 1143 2110; x_wconf 67' lang='grc'>1311</span> <span class='ocrx_word' id='word_1_239' title='bbox 1163 2088 1195 2109; x_wconf 88' lang='lat' dir='ltr'>n⁰</span> <span class='ocrx_word' id='word_1_240' title='bbox 1218 2083 1251 2109; x_wconf 70' lang='lat'>4)</span> 
     </span>
    </p>
   </div>
   <div class='ocr_carea' id='block_1_6' title="bbox 260 2104 1270 2217">
    <p class='ocr_par' dir='ltr' id='par_1_6' title="bbox 260 2104 1270 2217">
     <span class='ocr_line' id='line_1_32' title="bbox 1236 2104 1270 2117; baseline 0 0"><span class='ocrx_word' id='word_1_241' title='bbox 1236 2104 1270 2117; x_wconf 68' lang='lat'>¹⁸¹&gt;</span> 
     </span>
     <span class='ocr_line' id='line_1_33' title="bbox 262 2132 1270 2167; baseline -0.002 -7"><span class='ocrx_word' id='word_1_242' title='bbox 262 2135 338 2161; x_wconf 78' lang='lat' dir='ltr'>Bini..</span> <span class='ocrx_word' id='word_1_243' title='bbox 358 2133 457 2160; x_wconf 53' lang='lat' dir='ltr'>Varie.</span> <span class='ocrx_word' id='word_1_244' title='bbox 474 2135 554 2164; x_wconf 73' lang='lat'>3977,</span> <span class='ocrx_word' id='word_1_245' title='bbox 574 2139 605 2160; x_wconf 82' lang='lat' dir='ltr'>n⁰</span> <span class='ocrx_word' id='word_1_246' title='bbox 621 2134 653 2167; x_wconf 77' lang='lat'>23</span> <span class='ocrx_word' id='word_1_247' title='bbox 680 2133 759 2159; x_wconf 68' lang='lat' dir='ltr'>Eiet.</span> <span class='ocrx_word' id='word_1_248' title='bbox 787 2133 857 2159; x_wconf 71' lang='lat' dir='ltr'>NAr.</span> <span class='ocrx_word' id='word_1_249' title='bbox 878 2132 975 2165; x_wconf 75' lang='grc'>14173,</span> <span class='ocrx_word' id='word_1_250' title='bbox 993 2138 1024 2158; x_wconf 84' lang='lat' dir='ltr'>n⁰</span> <span class='ocrx_word' id='word_1_251' title='bbox 1049 2134 1081 2163; x_wconf 70' lang='lat'>2,</span> <span class='ocrx_word' id='word_1_252' title='bbox 1102 2132 1179 2159; x_wconf 73' lang='lat' dir='ltr'>ssmt.</span> <span class='ocrx_word' id='word_1_253' title='bbox 1197 2132 1270 2158; x_wconf 71' lang='lat' dir='ltr'>NAT.</span> 
     </span>
     <span class='ocr_line' id='line_1_34' title="bbox 260 2184 447 2217; baseline -0.005 -7"><span class='ocrx_word' id='word_1_254' title='bbox 260 2184 342 2217; x_wconf 67' lang='lat'>4023,</span> <span class='ocrx_word' id='word_1_255' title='bbox 364 2188 393 2209; x_wconf 73' lang='grc' dir='ltr'>11ο</span> <span class='ocrx_word' id='word_1_256' title='bbox 408 2184 447 2217; x_wconf 72' lang='grc'>2.)</span> 
     </span>
    </p>
   </div>
   <div class='ocr_carea' id='block_1_7' title="bbox 263 2278 1278 2906">
    <p class='ocr_par' dir='ltr' id='par_1_7' title="bbox 263 2278 1278 2906">
     <span class='ocr_line' id='line_1_35' title="bbox 303 2278 1270 2318; baseline 0.002 -12"><span class='ocrx_word' id='word_1_257' title='bbox 303 2290 318 2306; x_wconf 89' lang='lat'>«</span> <span class='ocrx_word' id='word_1_258' title='bbox 338 2279 533 2318; x_wconf 80' lang='lat' dir='ltr'>Episcopo...</span> <span class='ocrx_word' id='word_1_259' title='bbox 560 2279 594 2310; x_wconf 84' lang='lat' dir='ltr'>Si</span> <span class='ocrx_word' id='word_1_260' title='bbox 621 2279 754 2317; x_wconf 86' lang='lat' dir='ltr'>quando</span> <span class='ocrx_word' id='word_1_261' title='bbox 779 2278 998 2308; x_wconf 87' lang='lat' dir='ltr'>ecclesiarum</span> <span class='ocrx_word' id='word_1_262' title='bbox 1018 2278 1166 2316; x_wconf 88' lang='lat' dir='ltr'>prelatos</span> <span class='ocrx_word' id='word_1_263' title='bbox 1185 2286 1270 2316; x_wconf 83' lang='lat' dir='ltr'>quos</span> 
     </span>
     <span class='ocr_line' id='line_1_36' title="bbox 263 2331 1272 2371; baseline -0.002 -9"><span class='ocrx_word' id='word_1_264' title='bbox 263 2333 377 2362; x_wconf 88' lang='lat' dir='ltr'>divina</span> <span class='ocrx_word' id='word_1_265' title='bbox 397 2332 576 2371; x_wconf 88' lang='lat' dir='ltr'>dispositio</span> <span class='ocrx_word' id='word_1_266' title='bbox 594 2332 712 2362; x_wconf 82' lang='lat' dir='ltr'>statuit</span> <span class='ocrx_word' id='word_1_267' title='bbox 730 2340 789 2370; x_wconf 93' lang='lat' dir='ltr'>per</span> <span class='ocrx_word' id='word_1_268' title='bbox 805 2331 1020 2361; x_wconf 86' lang='lat' dir='ltr'>altitudinem</span> <span class='ocrx_word' id='word_1_269' title='bbox 1045 2331 1221 2370; x_wconf 83' lang='lat' dir='ltr'>dignitatis</span> <span class='ocrx_word' id='word_1_270' title='bbox 1238 2331 1272 2360; x_wconf 89' lang='lat' dir='ltr'>in</span> 
     </span>
     <span class='ocr_line' id='line_1_37' title="bbox 264 2384 1272 2424; baseline 0 -10"><span class='ocrx_word' id='word_1_271' title='bbox 264 2385 401 2424; x_wconf 82' lang='lat' dir='ltr'>specula</span> <span class='ocrx_word' id='word_1_272' title='bbox 419 2387 463 2420; x_wconf 85' lang='lat' dir='ltr'>ut,</span> <span class='ocrx_word' id='word_1_273' title='bbox 487 2386 585 2424; x_wconf 82' lang='lat' dir='ltr'>quasi</span> <span class='ocrx_word' id='word_1_274' title='bbox 609 2385 747 2415; x_wconf 89' lang='lat' dir='ltr'>lucerna</span> <span class='ocrx_word' id='word_1_275' title='bbox 770 2393 871 2423; x_wconf 89' lang='lat' dir='ltr'>super</span> <span class='ocrx_word' id='word_1_276' title='bbox 894 2384 1133 2415; x_wconf 86' lang='lat' dir='ltr'>candelabrum</span> <span class='ocrx_word' id='word_1_277' title='bbox 1157 2384 1272 2423; x_wconf 88' lang='lat' dir='ltr'>positi,</span> 
     </span>
     <span class='ocr_line' id='line_1_38' title="bbox 264 2438 1274 2468; baseline 0 0"><span class='ocrx_word' id='word_1_278' title='bbox 264 2438 342 2468; x_wconf 86' lang='lat' dir='ltr'>aliis</span> <span class='ocrx_word' id='word_1_279' title='bbox 359 2438 508 2468; x_wconf 85' lang='lat' dir='ltr'>doctrine</span> <span class='ocrx_word' id='word_1_280' title='bbox 526 2438 653 2468; x_wconf 88' lang='lat' dir='ltr'>lumine</span> <span class='ocrx_word' id='word_1_281' title='bbox 670 2438 760 2468; x_wconf 84' lang='lat' dir='ltr'>viam</span> <span class='ocrx_word' id='word_1_282' title='bbox 780 2438 934 2468; x_wconf 85' lang='lat' dir='ltr'>veritatis</span> <span class='ocrx_word' id='word_1_283' title='bbox 955 2438 1134 2468; x_wconf 85' lang='lat' dir='ltr'>ostendant</span> <span class='ocrx_word' id='word_1_284' title='bbox 1160 2439 1192 2468; x_wconf 91' lang='lat' dir='ltr'>et</span> <span class='ocrx_word' id='word_1_285' title='bbox 1216 2446 1274 2468; x_wconf 87' lang='lat' dir='ltr'>eos</span> 
     </span>
     <span class='ocr_line' id='line_1_39' title="bbox 265 2490 1274 2530; baseline 0 -9"><span class='ocrx_word' id='word_1_286' title='bbox 265 2492 305 2522; x_wconf 84' lang='lat' dir='ltr'>ad</span> <span class='ocrx_word' id='word_1_287' title='bbox 330 2491 474 2521; x_wconf 82' lang='lat' dir='ltr'>salutem</span> <span class='ocrx_word' id='word_1_288' title='bbox 497 2490 720 2521; x_wconf 83' lang='lat' dir='ltr'>laudabilium</span> <span class='ocrx_word' id='word_1_289' title='bbox 744 2499 883 2529; x_wconf 89' lang='lat' dir='ltr'>operum</span> <span class='ocrx_word' id='word_1_290' title='bbox 910 2490 1065 2521; x_wconf 88' lang='lat' dir='ltr'>vehiculo</span> <span class='ocrx_word' id='word_1_291' title='bbox 1087 2491 1274 2530; x_wconf 84' lang='lat' dir='ltr'>exemplari</span> 
     </span>
     <span class='ocr_line' id='line_1_40' title="bbox 266 2543 1276 2583; baseline 0.001 -9"><span class='ocrx_word' id='word_1_292' title='bbox 266 2545 440 2580; x_wconf 86' lang='lat' dir='ltr'>deducant,</span> <span class='ocrx_word' id='word_1_293' title='bbox 472 2543 603 2582; x_wconf 86' lang='lat' dir='ltr'>prolabi</span> <span class='ocrx_word' id='word_1_294' title='bbox 627 2544 790 2583; x_wconf 85' lang='lat' dir='ltr'>contingit</span> <span class='ocrx_word' id='word_1_295' title='bbox 815 2544 849 2573; x_wconf 90' lang='lat' dir='ltr'>in</span> <span class='ocrx_word' id='word_1_296' title='bbox 868 2544 1014 2581; x_wconf 89' lang='lat' dir='ltr'>devium,</span> <span class='ocrx_word' id='word_1_297' title='bbox 1043 2553 1118 2574; x_wconf 89' lang='lat' dir='ltr'>cum</span> <span class='ocrx_word' id='word_1_298' title='bbox 1138 2553 1276 2583; x_wconf 86' lang='lat' dir='ltr'>peccan-</span> 
     </span>
     <span class='ocr_line' id='line_1_41' title="bbox 266 2597 1274 2636; baseline -0.001 -8"><span class='ocrx_word' id='word_1_299' title='bbox 266 2598 352 2628; x_wconf 89' lang='lat' dir='ltr'>tium</span> <span class='ocrx_word' id='word_1_300' title='bbox 383 2597 577 2627; x_wconf 85' lang='lat' dir='ltr'>sublimitas</span> <span class='ocrx_word' id='word_1_301' title='bbox 609 2597 738 2636; x_wconf 83' lang='lat' dir='ltr'>majora</span> <span class='ocrx_word' id='word_1_302' title='bbox 762 2597 863 2627; x_wconf 82' lang='lat' dir='ltr'>faeiat</span> <span class='ocrx_word' id='word_1_303' title='bbox 892 2597 1021 2635; x_wconf 85' lang='lat' dir='ltr'>judicia</span> <span class='ocrx_word' id='word_1_304' title='bbox 1049 2599 1274 2635; x_wconf 85' lang='lat' dir='ltr'>peccatorum,</span> 
     </span>
     <span class='ocr_line' id='line_1_42' title="bbox 267 2650 1275 2690; baseline -0.001 -8"><span class='ocrx_word' id='word_1_305' title='bbox 267 2653 359 2682; x_wconf 88' lang='lat' dir='ltr'>tanto</span> <span class='ocrx_word' id='word_1_306' title='bbox 376 2650 443 2689; x_wconf 88' lang='lat' dir='ltr'>ipsi</span> <span class='ocrx_word' id='word_1_307' title='bbox 458 2650 606 2689; x_wconf 87' lang='lat' dir='ltr'>profecto</span> <span class='ocrx_word' id='word_1_308' title='bbox 620 2652 716 2680; x_wconf 86' lang='lat' dir='ltr'>reatu</span> <span class='ocrx_word' id='word_1_309' title='bbox 730 2650 849 2688; x_wconf 83' lang='lat' dir='ltr'>inaj0ri</span> <span class='ocrx_word' id='word_1_310' title='bbox 864 2650 1065 2689; x_wconf 87' lang='lat' dir='ltr'>delinquunt</span> <span class='ocrx_word' id='word_1_311' title='bbox 1078 2653 1203 2689; x_wconf 83' lang='lat' dir='ltr'>quanto</span> <span class='ocrx_word' id='word_1_312' title='bbox 1221 2660 1275 2690; x_wconf 89' lang='lat' dir='ltr'>po—</span> 
     </span>
     <span class='ocr_line' id='line_1_43' title="bbox 269 2703 1277 2742; baseline -0.001 -7"><span class='ocrx_word' id='word_1_313' title='bbox 269 2705 346 2736; x_wconf 87' lang='lat' dir='ltr'>tiori</span> <span class='ocrx_word' id='word_1_314' title='bbox 363 2704 488 2734; x_wconf 88' lang='lat' dir='ltr'>honore</span> <span class='ocrx_word' id='word_1_315' title='bbox 512 2703 697 2742; x_wconf 85' lang='lat' dir='ltr'>funguntur</span> <span class='ocrx_word' id='word_1_316' title='bbox 714 2705 746 2733; x_wconf 91' lang='lat' dir='ltr'>et</span> <span class='ocrx_word' id='word_1_317' title='bbox 768 2711 806 2734; x_wconf 86' lang='lat' dir='ltr'>eo</span> <span class='ocrx_word' id='word_1_318' title='bbox 826 2703 1049 2742; x_wconf 86' lang='lat' dir='ltr'>periculosior</span> <span class='ocrx_word' id='word_1_319' title='bbox 1071 2712 1145 2734; x_wconf 89' lang='lat' dir='ltr'>esse</span> <span class='ocrx_word' id='word_1_320' title='bbox 1164 2704 1277 2734; x_wconf 91' lang='lat' dir='ltr'>dinos—</span> 
     </span>
     <span class='ocr_line' id='line_1_44' title="bbox 268 2756 1277 2796; baseline -0.002 -7"><span class='ocrx_word' id='word_1_321' title='bbox 268 2759 354 2789; x_wconf 88' lang='lat' dir='ltr'>citur</span> <span class='ocrx_word' id='word_1_322' title='bbox 372 2758 490 2796; x_wconf 85' lang='lat' dir='ltr'>lapsus</span> <span class='ocrx_word' id='word_1_323' title='bbox 506 2757 657 2796; x_wconf 89' lang='lat' dir='ltr'>ipsorum</span> <span class='ocrx_word' id='word_1_324' title='bbox 675 2765 740 2796; x_wconf 88' lang='lat' dir='ltr'>quo</span> <span class='ocrx_word' id='word_1_325' title='bbox 757 2757 791 2786; x_wconf 91' lang='lat' dir='ltr'>in</span> <span class='ocrx_word' id='word_1_326' title='bbox 808 2756 946 2796; x_wconf 85' lang='lat' dir='ltr'>gravius</span> <span class='ocrx_word' id='word_1_327' title='bbox 969 2765 1086 2787; x_wconf 88' lang='lat' dir='ltr'>eorum</span> <span class='ocrx_word' id='word_1_328' title='bbox 1104 2757 1191 2788; x_wconf 87' lang='lat' dir='ltr'>cedit</span> <span class='ocrx_word' id='word_1_329' title='bbox 1209 2757 1277 2788; x_wconf 79' lang='lat' dir='ltr'>exi-</span> 
     </span>
     <span class='ocr_line' id='line_1_45' title="bbox 268 2810 1278 2849; baseline -0.001 -7"><span class='ocrx_word' id='word_1_330' title='bbox 268 2812 354 2842; x_wconf 89' lang='lat' dir='ltr'>tium</span> <span class='ocrx_word' id='word_1_331' title='bbox 376 2812 408 2841; x_wconf 90' lang='lat' dir='ltr'>et</span> <span class='ocrx_word' id='word_1_332' title='bbox 431 2811 466 2841; x_wconf 89' lang='lat' dir='ltr'>in</span> <span class='ocrx_word' id='word_1_333' title='bbox 487 2810 701 2841; x_wconf 87' lang='lat' dir='ltr'>subditorum</span> <span class='ocrx_word' id='word_1_334' title='bbox 728 2810 837 2849; x_wconf 86' lang='lat' dir='ltr'>vergit</span> <span class='ocrx_word' id='word_1_335' title='bbox 866 2810 1047 2848; x_wconf 88' lang='lat' dir='ltr'>pernitiem</span> <span class='ocrx_word' id='word_1_336' title='bbox 1079 2819 1139 2849; x_wconf 89' lang='lat' dir='ltr'>per</span> <span class='ocrx_word' id='word_1_337' title='bbox 1166 2819 1278 2841; x_wconf 78' lang='lat' dir='ltr'>exem-</span> 
     </span>
     <span class='ocr_line' id='line_1_46' title="bbox 270 2863 1278 2906; baseline -0.001 -11"><span class='ocrx_word' id='word_1_338' title='bbox 270 2866 375 2906; x_wconf 90' lang='lat' dir='ltr'>plum.</span> <span class='ocrx_word' id='word_1_339' title='bbox 388 2864 459 2903; x_wconf 91' lang='lat' dir='ltr'>Ipsi</span> <span class='ocrx_word' id='word_1_340' title='bbox 469 2873 613 2903; x_wconf 82' lang='lat' dir='ltr'>namque</span> <span class='ocrx_word' id='word_1_341' title='bbox 625 2864 782 2897; x_wconf 53' lang='lat' dir='ltr'>laxando.</span> <span class='ocrx_word' id='word_1_342' title='bbox 796 2863 977 2903; x_wconf 84' lang='lat' dir='ltr'>instigante</span> <span class='ocrx_word' id='word_1_343' title='bbox 992 2863 1130 2895; x_wconf 88' lang='lat' dir='ltr'>humani</span> <span class='ocrx_word' id='word_1_344' title='bbox 1145 2864 1278 2904; x_wconf 89' lang='lat' dir='ltr'>generis</span> 
     </span>
    </p>
   </div>
   <div class='ocr_carea' id='block_1_8' title="bbox 304 2973 602 3000">
    <p class='ocr_par' dir='ltr' id='par_1_8' title="bbox 304 2973 602 3000">
     <span class='ocr_line' id='line_1_47' title="bbox 304 2973 602 3000; baseline -0.01 0"><span class='ocrx_word' id='word_1_345' title='bbox 304 2976 325 3000; x_wconf 87' lang='lat'>1.</span> <span class='ocrx_word' id='word_1_346' title='bbox 339 2975 383 3000; x_wconf 88' lang='lat' dir='ltr'>Un</span> <span class='ocrx_word' id='word_1_347' title='bbox 400 2976 458 2998; x_wconf 88' lang='lat' dir='ltr'>mot</span> <span class='ocrx_word' id='word_1_348' title='bbox 475 2973 602 2998; x_wconf 86' lang='lat' dir='ltr'>illisible.</span> 
     </span>
    </p>
   </div>
   <div class='ocr_carea' id='block_1_9' title="bbox 1286 637 1295 1663">
    <p class='ocr_par' dir='ltr' id='par_1_9' title="bbox 1286 637 1295 1663">
     <span class='ocr_line' id='line_1_48' title="bbox 1286 637 1295 1663; baseline 0 0"><span class='ocrx_word' id='word_1_349' title='bbox 1286 637 1295 1663; x_wconf 95' lang='lat' dir='ltr'> </span> 
     </span>
    </p>
   </div>
   <div class='ocr_carea' id='block_1_10' title="bbox 1294 1810 1307 2991">
    <p class='ocr_par' dir='ltr' id='par_1_10' title="bbox 1294 1810 1307 2991">
     <span class='ocr_line' id='line_1_49' title="bbox 1294 1810 1307 2991; baseline 0 0"><span class='ocrx_word' id='word_1_350' title='bbox 1294 1810 1307 2991; x_wconf 95' lang='lat' dir='ltr'> </span> 
     </span>
    </p>
   </div>
   <div class='ocr_carea' id='block_1_11' title="bbox 1316 365 2331 1360">
    <p class='ocr_par' dir='ltr' id='par_1_11' title="bbox 1316 365 2328 1042">
     <span class='ocr_line' id='line_1_50' title="bbox 1318 365 2323 405; baseline -0.004 -6"><span class='ocrx_word' id='word_1_351' title='bbox 1318 369 1467 404; x_wconf 89' lang='lat' dir='ltr'>inimico,</span> <span class='ocrx_word' id='word_1_352' title='bbox 1488 368 1695 405; x_wconf 72' lang='lat' dir='ltr'>voluptatum</span> <span class='ocrx_word' id='word_1_353' title='bbox 1716 366 1874 402; x_wconf 78' lang='lat' dir='ltr'>habenas,</span> <span class='ocrx_word' id='word_1_354' title='bbox 1890 367 1995 396; x_wconf 86' lang='lat' dir='ltr'>semet</span> <span class='ocrx_word' id='word_1_355' title='bbox 2011 366 2041 394; x_wconf 88' lang='lat' dir='ltr'>in</span> <span class='ocrx_word' id='word_1_356' title='bbox 2063 366 2170 395; x_wconf 86' lang='lat' dir='ltr'>lacum</span> <span class='ocrx_word' id='word_1_357' title='bbox 2188 365 2323 395; x_wconf 60' lang='lat' dir='ltr'>miserie</span> 
     </span>
     <span class='ocr_line' id='line_1_51' title="bbox 1317 418 2323 458; baseline -0.006 -6"><span class='ocrx_word' id='word_1_358' title='bbox 1317 431 1353 452; x_wconf 84' lang='lat' dir='ltr'>ac</span> <span class='ocrx_word' id='word_1_359' title='bbox 1374 422 1407 451; x_wconf 90' lang='lat' dir='ltr'>in</span> <span class='ocrx_word' id='word_1_360' title='bbox 1428 421 1535 451; x_wconf 91' lang='lat' dir='ltr'>lutum</span> <span class='ocrx_word' id='word_1_361' title='bbox 1557 421 1636 449; x_wconf 68' lang='lat' dir='ltr'>fecis</span> <span class='ocrx_word' id='word_1_362' title='bbox 1657 420 1861 458; x_wconf 82' lang='lat' dir='ltr'>immergunt</span> <span class='ocrx_word' id='word_1_363' title='bbox 1886 421 1917 449; x_wconf 86' lang='lat' dir='ltr'>et</span> <span class='ocrx_word' id='word_1_364' title='bbox 1936 419 1992 457; x_wconf 83' lang='lat' dir='ltr'>qui</span> <span class='ocrx_word' id='word_1_365' title='bbox 2015 418 2165 456; x_wconf 83' lang='lat' dir='ltr'>deputati</span> <span class='ocrx_word' id='word_1_366' title='bbox 2195 418 2323 447; x_wconf 69' lang='lat' dir='ltr'>fuerant</span> 
     </span>
     <span class='ocr_line' id='line_1_52' title="bbox 1317 470 2323 511; baseline -0.005 -7"><span class='ocrx_word' id='word_1_367' title='bbox 1317 475 1357 504; x_wconf 84' lang='lat' dir='ltr'>ad</span> <span class='ocrx_word' id='word_1_368' title='bbox 1371 474 1591 504; x_wconf 61' lang='lat' dir='ltr'>directionem</span> <span class='ocrx_word' id='word_1_369' title='bbox 1606 475 1637 502; x_wconf 86' lang='lat' dir='ltr'>ct</span> <span class='ocrx_word' id='word_1_370' title='bbox 1657 473 1805 511; x_wconf 78' lang='lat' dir='ltr'>regimen</span> <span class='ocrx_word' id='word_1_371' title='bbox 1823 472 2036 511; x_wconf 85' lang='lat' dir='ltr'>populorum,</span> <span class='ocrx_word' id='word_1_372' title='bbox 2062 470 2140 500; x_wconf 84' lang='lat' dir='ltr'>facti</span> <span class='ocrx_word' id='word_1_373' title='bbox 2155 470 2204 499; x_wconf 84' lang='lat' dir='ltr'>eis</span> <span class='ocrx_word' id='word_1_374' title='bbox 2221 471 2253 499; x_wconf 90' lang='lat' dir='ltr'>in</span> <span class='ocrx_word' id='word_1_375' title='bbox 2270 471 2323 499; x_wconf 69' lang='lat' dir='ltr'>‹le-</span> 
     </span>
     <span class='ocr_line' id='line_1_53' title="bbox 1316 523 2324 564; baseline -0.005 -8"><span class='ocrx_word' id='word_1_376' title='bbox 1316 527 1500 557; x_wconf 87' lang='lat' dir='ltr'>viationem</span> <span class='ocrx_word' id='word_1_377' title='bbox 1524 526 1635 564; x_wconf 77' lang='lat' dir='ltr'>potius</span> <span class='ocrx_word' id='word_1_378' title='bbox 1658 528 1689 555; x_wconf 90' lang='lat' dir='ltr'>et</span> <span class='ocrx_word' id='word_1_379' title='bbox 1720 526 1863 560; x_wconf 87' lang='lat' dir='ltr'>ruinam,</span> <span class='ocrx_word' id='word_1_380' title='bbox 1890 526 1938 555; x_wconf 86' lang='lat' dir='ltr'>tot</span> <span class='ocrx_word' id='word_1_381' title='bbox 1964 534 1998 554; x_wconf 86' lang='lat' dir='ltr'>se</span> <span class='ocrx_word' id='word_1_382' title='bbox 2014 523 2180 554; x_wconf 84' lang='lat' dir='ltr'>mortibus</span> <span class='ocrx_word' id='word_1_383' title='bbox 2206 523 2324 561; x_wconf 66' lang='lat' dir='ltr'>dignos</span> 
     </span>
     <span class='ocr_line' id='line_1_54' title="bbox 1317 577 2324 618; baseline -0.006 -8"><span class='ocrx_word' id='word_1_384' title='bbox 1317 580 1461 610; x_wconf 89' lang='lat' dir='ltr'>reddunt</span> <span class='ocrx_word' id='word_1_385' title='bbox 1486 582 1566 618; x_wconf 81' lang='lat' dir='ltr'>quot</span> <span class='ocrx_word' id='word_1_386' title='bbox 1587 579 1628 608; x_wconf 88' lang='lat' dir='ltr'>ad</span> <span class='ocrx_word' id='word_1_387' title='bbox 1651 578 1805 608; x_wconf 82' lang='lat' dir='ltr'>subditos</span> <span class='ocrx_word' id='word_1_388' title='bbox 1825 577 2026 616; x_wconf 76' lang='lat' dir='ltr'>perditionis</span> <span class='ocrx_word' id='word_1_389' title='bbox 2049 577 2203 615; x_wconf 78' lang='lat' dir='ltr'>exempla</span> <span class='ocrx_word' id='word_1_390' title='bbox 2218 578 2324 605; x_wconf 74' lang='lat' dir='ltr'>trans-</span> 
     </span>
     <span class='ocr_line' id='line_1_55' title="bbox 1318 629 2324 670; baseline -0.005 -8"><span class='ocrx_word' id='word_1_391' title='bbox 1318 633 1465 662; x_wconf 84' lang='lat' dir='ltr'>mittunt..</span> <span class='ocrx_word' id='word_1_392' title='bbox 1484 633 1680 670; x_wconf 51' lang='lat' dir='ltr'>Eam-optem</span> <span class='ocrx_word' id='word_1_393' title='bbox 1699 640 1772 660; x_wconf 74' lang='lat' dir='ltr'>rum</span> <span class='ocrx_word' id='word_1_394' title='bbox 1791 632 1830 661; x_wconf 85' lang='lat' dir='ltr'>de</span> <span class='ocrx_word' id='word_1_395' title='bbox 1846 631 2001 669; x_wconf 79' lang='lat' dir='ltr'>personis</span> <span class='ocrx_word' id='word_1_396' title='bbox 2019 629 2203 668; x_wconf 84' lang='lat' dir='ltr'>pontificali</span> <span class='ocrx_word' id='word_1_397' title='bbox 2221 629 2324 667; x_wconf 88' lang='lat' dir='ltr'>digni-</span> 
     </span>
     <span class='ocr_line' id='line_1_56' title="bbox 1317 683 2322 724; baseline -0.005 -8"><span class='ocrx_word' id='word_1_398' title='bbox 1317 687 1385 716; x_wconf 82' lang='lat' dir='ltr'>tate</span> <span class='ocrx_word' id='word_1_399' title='bbox 1401 685 1544 724; x_wconf 82' lang='lat' dir='ltr'>preditis</span> <span class='ocrx_word' id='word_1_400' title='bbox 1564 685 1622 714; x_wconf 83' lang='lat' dir='ltr'>illa</span> <span class='ocrx_word' id='word_1_401' title='bbox 1640 687 1754 714; x_wconf 75' lang='lat' dir='ltr'>nostro</span> <span class='ocrx_word' id='word_1_402' title='bbox 1779 686 1973 714; x_wconf 84' lang='lat' dir='ltr'>reserantur</span> <span class='ocrx_word' id='word_1_403' title='bbox 1992 683 2108 713; x_wconf 86' lang='lat' dir='ltr'>auditu</span> <span class='ocrx_word' id='word_1_404' title='bbox 2132 691 2195 721; x_wconf 79' lang='lat' dir='ltr'>que</span> <span class='ocrx_word' id='word_1_405' title='bbox 2214 684 2322 720; x_wconf 87' lang='lat' dir='ltr'>pasto-</span> 
     </span>
     <span class='ocr_line' id='line_1_57' title="bbox 1318 735 2326 775; baseline -0.004 -7"><span class='ocrx_word' id='word_1_406' title='bbox 1318 739 1400 768; x_wconf 88' lang='lat' dir='ltr'>ralis</span> <span class='ocrx_word' id='word_1_407' title='bbox 1419 738 1521 768; x_wconf 85' lang='lat' dir='ltr'>ol&#39;ticii</span> <span class='ocrx_word' id='word_1_408' title='bbox 1539 738 1699 767; x_wconf 81' lang='lat' dir='ltr'>dedecent</span> <span class='ocrx_word' id='word_1_409' title='bbox 1715 737 1907 775; x_wconf 83' lang='lat' dir='ltr'>puritatem,</span> <span class='ocrx_word' id='word_1_410' title='bbox 1927 736 2039 775; x_wconf 77' lang='lat' dir='ltr'>gravis</span> <span class='ocrx_word' id='word_1_411' title='bbox 2059 745 2119 765; x_wconf 81' lang='lat' dir='ltr'>nos</span> <span class='ocrx_word' id='word_1_412' title='bbox 2137 735 2326 765; x_wconf 84' lang='lat' dir='ltr'>amaritudo</span> 
     </span>
     <span class='ocr_line' id='line_1_58' title="bbox 1319 788 2326 830; baseline -0.005 -8"><span class='ocrx_word' id='word_1_413' title='bbox 1319 791 1472 830; x_wconf 88' lang='lat' dir='ltr'>percellit</span> <span class='ocrx_word' id='word_1_414' title='bbox 1490 793 1521 821; x_wconf 87' lang='lat' dir='ltr'>et</span> <span class='ocrx_word' id='word_1_415' title='bbox 1550 791 1590 820; x_wconf 90' lang='lat' dir='ltr'>ad</span> <span class='ocrx_word' id='word_1_416' title='bbox 1607 799 1644 820; x_wconf 86' lang='lat' dir='ltr'>ea</span> <span class='ocrx_word' id='word_1_417' title='bbox 1667 790 1839 828; x_wconf 87' lang='lat' dir='ltr'>purganda</span> <span class='ocrx_word' id='word_1_418' title='bbox 1867 798 1926 828; x_wconf 85' lang='lat' dir='ltr'>per</span> <span class='ocrx_word' id='word_1_419' title='bbox 1950 789 2181 827; x_wconf 81' lang='lat' dir='ltr'>castigationis</span> <span class='ocrx_word' id='word_1_420' title='bbox 2201 788 2326 818; x_wconf 83' lang='lat' dir='ltr'>antido-</span> 
     </span>
     <span class='ocr_line' id='line_1_59' title="bbox 1318 841 2327 880; baseline -0.005 -5"><span class='ocrx_word' id='word_1_421' title='bbox 1318 847 1402 880; x_wconf 88' lang='lat' dir='ltr'>tum,</span> <span class='ocrx_word' id='word_1_422' title='bbox 1431 844 1460 874; x_wconf 87' lang='lat' dir='ltr'>si</span> <span class='ocrx_word' id='word_1_423' title='bbox 1482 844 1622 874; x_wconf 83' lang='lat' dir='ltr'>veritate</span> <span class='ocrx_word' id='word_1_424' title='bbox 1647 844 1806 878; x_wconf 81' lang='lat' dir='ltr'>nitantur,</span> <span class='ocrx_word' id='word_1_425' title='bbox 1833 845 1888 872; x_wconf 89' lang='lat' dir='ltr'>aut</span> <span class='ocrx_word' id='word_1_426' title='bbox 1907 843 1936 872; x_wconf 90' lang='lat' dir='ltr'>si</span> <span class='ocrx_word' id='word_1_427' title='bbox 1961 842 2074 872; x_wconf 82' lang='lat' dir='ltr'>forsan</span> <span class='ocrx_word' id='word_1_428' title='bbox 2100 841 2264 880; x_wconf 73' lang='lat' dir='ltr'>originem</span> <span class='ocrx_word' id='word_1_429' title='bbox 2288 841 2327 870; x_wconf 71' lang='lat' dir='ltr'>(le</span> 
     </span>
     <span class='ocr_line' id='line_1_60' title="bbox 1320 894 2327 935; baseline -0.003 -9"><span class='ocrx_word' id='word_1_430' title='bbox 1320 897 1481 927; x_wconf 85' lang='lat' dir='ltr'>falsitatis</span> <span class='ocrx_word' id='word_1_431' title='bbox 1503 906 1679 935; x_wconf 75' lang='lat' dir='ltr'>sumpsere</span> <span class='ocrx_word' id='word_1_432' title='bbox 1700 896 1881 935; x_wconf 80' lang='lat' dir='ltr'>tigmentis,</span> <span class='ocrx_word' id='word_1_433' title='bbox 1908 896 1947 925; x_wconf 90' lang='lat' dir='ltr'>ad</span> <span class='ocrx_word' id='word_1_434' title='bbox 1976 897 2127 925; x_wconf 81' lang='lat' dir='ltr'>cementa</span> <span class='ocrx_word' id='word_1_435' title='bbox 2155 894 2327 924; x_wconf 81' lang='lat' dir='ltr'>fictionum</span> 
     </span>
     <span class='ocr_line' id='line_1_61' title="bbox 1319 947 2328 989; baseline -0.003 -10"><span class='ocrx_word' id='word_1_436' title='bbox 1319 950 1513 989; x_wconf 86' lang='lat' dir='ltr'>hujusmodi</span> <span class='ocrx_word' id='word_1_437' title='bbox 1537 949 1731 985; x_wconf 76' lang='lat' dir='ltr'>cohibenda,</span> <span class='ocrx_word' id='word_1_438' title='bbox 1750 950 1907 988; x_wconf 86' lang='lat' dir='ltr'>prompta</span> <span class='ocrx_word' id='word_1_439' title='bbox 1930 947 2142 978; x_wconf 81' lang='lat' dir='ltr'>officiositate</span> <span class='ocrx_word' id='word_1_440' title='bbox 2160 948 2328 985; x_wconf 76' lang='lat' dir='ltr'>consurgi-</span> 
     </span>
     <span class='ocr_line' id='line_1_62' title="bbox 1320 1001 2119 1042; baseline -0.004 -9"><span class='ocrx_word' id='word_1_441' title='bbox 1320 1012 1396 1033; x_wconf 90' lang='lat' dir='ltr'>mus</span> <span class='ocrx_word' id='word_1_442' title='bbox 1413 1005 1444 1033; x_wconf 91' lang='lat' dir='ltr'>et</span> <span class='ocrx_word' id='word_1_443' title='bbox 1461 1003 1614 1033; x_wconf 82' lang='lat' dir='ltr'>officiosa</span> <span class='ocrx_word' id='word_1_444' title='bbox 1630 1002 1897 1042; x_wconf 80' lang='lat' dir='ltr'>promptitudine</span> <span class='ocrx_word' id='word_1_445' title='bbox 1913 1001 2119 1032; x_wconf 78' lang='lat' dir='ltr'>laboramus.</span> 
     </span>
    </p>

    <p class='ocr_par' dir='ltr' id='par_1_12' title="bbox 1321 1053 2331 1360">
     <span class='ocr_line' id='line_1_63' title="bbox 1361 1053 2329 1095; baseline -0.003 -9"><span class='ocrx_word' id='word_1_446' title='bbox 1361 1056 1448 1086; x_wconf 86' lang='lat' dir='ltr'>Hinc</span> <span class='ocrx_word' id='word_1_447' title='bbox 1464 1058 1515 1086; x_wconf 89' lang='lat' dir='ltr'>est</span> <span class='ocrx_word' id='word_1_448' title='bbox 1532 1056 1621 1095; x_wconf 84' lang='lat' dir='ltr'>quod</span> <span class='ocrx_word' id='word_1_449' title='bbox 1640 1064 1701 1086; x_wconf 87' lang='lat' dir='ltr'>nos</span> <span class='ocrx_word' id='word_1_450' title='bbox 1725 1055 1948 1086; x_wconf 80' lang='lat' dir='ltr'>fraternitatis</span> <span class='ocrx_word' id='word_1_451' title='bbox 1966 1056 2022 1084; x_wconf 89' lang='lat' dir='ltr'>tue</span> <span class='ocrx_word' id='word_1_452' title='bbox 2041 1054 2200 1084; x_wconf 86' lang='lat' dir='ltr'>nolumus</span> <span class='ocrx_word' id='word_1_453' title='bbox 2226 1053 2329 1084; x_wconf 88' lang='lat' dir='ltr'>latere</span> 
     </span>
     <span class='ocr_line' id='line_1_64' title="bbox 1321 1107 2331 1148; baseline -0.003 -9"><span class='ocrx_word' id='word_1_454' title='bbox 1321 1109 1481 1140; x_wconf 86' lang='lat' dir='ltr'>noticiam</span> <span class='ocrx_word' id='word_1_455' title='bbox 1505 1109 1648 1148; x_wconf 81' lang='lat' dir='ltr'>quedam</span> <span class='ocrx_word' id='word_1_456' title='bbox 1675 1118 1781 1147; x_wconf 91' lang='lat' dir='ltr'>nuper</span> <span class='ocrx_word' id='word_1_457' title='bbox 1802 1109 1910 1138; x_wconf 83' lang='lat' dir='ltr'>fuisse</span> <span class='ocrx_word' id='word_1_458' title='bbox 1927 1108 1967 1138; x_wconf 89' lang='lat' dir='ltr'>de</span> <span class='ocrx_word' id='word_1_459' title='bbox 1987 1110 2019 1138; x_wconf 86' lang='lat' dir='ltr'>te</span> <span class='ocrx_word' id='word_1_460' title='bbox 2038 1107 2136 1137; x_wconf 83' lang='lat' dir='ltr'>nobis</span> <span class='ocrx_word' id='word_1_461' title='bbox 2161 1107 2331 1137; x_wconf 86' lang='lat' dir='ltr'>insinuata</span> 
     </span>
     <span class='ocr_line' id='line_1_65' title="bbox 1321 1161 2331 1201; baseline -0.002 -9"><span class='ocrx_word' id='word_1_462' title='bbox 1321 1163 1461 1193; x_wconf 89' lang='lat' dir='ltr'>sinistra</span> <span class='ocrx_word' id='word_1_463' title='bbox 1479 1171 1554 1201; x_wconf 86' lang='lat' dir='ltr'>que,</span> <span class='ocrx_word' id='word_1_464' title='bbox 1575 1162 1614 1198; x_wconf 90' lang='lat' dir='ltr'>si,</span> <span class='ocrx_word' id='word_1_465' title='bbox 1637 1162 1725 1201; x_wconf 77' lang='lat' dir='ltr'>quod</span> <span class='ocrx_word' id='word_1_466' title='bbox 1743 1162 1842 1197; x_wconf 85' lang='lat' dir='ltr'>absit,</span> <span class='ocrx_word' id='word_1_467' title='bbox 1869 1162 1997 1192; x_wconf 78' lang='lat' dir='ltr'>veritas</span> <span class='ocrx_word' id='word_1_468' title='bbox 2013 1161 2136 1191; x_wconf 86' lang='lat' dir='ltr'>relatui</span> <span class='ocrx_word' id='word_1_469' title='bbox 2155 1161 2331 1191; x_wconf 87' lang='lat' dir='ltr'>concorda-</span> 
     </span>
     <span class='ocr_line' id='line_1_66' title="bbox 1321 1212 2331 1253; baseline -0.004 -7"><span class='ocrx_word' id='word_1_470' title='bbox 1321 1217 1383 1251; x_wconf 89' lang='lat' dir='ltr'>ret,</span> <span class='ocrx_word' id='word_1_471' title='bbox 1409 1224 1475 1245; x_wconf 89' lang='lat' dir='ltr'>non</span> <span class='ocrx_word' id='word_1_472' title='bbox 1499 1218 1612 1246; x_wconf 87' lang='lat' dir='ltr'>essent</span> <span class='ocrx_word' id='word_1_473' title='bbox 1633 1215 1921 1245; x_wconf 84' lang='lat' dir='ltr'>dissimulationis</span> <span class='ocrx_word' id='word_1_474' title='bbox 1948 1215 2154 1244; x_wconf 84' lang='lat' dir='ltr'>transeunda</span> <span class='ocrx_word' id='word_1_475' title='bbox 2179 1212 2331 1253; x_wconf 87' lang='lat' dir='ltr'>neglectu</span> 
     </span>
     <span class='ocr_line' id='line_1_67' title="bbox 1323 1267 2329 1308; baseline -0.002 -9"><span class='ocrx_word' id='word_1_476' title='bbox 1323 1270 1382 1299; x_wconf 86' lang='lat' dir='ltr'>sed</span> <span class='ocrx_word' id='word_1_477' title='bbox 1401 1269 1585 1308; x_wconf 85' lang='lat' dir='ltr'>apostolice</span> <span class='ocrx_word' id='word_1_478' title='bbox 1603 1269 1721 1298; x_wconf 88' lang='lat' dir='ltr'>limam</span> <span class='ocrx_word' id='word_1_479' title='bbox 1742 1268 1961 1298; x_wconf 82' lang='lat' dir='ltr'>correctionis</span> <span class='ocrx_word' id='word_1_480' title='bbox 1977 1269 2210 1306; x_wconf 79' lang='lat' dir='ltr'>exposcerent,</span> <span class='ocrx_word' id='word_1_481' title='bbox 2237 1269 2267 1297; x_wconf 90' lang='lat' dir='ltr'>et</span> <span class='ocrx_word' id='word_1_482' title='bbox 2289 1267 2329 1297; x_wconf 88' lang='lat' dir='ltr'>ad</span> 
     </span>
     <span class='ocr_line' id='line_1_68' title="bbox 1323 1320 2153 1360; baseline -0.002 -8"><span class='ocrx_word' id='word_1_483' title='bbox 1323 1322 1474 1353; x_wconf 83' lang='lat' dir='ltr'>debitum</span> <span class='ocrx_word' id='word_1_484' title='bbox 1491 1321 1718 1352; x_wconf 86' lang='lat' dir='ltr'>adhibendum</span> <span class='ocrx_word' id='word_1_485' title='bbox 1737 1321 1825 1351; x_wconf 85' lang='lat' dir='ltr'>circa</span> <span class='ocrx_word' id='word_1_486' title='bbox 1842 1321 1915 1360; x_wconf 88' lang='lat' dir='ltr'>ipsa</span> <span class='ocrx_word' id='word_1_487' title='bbox 1932 1321 2114 1351; x_wconf 87' lang='lat' dir='ltr'>consilium</span> <span class='ocrx_word' id='word_1_488' title='bbox 2134 1320 2153 1349; x_wconf 85' lang='lat'>¹.</span> 
     </span>
    </p>
   </div>
   <div class='ocr_carea' id='block_1_12' title="bbox 1414 1482 1591 1513">
    <p class='ocr_par' dir='ltr' id='par_1_13' title="bbox 1414 1482 1591 1513">
     <span class='ocr_line' id='line_1_69' title="bbox 1414 1482 1591 1513; baseline 0 -1"><span class='ocrx_word' id='word_1_489' title='bbox 1414 1482 1511 1512; x_wconf 75' lang='lat'>2814</span> <span class='ocrx_word' id='word_1_490' title='bbox 1529 1483 1591 1513; x_wconf 82' lang='lat' dir='ltr'>bis.</span> 
     </span>
    </p>
   </div>
   <div class='ocr_carea' id='block_1_13' title="bbox 1324 1571 2332 1706">
    <p class='ocr_par' dir='ltr' id='par_1_14' title="bbox 1324 1571 2332 1706">
     <span class='ocr_line' id='line_1_70' title="bbox 1361 1571 2331 1608; baseline -0.003 -8"><span class='ocrx_word' id='word_1_491' title='bbox 1361 1574 1415 1600; x_wconf 88' lang='lat' dir='ltr'>Sub</span> <span class='ocrx_word' id='word_1_492' title='bbox 1423 1574 1523 1600; x_wconf 87' lang='lat' dir='ltr'>eodem</span> <span class='ocrx_word' id='word_1_493' title='bbox 1538 1581 1669 1606; x_wconf 78' lang='lat' dir='ltr'>numero,</span> <span class='ocrx_word' id='word_1_494' title='bbox 1687 1573 1855 1607; x_wconf 74' lang='lat' dir='ltr'>prinoipem,</span> <span class='ocrx_word' id='word_1_495' title='bbox 1869 1573 1950 1608; x_wconf 86' lang='lat' dir='ltr'>cujus</span> <span class='ocrx_word' id='word_1_496' title='bbox 1959 1579 2066 1599; x_wconf 86' lang='lat' dir='ltr'>nomen</span> <span class='ocrx_word' id='word_1_497' title='bbox 2080 1580 2136 1599; x_wconf 92' lang='lat' dir='ltr'>non</span> <span class='ocrx_word' id='word_1_498' title='bbox 2151 1571 2331 1606; x_wconf 80' lang='lat' dir='ltr'>exprimitur,</span> 
     </span>
     <span class='ocr_line' id='line_1_71' title="bbox 1326 1620 2332 1656; baseline -0.001 -8"><span class='ocrx_word' id='word_1_499' title='bbox 1326 1622 1422 1649; x_wconf 86' lang='lat' dir='ltr'>laudat</span> <span class='ocrx_word' id='word_1_500' title='bbox 1438 1623 1472 1649; x_wconf 88' lang='lat' dir='ltr'>de</span> <span class='ocrx_word' id='word_1_501' title='bbox 1496 1622 1568 1648; x_wconf 85' lang='lat' dir='ltr'>bono</span> <span class='ocrx_word' id='word_1_502' title='bbox 1592 1622 1680 1656; x_wconf 82' lang='lat' dir='ltr'>ipsius</span> <span class='ocrx_word' id='word_1_503' title='bbox 1698 1622 1842 1656; x_wconf 83' lang='lat' dir='ltr'>proposito</span> <span class='ocrx_word' id='word_1_504' title='bbox 1859 1621 1941 1656; x_wconf 82' lang='lat' dir='ltr'>eique</span> <span class='ocrx_word' id='word_1_505' title='bbox 1970 1622 2087 1648; x_wconf 81' lang='lat' dir='ltr'>mandat</span> <span class='ocrx_word' id='word_1_506' title='bbox 2105 1624 2133 1648; x_wconf 89' lang='lat' dir='ltr'>ut</span> <span class='ocrx_word' id='word_1_507' title='bbox 2153 1620 2332 1655; x_wconf 83' lang='lat' dir='ltr'>patriarchae</span> 
     </span>
     <span class='ocr_line' id='line_1_72' title="bbox 1324 1670 1722 1706; baseline -0.005 -8"><span class='ocrx_word' id='word_1_508' title='bbox 1324 1670 1565 1706; x_wconf 68' lang='lat' dir='ltr'>Jerosolymitano</span> <span class='ocrx_word' id='word_1_509' title='bbox 1582 1670 1722 1697; x_wconf 79' lang='lat' dir='ltr'>intendat.</span> 
     </span>
    </p>
   </div>
   <div class='ocr_carea' id='block_1_14' title="bbox 1327 1767 2344 2816">
    <p class='ocr_par' dir='ltr' id='par_1_15' title="bbox 1327 1767 2344 2816">
     <span class='ocr_line' id='line_1_73' title="bbox 1366 1767 2334 1808; baseline -0.004 -8"><span class='ocrx_word' id='word_1_510' title='bbox 1366 1781 1380 1797; x_wconf 93' lang='lat'>«</span> <span class='ocrx_word' id='word_1_511' title='bbox 1393 1768 1865 1808; x_wconf 84' lang='lat' dir='ltr'>Predicatsacribaptismatis</span> <span class='ocrx_word' id='word_1_512' title='bbox 1875 1769 1963 1798; x_wconf 89' lang='lat' dir='ltr'>unda</span> <span class='ocrx_word' id='word_1_513' title='bbox 1974 1767 2334 1802; x_wconf 86' lang='lat' dir='ltr'>renasci‚christicola-</span> 
     </span>
     <span class='ocr_line' id='line_1_74' title="bbox 1327 1821 2334 1861; baseline -0.003 -8"><span class='ocrx_word' id='word_1_514' title='bbox 1327 1833 1401 1854; x_wconf 89' lang='lat' dir='ltr'>rum</span> <span class='ocrx_word' id='word_1_515' title='bbox 1421 1822 1637 1853; x_wconf 87' lang='lat' dir='ltr'>annumerari</span> <span class='ocrx_word' id='word_1_516' title='bbox 1663 1822 1804 1861; x_wconf 82' lang='lat' dir='ltr'>collegio</span> <span class='ocrx_word' id='word_1_517' title='bbox 1823 1823 1855 1852; x_wconf 91' lang='lat' dir='ltr'>et</span> <span class='ocrx_word' id='word_1_518' title='bbox 1873 1821 2049 1851; x_wconf 84' lang='lat' dir='ltr'>christiani</span> <span class='ocrx_word' id='word_1_519' title='bbox 2070 1821 2217 1851; x_wconf 88' lang='lat' dir='ltr'>nominis</span> <span class='ocrx_word' id='word_1_520' title='bbox 2234 1821 2334 1851; x_wconf 91' lang='lat' dir='ltr'>titulo</span> 
     </span>
     <span class='ocr_line' id='line_1_75' title="bbox 1328 1874 2334 1916; baseline -0.003 -10"><span class='ocrx_word' id='word_1_521' title='bbox 1328 1877 1496 1916; x_wconf 71' lang='lat' dir='ltr'>insigniri,</span> <span class='ocrx_word' id='word_1_522' title='bbox 1514 1877 1553 1906; x_wconf 88' lang='lat' dir='ltr'>ad</span> <span class='ocrx_word' id='word_1_523' title='bbox 1567 1876 1656 1914; x_wconf 85' lang='lat' dir='ltr'>quod</span> <span class='ocrx_word' id='word_1_524' title='bbox 1674 1876 1762 1905; x_wconf 88' lang='lat' dir='ltr'>idem</span> <span class='ocrx_word' id='word_1_525' title='bbox 1778 1875 1921 1905; x_wconf 87' lang='lat' dir='ltr'>nuncius</span> <span class='ocrx_word' id='word_1_526' title='bbox 1938 1883 1980 1904; x_wconf 78' lang='lat' dir='ltr'>ex</span> <span class='ocrx_word' id='word_1_527' title='bbox 1992 1874 2237 1913; x_wconf 84' lang='lat' dir='ltr'>magnitudinis</span> <span class='ocrx_word' id='word_1_528' title='bbox 2253 1874 2334 1913; x_wconf 47' lang='lat' dir='ltr'>[tue]¹</span> 
     </span>
     <span class='ocr_line' id='line_1_76' title="bbox 1328 1927 2334 1969; baseline -0.004 -9"><span class='ocrx_word' id='word_1_529' title='bbox 1328 1933 1421 1969; x_wconf 83' lang='lat' dir='ltr'>parte</span> <span class='ocrx_word' id='word_1_530' title='bbox 1432 1929 1565 1968; x_wconf 79' lang='lat' dir='ltr'>petebat</span> <span class='ocrx_word' id='word_1_531' title='bbox 1576 1937 1633 1967; x_wconf 90' lang='lat' dir='ltr'>per</span> <span class='ocrx_word' id='word_1_532' title='bbox 1643 1937 1704 1958; x_wconf 92' lang='lat' dir='ltr'>nos</span> <span class='ocrx_word' id='word_1_533' title='bbox 1714 1928 1861 1967; x_wconf 76' lang='lat' dir='ltr'>aliquem</span> <span class='ocrx_word' id='word_1_534' title='bbox 1872 1928 1983 1957; x_wconf 88' lang='lat' dir='ltr'>virum</span> <span class='ocrx_word' id='word_1_535' title='bbox 1992 1927 2149 1957; x_wconf 91' lang='lat' dir='ltr'>idoneum</span> <span class='ocrx_word' id='word_1_536' title='bbox 2159 1927 2334 1963; x_wconf 85' lang='lat' dir='ltr'>destinari,</span> 
     </span>
     <span class='ocr_line' id='line_1_77' title="bbox 1329 1980 2336 2022; baseline -0.004 -9"><span class='ocrx_word' id='word_1_537' title='bbox 1329 1984 1386 2022; x_wconf 89' lang='lat' dir='ltr'>qui</span> <span class='ocrx_word' id='word_1_538' title='bbox 1403 1982 1551 2022; x_wconf 75' lang='lat' dir='ltr'>predicte</span> <span class='ocrx_word' id='word_1_539' title='bbox 1567 1981 1716 2012; x_wconf 88' lang='lat' dir='ltr'>doctrine</span> <span class='ocrx_word' id='word_1_540' title='bbox 1736 1981 1866 2019; x_wconf 88' lang='lat' dir='ltr'>pollens</span> <span class='ocrx_word' id='word_1_541' title='bbox 1884 1980 2025 2010; x_wconf 87' lang='lat' dir='ltr'>scientia</span> <span class='ocrx_word' id='word_1_542' title='bbox 2039 1982 2070 2010; x_wconf 90' lang='lat' dir='ltr'>et</span> <span class='ocrx_word' id='word_1_543' title='bbox 2086 1980 2253 2010; x_wconf 86' lang='lat' dir='ltr'>munditia</span> <span class='ocrx_word' id='word_1_544' title='bbox 2269 1980 2336 2010; x_wconf 75' lang='lat' dir='ltr'>vite</span> 
     </span>
     <span class='ocr_line' id='line_1_78' title="bbox 1329 2033 2338 2074; baseline -0.005 -7"><span class='ocrx_word' id='word_1_545' title='bbox 1329 2037 1512 2074; x_wconf 76' lang='lat' dir='ltr'>refulgens,</span> <span class='ocrx_word' id='word_1_546' title='bbox 1534 2038 1564 2065; x_wconf 83' lang='lat' dir='ltr'>te</span> <span class='ocrx_word' id='word_1_547' title='bbox 1584 2044 1645 2065; x_wconf 92' lang='lat' dir='ltr'>suo</span> <span class='ocrx_word' id='word_1_548' title='bbox 1663 2043 1758 2065; x_wconf 87' lang='lat' dir='ltr'>sacro</span> <span class='ocrx_word' id='word_1_549' title='bbox 1782 2034 1974 2064; x_wconf 88' lang='lat' dir='ltr'>ministerio</span> <span class='ocrx_word' id='word_1_550' title='bbox 1997 2033 2156 2072; x_wconf 87' lang='lat' dir='ltr'>baptismi</span> <span class='ocrx_word' id='word_1_551' title='bbox 2178 2033 2338 2072; x_wconf 87' lang='lat' dir='ltr'>perducat</span> 
     </span>
     <span class='ocr_line' id='line_1_79' title="bbox 1329 2086 2339 2129; baseline -0.005 -9"><span class='ocrx_word' id='word_1_552' title='bbox 1329 2091 1370 2120; x_wconf 85' lang='lat' dir='ltr'>ad</span> <span class='ocrx_word' id='word_1_553' title='bbox 1385 2090 1528 2129; x_wconf 87' lang='lat' dir='ltr'>gratiam</span> <span class='ocrx_word' id='word_1_554' title='bbox 1543 2091 1574 2119; x_wconf 85' lang='lat' dir='ltr'>et</span> <span class='ocrx_word' id='word_1_555' title='bbox 1596 2097 1655 2127; x_wconf 90' lang='lat' dir='ltr'>per</span> <span class='ocrx_word' id='word_1_556' title='bbox 1669 2088 1758 2118; x_wconf 90' lang='lat' dir='ltr'>idem</span> <span class='ocrx_word' id='word_1_557' title='bbox 1773 2087 2038 2126; x_wconf 89' lang='lat' dir='ltr'>regenerationis</span> <span class='ocrx_word' id='word_1_558' title='bbox 2052 2087 2234 2121; x_wconf 83' lang='lat' dir='ltr'>lavacrum,</span> <span class='ocrx_word' id='word_1_559' title='bbox 2253 2086 2339 2125; x_wconf 86' lang='lat' dir='ltr'>ejus-</span> 
     </span>
     <span class='ocr_line' id='line_1_80' title="bbox 1330 2140 2339 2174; baseline -0.005 0"><span class='ocrx_word' id='word_1_560' title='bbox 1330 2144 1406 2174; x_wconf 88' lang='lat' dir='ltr'>dem</span> <span class='ocrx_word' id='word_1_561' title='bbox 1422 2145 1534 2173; x_wconf 87' lang='lat' dir='ltr'>sancte</span> <span class='ocrx_word' id='word_1_562' title='bbox 1552 2141 1670 2171; x_wconf 88' lang='lat' dir='ltr'>matris</span> <span class='ocrx_word' id='word_1_563' title='bbox 1687 2141 1826 2171; x_wconf 85' lang='lat' dir='ltr'>ecclesie</span> <span class='ocrx_word' id='word_1_564' title='bbox 1843 2140 1977 2170; x_wconf 88' lang='lat' dir='ltr'>socians</span> <span class='ocrx_word' id='word_1_565' title='bbox 1992 2140 2132 2174; x_wconf 86' lang='lat' dir='ltr'>unitate,</span> <span class='ocrx_word' id='word_1_566' title='bbox 2146 2140 2252 2170; x_wconf 86' lang='lat' dir='ltr'>sacris</span> <span class='ocrx_word' id='word_1_567' title='bbox 2270 2140 2339 2170; x_wconf 88' lang='lat' dir='ltr'>ins-</span> 
     </span>
     <span class='ocr_line' id='line_1_81' title="bbox 1329 2193 2340 2232; baseline -0.004 -6"><span class='ocrx_word' id='word_1_568' title='bbox 1329 2198 1419 2227; x_wconf 87' lang='lat' dir='ltr'>truat</span> <span class='ocrx_word' id='word_1_569' title='bbox 1432 2196 1612 2226; x_wconf 86' lang='lat' dir='ltr'>institutis.</span> <span class='ocrx_word' id='word_1_570' title='bbox 1631 2195 1780 2230; x_wconf 78' lang='lat' dir='ltr'>Utinam,</span> <span class='ocrx_word' id='word_1_571' title='bbox 1801 2194 1957 2232; x_wconf 86' lang='lat' dir='ltr'>princeps</span> <span class='ocrx_word' id='word_1_572' title='bbox 1975 2194 2163 2232; x_wconf 84' lang='lat' dir='ltr'>magnifice,</span> <span class='ocrx_word' id='word_1_573' title='bbox 2181 2193 2241 2224; x_wconf 86' lang='lat' dir='ltr'>tihi</span> <span class='ocrx_word' id='word_1_574' title='bbox 2265 2202 2340 2223; x_wconf 86' lang='lat' dir='ltr'>nos-</span> 
     </span>
     <span class='ocr_line' id='line_1_82' title="bbox 1330 2247 2339 2286; baseline -0.004 -6"><span class='ocrx_word' id='word_1_575' title='bbox 1330 2250 1374 2280; x_wconf 91' lang='lat' dir='ltr'>tri</span> <span class='ocrx_word' id='word_1_576' title='bbox 1392 2249 1496 2280; x_wconf 88' lang='lat' dir='ltr'>animi</span> <span class='ocrx_word' id='word_1_577' title='bbox 1516 2248 1698 2278; x_wconf 81' lang='lat' dir='ltr'>secretiora</span> <span class='ocrx_word' id='word_1_578' title='bbox 1717 2249 1888 2286; x_wconf 76' lang='lat' dir='ltr'>paterent!</span> <span class='ocrx_word' id='word_1_579' title='bbox 1910 2247 2048 2277; x_wconf 74' lang='lat' dir='ltr'>Utinam</span> <span class='ocrx_word' id='word_1_580' title='bbox 2068 2248 2220 2285; x_wconf 84' lang='lat' dir='ltr'>patenter</span> <span class='ocrx_word' id='word_1_581' title='bbox 2237 2247 2339 2285; x_wconf 89' lang='lat' dir='ltr'>inspi-</span> 
     </span>
     <span class='ocr_line' id='line_1_83' title="bbox 1330 2300 2340 2341; baseline -0.004 -8"><span class='ocrx_word' id='word_1_582' title='bbox 1330 2311 1424 2333; x_wconf 87' lang='lat' dir='ltr'>ceres</span> <span class='ocrx_word' id='word_1_583' title='bbox 1453 2304 1578 2341; x_wconf 86' lang='lat' dir='ltr'>quanta</span> <span class='ocrx_word' id='word_1_584' title='bbox 1610 2310 1669 2331; x_wconf 87' lang='lat' dir='ltr'>nos</span> <span class='ocrx_word' id='word_1_585' title='bbox 1696 2300 1890 2339; x_wconf 88' lang='lat' dir='ltr'>hujusmodi</span> <span class='ocrx_word' id='word_1_586' title='bbox 1913 2302 1972 2330; x_wconf 85' lang='lat' dir='ltr'>tua</span> <span class='ocrx_word' id='word_1_587' title='bbox 1996 2301 2116 2338; x_wconf 86' lang='lat' dir='ltr'>petitio</span> <span class='ocrx_word' id='word_1_588' title='bbox 2136 2300 2340 2338; x_wconf 87' lang='lat' dir='ltr'>jocunditate</span> 
     </span>
     <span class='ocr_line' id='line_1_84' title="bbox 1331 2353 2341 2395; baseline -0.004 -9"><span class='ocrx_word' id='word_1_589' title='bbox 1331 2356 1506 2395; x_wconf 81' lang='lat' dir='ltr'>respersit,</span> <span class='ocrx_word' id='word_1_590' title='bbox 1521 2356 1682 2394; x_wconf 86' lang='lat' dir='ltr'>quantam</span> <span class='ocrx_word' id='word_1_591' title='bbox 1698 2354 1797 2384; x_wconf 87' lang='lat' dir='ltr'>nobis</span> <span class='ocrx_word' id='word_1_592' title='bbox 1814 2354 1878 2383; x_wconf 82' lang='lat' dir='ltr'>fide</span> <span class='ocrx_word' id='word_1_593' title='bbox 1894 2353 1968 2392; x_wconf 87' lang='lat' dir='ltr'>ipsa</span> <span class='ocrx_word' id='word_1_594' title='bbox 1983 2353 2192 2383; x_wconf 85' lang='lat' dir='ltr'>constitisset</span> <span class='ocrx_word' id='word_1_595' title='bbox 2208 2353 2341 2391; x_wconf 86' lang='lat' dir='ltr'>plenius</span> 
     </span>
     <span class='ocr_line' id='line_1_85' title="bbox 1332 2406 2339 2449; baseline -0.004 -10"><span class='ocrx_word' id='word_1_596' title='bbox 1332 2409 1554 2440; x_wconf 81' lang='lat' dir='ltr'>exultationis</span> <span class='ocrx_word' id='word_1_597' title='bbox 1570 2411 1602 2438; x_wconf 85' lang='lat' dir='ltr'>et</span> <span class='ocrx_word' id='word_1_598' title='bbox 1618 2407 1731 2449; x_wconf 86' lang='lat' dir='ltr'>gaudii</span> <span class='ocrx_word' id='word_1_599' title='bbox 1750 2407 1924 2436; x_wconf 84' lang='lat' dir='ltr'>materiam</span> <span class='ocrx_word' id='word_1_600' title='bbox 1949 2406 2190 2442; x_wconf 86' lang='lat' dir='ltr'>ministrasset,</span> <span class='ocrx_word' id='word_1_601' title='bbox 2212 2406 2222 2422; x_wconf 76' lang='lat'><strong>²</strong></span> <span class='ocrx_word' id='word_1_602' title='bbox 2240 2414 2339 2444; x_wconf 82' lang='lat' dir='ltr'>quam</span> 
     </span>
     <span class='ocr_line' id='line_1_86' title="bbox 1332 2458 2342 2497; baseline -0.006 -4"><span class='ocrx_word' id='word_1_603' title='bbox 1332 2462 1476 2492; x_wconf 88' lang='lat' dir='ltr'>libenter</span> <span class='ocrx_word' id='word_1_604' title='bbox 1488 2461 1634 2491; x_wconf 82' lang='lat' dir='ltr'>extentis</span> <span class='ocrx_word' id='word_1_605' title='bbox 1654 2460 1770 2490; x_wconf 86' lang='lat' dir='ltr'>intime</span> <span class='ocrx_word' id='word_1_606' title='bbox 1787 2459 1939 2489; x_wconf 85' lang='lat' dir='ltr'>caritatis</span> <span class='ocrx_word' id='word_1_607' title='bbox 1960 2458 2109 2488; x_wconf 86' lang='lat' dir='ltr'>brachiis</span> <span class='ocrx_word' id='word_1_608' title='bbox 2126 2460 2158 2488; x_wconf 91' lang='lat' dir='ltr'>et</span> <span class='ocrx_word' id='word_1_609' title='bbox 2181 2459 2258 2488; x_wconf 89' lang='lat' dir='ltr'>sinu</span> <span class='ocrx_word' id='word_1_610' title='bbox 2273 2458 2342 2497; x_wconf 90' lang='lat' dir='ltr'>pie-</span> 
     </span>
     <span class='ocr_line' id='line_1_87' title="bbox 1332 2511 2343 2554; baseline -0.006 -8"><span class='ocrx_word' id='word_1_611' title='bbox 1332 2517 1412 2546; x_wconf 89' lang='lat' dir='ltr'>tatis</span> <span class='ocrx_word' id='word_1_612' title='bbox 1434 2516 1560 2554; x_wconf 86' lang='lat' dir='ltr'>aperto,</span> <span class='ocrx_word' id='word_1_613' title='bbox 1581 2513 1729 2543; x_wconf 86' lang='lat' dir='ltr'>venienti</span> <span class='ocrx_word' id='word_1_614' title='bbox 1748 2512 1789 2542; x_wconf 87' lang='lat' dir='ltr'>ad</span> <span class='ocrx_word' id='word_1_615' title='bbox 1807 2512 1951 2542; x_wconf 88' lang='lat' dir='ltr'>salutem</span> <span class='ocrx_word' id='word_1_616' title='bbox 1969 2511 2039 2541; x_wconf 86' lang='lat' dir='ltr'>filio</span> <span class='ocrx_word' id='word_1_617' title='bbox 2051 2511 2235 2549; x_wconf 83' lang='lat' dir='ltr'>apostolice</span> <span class='ocrx_word' id='word_1_618' title='bbox 2251 2511 2343 2541; x_wconf 89' lang='lat' dir='ltr'>sedis</span> 
     </span>
     <span class='ocr_line' id='line_1_88' title="bbox 1333 2563 2342 2607; baseline -0.005 -8"><span class='ocrx_word' id='word_1_619' title='bbox 1333 2568 1525 2607; x_wconf 86' lang='lat' dir='ltr'>benignitas</span> <span class='ocrx_word' id='word_1_620' title='bbox 1545 2567 1640 2597; x_wconf 82' lang='lat' dir='ltr'>aneio</span> <span class='ocrx_word' id='word_1_621' title='bbox 1653 2566 1776 2604; x_wconf 83' lang='lat' dir='ltr'>spiritu</span> <span class='ocrx_word' id='word_1_622' title='bbox 1790 2566 1821 2595; x_wconf 89' lang='lat' dir='ltr'>et</span> <span class='ocrx_word' id='word_1_623' title='bbox 1835 2565 1976 2595; x_wconf 87' lang='lat' dir='ltr'>concitis</span> <span class='ocrx_word' id='word_1_624' title='bbox 1990 2563 2165 2604; x_wconf 86' lang='lat' dir='ltr'>gressibus</span> <span class='ocrx_word' id='word_1_625' title='bbox 2178 2564 2342 2595; x_wconf 87' lang='lat' dir='ltr'>occurris—</span> 
     </span>
     <span class='ocr_line' id='line_1_89' title="bbox 1334 2617 2342 2652; baseline -0.005 0"><span class='ocrx_word' id='word_1_626' title='bbox 1334 2623 1406 2652; x_wconf 73' lang='lat' dir='ltr'>set!</span> <span class='ocrx_word' id='word_1_627' title='bbox 1427 2622 1497 2651; x_wconf 81' lang='lat' dir='ltr'>Hoc</span> <span class='ocrx_word' id='word_1_628' title='bbox 1523 2622 1554 2650; x_wconf 90' lang='lat' dir='ltr'>et</span> <span class='ocrx_word' id='word_1_629' title='bbox 1578 2628 1648 2651; x_wconf 80' lang='grc'>1105,</span> <span class='ocrx_word' id='word_1_630' title='bbox 1675 2618 1783 2648; x_wconf 87' lang='lat' dir='ltr'>salute</span> <span class='ocrx_word' id='word_1_631' title='bbox 1803 2618 1959 2648; x_wconf 79' lang='lat' dir='ltr'>videlicet</span> <span class='ocrx_word' id='word_1_632' title='bbox 1977 2618 2167 2648; x_wconf 85' lang='lat' dir='ltr'>animarum</span> <span class='ocrx_word' id='word_1_633' title='bbox 2193 2617 2227 2647; x_wconf 91' lang='lat' dir='ltr'>in</span> <span class='ocrx_word' id='word_1_634' title='bbox 2247 2626 2342 2648; x_wconf 87' lang='lat' dir='ltr'>cunc-</span> 
     </span>
     <span class='ocr_line' id='line_1_90' title="bbox 1335 2671 2343 2705; baseline -0.004 0"><span class='ocrx_word' id='word_1_635' title='bbox 1335 2676 1379 2705; x_wconf 88' lang='lat' dir='ltr'>tis</span> <span class='ocrx_word' id='word_1_636' title='bbox 1398 2673 1592 2704; x_wconf 81' lang='lat' dir='ltr'>nationibus</span> <span class='ocrx_word' id='word_1_637' title='bbox 1610 2672 1775 2702; x_wconf 85' lang='lat' dir='ltr'>divinitus</span> <span class='ocrx_word' id='word_1_638' title='bbox 1800 2671 2005 2701; x_wconf 83' lang='lat' dir='ltr'>humilitatis</span> <span class='ocrx_word' id='word_1_639' title='bbox 2023 2672 2137 2701; x_wconf 89' lang='lat' dir='ltr'>nostre</span> <span class='ocrx_word' id='word_1_640' title='bbox 2155 2680 2233 2701; x_wconf 90' lang='lat' dir='ltr'>cure</span> <span class='ocrx_word' id='word_1_641' title='bbox 2253 2680 2343 2702; x_wconf 88' lang='lat' dir='ltr'>com-</span> 
     </span>
     <span class='ocr_line' id='line_1_91' title="bbox 1335 2724 2344 2764; baseline -0.004 -6"><span class='ocrx_word' id='word_1_642' title='bbox 1335 2728 1451 2763; x_wconf 83' lang='lat' dir='ltr'>missa,</span> <span class='ocrx_word' id='word_1_643' title='bbox 1471 2727 1701 2756; x_wconf 80' lang='lat' dir='ltr'>desideranter</span> <span class='ocrx_word' id='word_1_644' title='bbox 1716 2724 1940 2764; x_wconf 81' lang='lat' dir='ltr'>exquirimus.</span> <span class='ocrx_word' id='word_1_645' title='bbox 1957 2725 2029 2754; x_wconf 90' lang='lat' dir='ltr'>Hoc</span> <span class='ocrx_word' id='word_1_646' title='bbox 2039 2724 2150 2762; x_wconf 87' lang='lat' dir='ltr'>plenis</span> <span class='ocrx_word' id='word_1_647' title='bbox 2163 2724 2344 2755; x_wconf 88' lang='lat' dir='ltr'>desideriis</span> 
     </span>
     <span class='ocr_line' id='line_1_92' title="bbox 1336 2777 2343 2816; baseline -0.003 -5"><span class='ocrx_word' id='word_1_648' title='bbox 1336 2783 1367 2811; x_wconf 91' lang='lat' dir='ltr'>et</span> <span class='ocrx_word' id='word_1_649' title='bbox 1390 2781 1471 2811; x_wconf 88' lang='lat' dir='ltr'>totis</span> <span class='ocrx_word' id='word_1_650' title='bbox 1495 2779 1629 2810; x_wconf 82' lang='lat' dir='ltr'>nisibus</span> <span class='ocrx_word' id='word_1_651' title='bbox 1650 2778 1840 2808; x_wconf 82' lang='lat' dir='ltr'>accuratius</span> <span class='ocrx_word' id='word_1_652' title='bbox 1862 2778 2069 2808; x_wconf 83' lang='lat' dir='ltr'>affectamus.</span> <span class='ocrx_word' id='word_1_653' title='bbox 2095 2777 2122 2809; x_wconf 95' lang='lat' dir='ltr'>O</span> <span class='ocrx_word' id='word_1_654' title='bbox 2149 2780 2273 2816; x_wconf 89' lang='lat' dir='ltr'>quanta</span> <span class='ocrx_word' id='word_1_655' title='bbox 2295 2778 2343 2808; x_wconf 90' lang='lat' dir='ltr'>in-</span> 
     </span>
    </p>
   </div>
   <div class='ocr_carea' id='block_1_15' title="bbox 1339 2887 2345 3000">
    <p class='ocr_par' dir='ltr' id='par_1_16' title="bbox 1339 2887 2345 3000">
     <span class='ocr_line' id='line_1_93' title="bbox 1370 2887 2345 2919; baseline -0.004 -3"><span class='ocrx_word' id='word_1_656' title='bbox 1370 2894 1391 2917; x_wconf 84' lang='lat'>1.</span> <span class='ocrx_word' id='word_1_657' title='bbox 1408 2892 1449 2916; x_wconf 85' lang='lat' dir='ltr'>La</span> <span class='ocrx_word' id='word_1_658' title='bbox 1472 2891 1555 2915; x_wconf 82' lang='lat' dir='ltr'>lettre</span> <span class='ocrx_word' id='word_1_659' title='bbox 1580 2892 1623 2914; x_wconf 79' lang='lat' dir='ltr'>est</span> <span class='ocrx_word' id='word_1_660' title='bbox 1641 2888 1810 2919; x_wconf 76' lang='lat' dir='ltr'>incomplete</span> <span class='ocrx_word' id='word_1_661' title='bbox 1835 2888 1907 2912; x_wconf 86' lang='lat' dir='ltr'>dans</span> <span class='ocrx_word' id='word_1_662' title='bbox 1930 2887 1956 2912; x_wconf 89' lang='lat' dir='ltr'>le</span> <span class='ocrx_word' id='word_1_663' title='bbox 1974 2888 2133 2912; x_wconf 86' lang='lat' dir='ltr'>manusc-rit</span> <span class='ocrx_word' id='word_1_664' title='bbox 2158 2888 2193 2912; x_wconf 75' lang='grc' dir='ltr'>οἰι</span> <span class='ocrx_word' id='word_1_665' title='bbox 2217 2888 2270 2913; x_wconf 87' lang='grc'>0110</span> <span class='ocrx_word' id='word_1_666' title='bbox 2294 2888 2345 2912; x_wconf 83' lang='lat' dir='ltr'>fait</span> 
     </span>
     <span class='ocr_line' id='line_1_94' title="bbox 1339 2930 1710 2963; baseline -0.011 -5"><span class='ocrx_word' id='word_1_667' title='bbox 1339 2940 1421 2963; x_wconf 84' lang='lat' dir='ltr'>corps</span> <span class='ocrx_word' id='word_1_668' title='bbox 1438 2938 1506 2956; x_wconf 78' lang='lat' dir='ltr'>avec</span> <span class='ocrx_word' id='word_1_669' title='bbox 1523 2931 1550 2954; x_wconf 87' lang='lat' dir='ltr'>la</span> <span class='ocrx_word' id='word_1_670' title='bbox 1567 2930 1710 2954; x_wconf 73' lang='lat' dir='ltr'>suivante.</span> 
     </span>
     <span class='ocr_line' id='line_1_95' title="bbox 1369 2969 2044 3000; baseline -0.009 -2"><span class='ocrx_word' id='word_1_671' title='bbox 1369 2974 1392 2998; x_wconf 80' lang='lat'>2.</span> <span class='ocrx_word' id='word_1_672' title='bbox 1410 2974 1446 2997; x_wconf 87' lang='lat' dir='ltr'>Le</span> <span class='ocrx_word' id='word_1_673' title='bbox 1462 2974 1535 2996; x_wconf 83' lang='lat' dir='ltr'>texte</span> <span class='ocrx_word' id='word_1_674' title='bbox 1549 2970 1655 2995; x_wconf 83' lang='lat' dir='ltr'>semble</span> <span class='ocrx_word' id='word_1_675' title='bbox 1670 2969 1759 2994; x_wconf 69' lang='lat' dir='ltr'>altere</span> <span class='ocrx_word' id='word_1_676' title='bbox 1775 2969 1846 2994; x_wconf 78' lang='lat' dir='ltr'>dans</span> <span class='ocrx_word' id='word_1_677' title='bbox 1864 2976 1893 2993; x_wconf 83' lang='lat' dir='ltr'>ce</span> <span class='ocrx_word' id='word_1_678' title='bbox 1913 2975 2044 3000; x_wconf 80' lang='lat' dir='ltr'>passage.</span> 
     </span>
    </p>
   </div>
  </div>
 </body>
</html>
