2519 3262
256 292 295 319 4⁶2

257 390 319 408 ram
345 380 454 407 domini
480 379 584 406 Urbani
611 377 703 404 felicis
732 376 872 403 memorie
900 384 970 411 pape
991 375 1095 410 quarti,
1127 375 1262 410 plumbea

257 431 395 457 bullatam
421 429 508 461 hulla,
525 436 588 454 cum
620 426 710 453 serica
733 427 829 456 corda,
854 434 954 452 sanam
978 429 1004 452 et
1032 426 1187 459 integram,
1206 431 1262 451 non
1288 417 1290 471 ζ

257 479 406 509 abolitam,
421 486 476 503 non
498 485 605 509 rasam,
626 484 682 502 non
700 475 726 502 in
743 475 837 509 aliqua
858 477 938 509 parte
953 474 995 500 sui
1012 474 1145 501 viciatam
1164 473 1213 500 scd
1228 473 1262 499 de
1288 474 1290 508 l

258 529 344 554 verbo
359 528 395 554 ad
413 527 542 557 verbum,
563 525 635 552 sicut
651 524 770 551 inferius
787 527 829 551 est
847 531 1013 558 expressum
1031 530 1036 548 :
1288 515 1289 519 ¹

297 639 312 657 (ι
336 627 475 657 [fi-burins
490 627 660 666 episcopus,
678 635 779 655 servus
801 634 953 654 servorum
971 624 1036 659 Dei,
1055 622 1172 652 dilectis
1187 621 1262 661 filiis
1288 621 1289 649 i

258 681 360 711 abbati
375 680 515 711 Cistercii
528 680 650 720 ejusque
666 677 858 708 coabbatibus
874 682 899 707 el
912 677 1106 706 conventibus
1116 674 1263 704 imiimi-sis

260 734 468 766 cisterciensis
479 732 608 768 ordinis,
620 731 747 761 salutem
759 736 787 761 et
800 729 997 771 aposcolicam
1013 728 1259 759 benedictionem.
1288 735 1289 738 ’

256 787 455 819 Devotionis
478 787 694 826 augmentum
722 784 819 815 vobis
837 801 885 813 —.
912 783 999 813 Hinc
1017 784 1068 813 est
1092 781 1179 821 quod
1200 789 1262 811 nos
1288 800 1289 804 ,

256 841 380 872 vestris
405 839 712 879 supplicationibus
737 837 967 867 favorabiliter
997 836 1198 871 annuentes,
1225 834 1262 864 ut
1288 839 1290 862 t

255 895 295 925 de
322 894 389 924 hiis
416 902 480 933 que
504 902 522 923 a
541 892 667 923 Christi
691 890 849 921 fidelibus
873 889 970 920 vobis
990 891 1022 919 et
1045 887 1262 919 monasteriis
1288 893 1289 902 ¹

255 948 379 979 vestris
391 948 424 978 in
436 947 556 977 ultima
565 946 737 976 voluntate
747 944 912 983 legantur,
923 943 963 973 ad
974 942 1172 973 solvendum
1184 949 1261 980 por·
1288 935 1290 959 ¹

254 1002 379 1032 tionem
397 1000 545 1039 aliquam
565 999 634 1029 illis
655 999 770 1028 contra
790 1006 876 1036 quos
896 996 935 1027 de
955 1005 993 1026 ea
1014 1004 1078 1025 non
1102 993 1262 1025 solvenda
1288 1014 1290 1022 ,

254 1055 406 1094 legitima
422 1053 505 1084 estis
519 1051 763 1091 prescriptione
781 1050 915 1086 muniti,
936 1049 1130 1079 nullatenus
1145 1049 1263 1078 tenea-

254 1108 350 1143 mini,
379 1107 475 1137 vobis
499 1105 696 1136 auctoritate
727 1103 936 1143 presentium
963 1102 1179 1140 indulgemus
1211 1118 1260 1130 —.
1288 1099 1290 1130 ἰ

254 1161 349 1193 Nulli
361 1169 438 1199 ergo
451 1177 498 1190 -.
515 1158 550 1190 Si
566 1158 643 1197 quis
653 1159 777 1187 autem.
790 1173 828 1178 —
842 1157 966 1187 Datum
982 1154 1138 1188 Viterbii,
1154 1153 1262 1183 vidus

254 1215 346 1251 maii,
362 1213 576 1253 pontificatus
589 1211 695 1242 nostri
710 1219 797 1241 anno
813 1209 935 1248 primo.
952 1219 967 1238 »

290 1316 320 1341 ln
335 1313 414 1349 cujus
431 1312 471 1340 rei
490 1311 692 1340 testimonium
717 1310 845 1346 sigillum
863 1311 993 1336 nostrum
1010 1307 1136 1343 presenti
1154 1306 1261 1342 pagine

253 1363 385 1391 duximus
407 1362 620 1397 apponendum.
645 1361 746 1387 Datum
770 1359 910 1389 Cistercii,
936 1366 1011 1385 anno
1034 1357 1147 1384 Domini
1165 1357 1263 1383 M⁰CC⁰

255 1412 410 1443 Lxxvnn,
425 1414 555 1445 tempore
572 1409 691 1444 capituli
708 1408 863 1444 generalis.
878 1418 893 1434 »

342 1586 441 1618 2904
842 1581 966 1611 vitei-be,
988 1580 1015 1607 ιι
1033 1579 1090 1606 mai
1112 1579 1188 1606 1262.

287 1669 408 1698 ,iohanni
429 1670 569 1696 Peruncto
585 1669 702 1694 mandat
718 1666 837 1693 assistat
852 1665 1014 1700 praeposito
1031 1665 1195 1695 Mantuano,
1215 1671 1261 1690 ca-

253 1720 366 1754 pellano
383 1718 541 1754 apostolico
555 1718 591 1744 ad
606 1719 700 1752 partes
716 1715 891 1751 Campaniae
903 1715 1002 1747 misso,
1017 1717 1047 1742 ut
1061 1713 1263 1748 reprimantur

252 1776 383 1796 excessus
399 1775 532 1795 enormes
547 1766 686 1802 ltaynaldi
704 1765 801 1797 Rubei,
819 1765 930 1800 nepotis
947 1763 1098 1791 Alexandri
1111 1771 1198 1798 pupae
1215 1763 1262 1790 lv.

253 1820 352 1853 (Aaou.
372 1817 471 1844 Varie.
492 1819 660 1844 Documenta
675 1815 847 1842 miscellanea
873 1814 1050 1841 idtio-1:275.)

297 1931 311 1946 «
340 1918 477 1949 Urbanus
502 1917 671 1956 episcopus,
689 1926 791 1945 servus
806 1925 959 1944 seruorum
979 1913 1044 1950 mi,
1062 1912 1171 1943 dilecto
1193 1913 1262 1952 filio

255 1972 391 2003 ,ΙυΙιαιιιιὶ
410 1971 572 2007 Pei-uncto,
592 1970 694 2010 nepoti
709 1974 736 1999 et
753 1969 866 1998 vicario
886 1969 916 1996 in
934 1967 1103 2006 Campania
1122 1972 1150 1996 et
1169 1966 1265 1996 Mari-
1290 1985 1292 2003 χ

257 2027 329 2055 lima
349 2023 522 2063 dileclifilii'
534 2023 672 2062 mayiserz'
687 2021 829 2055 doz-dani,
844 2020 963 2051 ecclesie
979 2020 1113 2050 Romane
1131 2020 1266 2049 vicecan—

257 2078 373 2109 cellarii
388 2083 414 2107 ec
433 2077 556 2112 notarii,
578 2074 741 2105 earundem
763 2074 930 2114 Campania>
945 2073 1156 2112 Maritimeque
1172 2078 1265 2102 reclo-
1292 2099 1293 2106 ,

257 2132 308 2168 ris,
325 2131 450 2160 salutem
467 2134 494 2160 el
510 2128 707 2169 apostolicam
724 2127 970 2157 benedictionem.
991 2127 1111 2157 Gravis
1127 2127 1158 2156 et
1171 2134 1266 2156 enor-

257 2186 321 2216 mis
336 2193 494 2216 excessus
510 2191 567 2222 per
581 2182 726 2212 nobilem
744 2181 852 2211 virum
866 2180 1080 2219 Raynaldum
1097 2179 1263 2214 Rubeum,

258 2240 409 2277 nepotem
430 2236 537 2267 felicis
559 2234 798 2266 recordationis
823 2233 1005 2264 Alexandri
1030 2240 1126 2272 pape,
1148 2232 1262 2271 prede-

256 2290 398 2321 cessoris
414 2289 532 2324 nostri,
549 2296 614 2318 non
630 2287 702 2317 sine
715 2288 827 2317 nostra
841 2287 872 2317 et
887 2285 978 2316 sedis
992 2285 1172 2324 apostolice
1184 2293 1263 2314 con-
1292 2285 1293 2294 ¹

256 2343 404 2379 tumelia,
423 2350 528 2381 nuper
540 2339 735 2379 inpartibus
749 2339 930 2379 Campanie
944 2339 1164 2378 perpetratus,
1183 2338 1264 2368 adeo

256 2397 400 2437 graviter
416 2396 527 2426 nostra
542 2396 573 2425 et
601 2394 740 2425 fratrum
762 2394 952 2423 nostrorum
972 2391 1102 2422 viscera
1120 2391 1264 2430 pupugit

255 2451 343 2490 quod
356 2450 452 2480 illum
468 2457 533 2479 non
549 2456 729 2486 possumus
743 2454 801 2477 nec
818 2445 978 2476 debemus
995 2445 1056 2475 sub
1069 2445 1262 2475 dissimula-

255 2505 343 2535 tione
361 2503 516 2538 transire,
534 2501 614 2540 quin
632 2501 673 2531 ad
695 2501 784 2530 tante
809 2497 1037 2538 castigationis
1052 2498 1120 2537 tsi&
1138 2498 1261 2528 offense
1290 2507 1292 2514 ¹

255 2559 366 2597 partes
394 2555 598 2587 auctoritatis
623 2553 802 2593 apostolice
826 2552 979 2588 sollicite,
1007 2551 1094 2582 sicut
1116 2551 1260 2590 expedit,
1290 2548 1292 2590 Ῐ

255 2618 419 2651 apponere
429 2608 634 2640 studeamus.
646 2608 728 2638 Ecce
739 2606 872 2637 videant
880 2604 1017 2636 ecclesie
1028 2605 1176 2636 Romane
1187 2604 1264 2635 fide·
1291 2595 1292 2650 l

258 2665 303 2695 les
325 2665 357 2694 et
374 2663 434 2694 filii
450 2663 479 2693 si
493 2662 585 2702 justa
600 2659 788 2691 turbatione
807 2667 981 2690 movemur
994 2660 1025 2689 et
1041 2667 1082 2689 ex
1099 2666 1200 2688 causa
1216 2665 1265 2688 ra·
1291 2656 1292 2662 ¹

255 2716 407 2748 tionabili
437 2714 614 2746 commotio
637 2714 750 2744 nostra
774 2712 921 2751 procedit
948 2720 989 2742 an
1011 2711 1207 2750 exaggerari
1234 2712 1265 2742 et

254 2771 451 2810 exaggerata
478 2768 590 2808 puniri
616 2766 738 2797 meruit
760 2766 859 2805 hujus
884 2765 1052 2796 temeritas
1073 2765 1261 2796 offensoris.

254 2825 345 2855 idem
375 2830 517 2861 namque
542 2820 752 2860 Raynaldus,
776 2819 861 2850 sicut
887 2820 1001 2850 notum
1018 2819 1067 2849 est
1090 2818 1261 2855 omnibus,

255 2879 294 2908 de
316 2876 414 2908 bonis
438 2874 578 2906 ecclesie
600 2873 640 2904 ab
656 2873 754 2904 annis
776 2872 901 2903 teneris
917 2872 1082 2903 enutritus
1101 2873 1133 2902 et
1148 2871 1261 2902 rerum

254 2929 423 2970 opulentia
443 2938 502 2968 per
517 2927 655 2959 eandem
675 2926 851 2957 ecclesiam
869 2925 1048 2960 exaltatus.
1065 2926 1262 2956 convertens

256 2984 288 3014 in
306 2981 554 3023 ingratitudinis
564 2980 681 3011 vitium
696 2979 801 3010 multa
819 2981 849 3010 et
866 2978 1004 3018 grandia
1020 2978 1181 3010 beneficia
1197 2986 1261 3018 que
1289 2960 1291 3007 l

958 284 1037 315 LES
1061 283 1303 315 REGISTRES
1326 282 1539 313 D'URBAIN
1564 283 1621 313 lv.

1319 373 1494 412 recepitab
1511 373 1596 412 ipsa,
1614 382 1673 404 nec
1686 375 2007 413 metuenstanquam
2020 375 2137 405 horum
2155 376 2330 407 immemor

1319 435 1391 457 eam
1409 426 1568 466 gravibus
1585 427 1722 457 offensis
1739 428 1771 457 et
1788 427 1922 465 injuriis
1936 436 2131 466 provocare,
2148 428 2181 459 in
2193 438 2328 468 oppres-

1320 479 1448 510 sionem
1462 488 1658 518 pauperum,
1673 480 1935 510 destructionem
1952 480 2101 511 fidelium
2116 483 2147 511 et
2158 482 2330 520 provincie

1289 556 1290 559 η
1319 533 1524 568 scandalum,
1534 533 1834 569 conflatisviribuS,
1843 534 2086 572 armasumpsit
2096 536 2127 564 et
2135 534 2330 566 adcastrum

1318 586 1517 619 Trebarum‚
1535 586 1713 623 Anagnine
1729 585 1886 622 diocesis,
1901 586 1990 624 quod
2003 589 2055 616 est
2066 587 2215 625 ejusdem
2229 588 2330 618 eccle-

1319 640 1368 670 sie
1389 639 1544 678 speciale‚
1558 641 1685 669 armata
1704 647 1804 669 manu
1824 639 2053 678 progrediens,
2074 640 2165 670 velut
2180 642 2274 671 extra
2289 641 2330 671 li-

1318 693 1416 723 mites
1435 692 1657 722 humanitatis
1673 692 1881 726 exorbitans,
1905 692 1988 722 illud
2004 693 2080 723 fecit
2105 693 2258 724 incendio
2275 693 2327 724 de-

1318 745 1454 776 vastari.
1474 744 1562 775 Proh
1576 744 1671 775 dolor
1683 745 1771 783 quod
1787 744 1838 774 lac
1853 745 1972 775 matris
1983 747 2157 784 sumptum
2171 745 2332 776 uberibus

1318 798 1352 828 in
1380 799 1568 828 maternam
1598 798 1759 828 offensam
1787 798 1835 828 sic
1863 798 2067 836 opprobrose
2092 798 2279 838 conspersit
2300 801 2331 829 et

1318 851 1406 890 quod
1424 851 1496 889 ipsa
1512 851 1611 881 taleni
1628 851 1776 890 suscepit
1796 851 2100 881 remunerationem
2117 860 2134 881 a
2146 851 2216 881 filio
2232 859 2331 890 quem

1288 910 1290 927 ³⁴
1318 905 1457 935 nutrivit
1479 904 1519 934 ab
1540 904 1766 935 adolescentia
1782 906 1814 935 et
1832 905 1999 943 promovit
2016 904 2187 935 adultum!

1358 958 1407 988 Ne
1432 957 1536 997 igitur
1557 957 1618 988 hoc
1642 958 1778 996 impune
1799 959 2012 996 pertranseat
2037 959 2069 987 et
2094 957 2232 996 prebeat
2252 957 2330 988 aliis

1318 1011 1536 1050 delinquendi
1557 1011 1733 1041 materiam
1752 1019 1810 1049 per
1831 1010 2038 1049 exemplum,
2060 1011 2183 1042 dilecto
2204 1011 2274 1042 filio
2291 1033 2298 1040 .
2322 1036 2328 1041 .

1317 1064 1490 1102 preposito
1509 1063 1704 1100 Mantuano,
1724 1063 1898 1103 capellano
1917 1065 2045 1100 nostro,
2067 1064 2193 1095 nostris
2208 1064 2328 1094 damus

1288 1136 1290 1146 ⁴
1318 1116 1443 1147 litteris
1455 1117 1489 1146 in
1500 1117 1667 1147 mandatis
1683 1119 1717 1147 ut
1728 1117 1800 1156 ipse
1811 1117 1852 1147 ad
1867 1119 1978 1156 partes
1992 1117 2126 1148 easdem
2143 1117 2329 1157 personali-

1318 1171 1369 1199 ter
1381 1178 1416 1200 se
1428 1170 1616 1206 conferens,
1635 1169 1779 1200 eundem
1796 1170 1836 1200 R.
1854 1179 1895 1201 ex
1908 1172 2002 1208 parte
2016 1171 2131 1200 nostra
2146 1172 2281 1201 moneat
2297 1172 2327 1200 et

1319 1222 1453 1253 inducat
1475 1222 1608 1262 sibique
1625 1222 1777 1254 districte
1799 1223 1964 1262 precipiat
1987 1223 2075 1262 quod
2096 1223 2173 1260 sibi,
2192 1223 2328 1254 nomine

1319 1277 1447 1311 nostro,
1467 1275 1506 1306 de
1520 1275 1667 1315 parendo
1687 1284 1789 1314 super
1804 1276 1982 1314 premissts
1996 1276 2122 1307 nostris
2139 1278 2170 1307 et
2187 1276 2329 1307 ecclesie

1318 1329 1449 1368 precise
1476 1329 1647 1359 mandatis
1671 1329 1845 1368 corporale
1862 1329 2092 1368 juramentum
2116 1331 2148 1360 et
2169 1331 2236 1360 tam
2252 1329 2331 1360 fide-

1314 1382 1483 1420 jussorias
1498 1391 1598 1421 quam
1615 1382 1858 1422 pignorititias,
1878 1382 1941 1412 sub
1956 1383 2052 1422 penis
2069 1391 2154 1422 quas
2171 1383 2330 1423 expedire

1318 1435 1453 1470 viderit,
1472 1435 1629 1466 exhibeat
1646 1435 1831 1470 cautiones,
1850 1436 2005 1475 quodque
2022 1436 2144 1467 turrim
2159 1438 2331 1475 totamque

1318 1489 1399 1520 dicti
1418 1489 1521 1520 castri
1539 1489 1764 1520 munitionem
1788 1489 1822 1519 in
1843 1489 2002 1519 manibus
2020 1489 2104 1526 suis
2128 1489 2256 1529 absque
2276 1489 2330 1520 sui

1315 1542 1403 1581 juris
1424 1542 1626 1581 prejudicio,
1649 1542 1723 1572 sine
1750 1542 1948 1572 difficultate
1975 1541 2138 1581 qualibet,
2158 1542 2331 1581 assignare

1318 1597 1486 1635 procuret.
1507 1595 1605 1632 Quod
1620 1595 1650 1625 si
1669 1595 1754 1626 sorte
1774 1595 1807 1625 in
1831 1595 1898 1626 hiis
1921 1595 1972 1626 vel
1991 1604 2107 1626 eorum
2127 1595 2242 1634 aliquo
2258 1595 2332 1626 ino-

1319 1647 1459 1679 bediens
1489 1648 1639 1679 extiterit
1660 1650 1717 1679 aut
1742 1649 1923 1679 contumax
1944 1648 1999 1678 vel
2022 1647 2171 1683 rebellis,
2200 1647 2273 1687 ipse
2296 1648 2331 1678 in

1320 1710 1397 1733 eum
1427 1701 1790 1732 excommunicationis
1823 1701 1936 1732 ferens
1971 1701 2186 1737 sententiam,
2218 1702 2331 1740 ipsum

1321 1755 1495 1793 omnijure
1511 1755 1602 1793 quod
1619 1755 1653 1784 in
1667 1754 1819 1793 predicto
1832 1756 1863 1785 et
1877 1753 2042 1785 Filectine
2063 1762 2100 1784 ac
2122 1753 2330 1793 Vallisprete

1320 1817 1448 1839 necnon
1464 1808 1579 1838 Genne
1595 1808 1726 1843 castris,
1741 1816 1953 1847 quocumque
1969 1807 2068 1838 modo
2082 1807 2205 1838 habere
2217 1807 2328 1838 dinos-

1320 1861 1417 1897 citur,
1437 1863 1599 1900 perpetuo
1617 1861 1747 1891 studeat
1770 1861 1968 1891 auctoritate
1988 1862 2103 1891 nostra
2122 1860 2266 1899 privare,
2283 1860 2329 1891 fa-

1321 1914 1412 1944 ciens
1442 1923 1519 1945 eum
1548 1922 1608 1953 per
1634 1922 1751 1944 omnes
1778 1913 1939 1944 ecclesias
1965 1914 2118 1952 ejusdem
2144 1913 2330 1953 provincie,

1321 1967 1466 2006 singulis
1495 1966 1615 1997 diebus
1637 1966 1819 1997 dominicis
1845 1969 1878 1997 et
1907 1967 2054 2003 festivis,
2076 1966 2220 2005 pulsatis
2243 1975 2332 1997 cam-

1321 2021 1419 2059 panis
1439 2022 1471 2050 et
1489 2020 1640 2050 candelis
1663 2020 1827 2056 accensiS,
1848 2019 2178 2050 excommunicatum
2198 2019 2331 2059 publice

1322 2073 1482 2109 nuntiari,
1498 2073 1546 2103 sic
1562 2073 1673 2110 ipsum
1687 2073 1772 2103 alias
1784 2074 1816 2103 et
1829 2081 1991 2112 sequaces
2004 2080 2096 2107 suos,
2111 2081 2195 2111 quos
2209 2073 2331 2112 patrati

1323 2128 1436 2157 reatus
1454 2125 1641 2165 culpabiles
1663 2134 1738 2156 esse
1757 2125 1932 2164 repererit,
1955 2134 2013 2164 pro
2033 2125 2146 2156 delicti
2169 2126 2330 2165 qualitate

1322 2179 1416 2217 virga
1446 2179 1665 2209 correctionis
1693 2179 1806 2209 debite
1837 2179 2044 2218 castigando,
2077 2179 2164 2218 quod
2195 2179 2329 2209 doleant

1322 2241 1357 2262 se
1381 2232 1485 2262 fuisse
1510 2232 1590 2262 dicti
1611 2234 1724 2262 reatus
1749 2234 1876 2262 actores
1900 2234 1930 2262 et
1955 2233 2024 2262 tam
2044 2231 2108 2271 ipsi
2131 2241 2232 2270 quam
2258 2232 2332 2269 alii,

1321 2293 1437 2315 eorum
1479 2285 1634 2323 exemplo
1676 2284 1859 2323 perterriti,
1904 2284 2032 2314 similia
2073 2284 2106 2314 in
2154 2286 2327 2323 posterum

1322 2338 1530 2368 committere
1557 2340 1746 2368 vereantur.
1778 2337 1978 2376 Specialiter
2008 2339 2117 2368 antem
2147 2337 2226 2368 illos
2251 2338 2332 2368 dicti

1322 2391 1423 2421 castri
1441 2391 1481 2421 de
1495 2391 1616 2422 Trebis
1635 2392 1691 2430 qui
1714 2391 1820 2430 patrie
1843 2391 1957 2422 hostes
1979 2391 2087 2421 effecti
2107 2391 2332 2431 personaliter

1322 2444 1427 2475 fuisse
1438 2444 1596 2474 dicuntur
1611 2444 1651 2475 ad
1663 2445 1789 2474 dictum
1803 2444 1996 2475 incendium
2009 2444 2283 2484 perpetrandum,
2300 2445 2330 2474 si

1323 2497 1388 2528 sibi
1406 2498 1445 2528 de
1459 2497 1517 2527 illo
1527 2497 1649 2528 delicto
1675 2498 1708 2528 in
1727 2497 1788 2528 hac
1807 2499 1900 2537 parte
1922 2498 2122 2533 constiterit,
2143 2506 2203 2537 per
2218 2497 2326 2537 priva-

1322 2551 1447 2581 tionem
1472 2550 1635 2581 bonorum
1664 2560 1727 2590 que
1751 2550 1901 2582 obtinent
1931 2551 1964 2581 in
1984 2550 2134 2590 predicto
2155 2553 2264 2581 castro
2287 2551 2329 2582 de

1322 2603 1442 2634 Trebis
1460 2606 1491 2634 et
1507 2604 1591 2635 alias
1614 2604 1813 2643 impunitos,
1831 2607 1929 2643 prout
1953 2604 2103 2643 exegerit
2121 2606 2249 2642 patrata
2274 2612 2328 2634 ne·

1321 2657 1440 2697 quitia,
1462 2666 1527 2687 non
1547 2658 1727 2697 relinquat.
1753 2659 1796 2689 Ut
1818 2660 1928 2689 autem
1950 2658 2147 2688 mandatum
2171 2657 2327 2696 apostoli-

1321 2720 1396 2742 cum
1415 2719 1516 2751 super
1533 2711 1598 2741 hiis
1621 2712 1791 2751 potentius
1814 2713 1846 2742 et
1863 2711 2035 2742 efficacius
2058 2712 2255 2749 exequatur,
2275 2719 2329 2742 vo-

1321 2764 1434 2795 lumus
1449 2767 1480 2795 et
1499 2765 1709 2804 presentium
1732 2764 1792 2795 tibi
1812 2764 2009 2795 auctoritate
2035 2764 2234 2794 mandamus
2250 2772 2330 2803 qua-

1321 2820 1418 2849 tenus
1441 2818 1551 2849 eidem
1581 2818 1766 2857 capellano,
1790 2818 1831 2849 ad
1849 2817 2108 2857 requisitionem
2136 2825 2244 2852 suam,
2270 2825 2330 2856 per

1320 2871 1506 2902 exercitum
1522 2871 1575 2902 vel
1589 2872 1655 2902 alio
1669 2879 1881 2911 quocumque
1901 2870 2013 2906 modo,
2030 2870 2125 2909 juxta
2143 2879 2202 2900 sue
2216 2870 2328 2909 dispo-

1320 2924 1456 2955 sitionis
1472 2924 1661 2961 arbitrium,
1682 2926 1835 2964 potenter
1854 2926 1884 2955 et
1902 2923 2086 2955 efficaciter
2103 2923 2256 2959 assistas,
2282 2922 2329 2954 ita

1320 2978 1408 3018 quod
1438 2978 1557 3009 exinde
1586 2978 1853 3009 sollicitudinem
1881 2980 1971 3008 tuam
2007 2976 2180 3016 possimus
2207 2976 2327 3007 merito
