2519 3262
179 222 218 252 58

178 313 276 344 pape,
304 302 518 342 presentibus
551 301 686 332 domino
717 298 856 329 Alberto
888 297 1018 331 Azarii3
1053 295 1189 326 domino

178 357 361 389 Guillelmo
393 357 433 386 de
468 357 600 387 Lesato,
637 352 814 386 monach03
850 351 952 380 fratre
986 349 1190 388 Raymundo

180 410 352 450 preposito
369 409 475 439 sancti
492 406 665 438 Michaelis
680 406 719 435 de
737 404 888 438 Coxano;
904 402 1036 433 Matheo
1054 402 1093 432 de
1108 402 1191 432 Nar-

179 464 237 494 nia
254 465 285 493 et
305 462 429 493 Jacobo
457 461 496 491 de
520 461 641 490 Parma
656 457 809 492 notariis,
829 456 975 486 testibus
997 455 1037 485 ad
1057 455 1117 484 1100
1137 463 1189 484 vo-

180 516 264 547 catis
274 515 466 554 specialiter
479 516 509 543 et
519 512 656 551 rogatis,
668 519 754 541 anno
765 509 903 540 Domini
916 507 1188 543 M⁰CC⁰LXIIII⁰‚
1220 526 1221 533 1

179 579 202 599 v
223 569 385 599 kalendas
405 567 504 607 junii,
531 565 712 595 indictione
733 573 791 597 vn,
818 562 1033 601 pontificatus
1061 560 1190 591 domini

180 622 404 660 Urbanipapa
418 620 482 650 IIII
503 627 588 648 anno
605 617 717 648 tertio.
736 617 777 646 Et
795 624 855 654 ego
870 614 1106 654 Raymundus,
1126 613 1191 643 dic·
1220 622 1221 631 ¹

179 677 236 706 tus
256 675 365 711 Fam-e,
381 675 420 703 de
433 672 556 703 Tribus
575 670 684 706 bonis,
695 672 906 700 sacrosancte
922 668 1073 699 Romane
1091 666 1192 697 eccle-

181 729 229 758 sie
248 726 404 766 publicus
429 723 626 754 auctoritate
644 721 807 757 notarius,
826 720 988 760 predictis
1006 718 1142 749 interfui
1160 719 1192 748 et

181 780 220 810 de
241 779 397 809 mandato
419 777 499 807 dicti
523 775 651 806 domini
676 774 808 805 abbatis
838 773 960 812 scripsi
979 774 1011 802 et
1032 774 1064 802 in
1082 771 1192 810 publi-

182 841 253 863 cam
279 831 420 861 formam
440 829 552 867 redegi
581 829 718 866 rogatus
736 827 899 866 signoque
922 834 995 855 meo
1014 824 1155 863 signavi.
1176 833 1191 851 1)

221 884 313 915 Nulli
341 892 417 921 ergo
441 883 554 913 nostre
579 880 845 911 confirmationis
872 880 933 908 etc.
957 879 1082 908 Datum
1105 876 1192 916 apud
1222 899 1223 902 ¹

182 937 470 972 Urbemveterenn
491 945 507 964 v
526 934 689 965 kalendas
703 933 802 972 junii,
823 941 910 963 anno
926 931 1037 962 tertio.
1057 941 1072 959 »

780 1103 904 1135 Officio,
922 1103 956 1131 28
971 1103 1029 1129 mai
1045 1102 1122 1129 1264.

277 1109 365 1140 1061

218 1193 353 1219 Attoncm
373 1191 408 1217 dc
431 1189 556 1217 Castello
578 1191 604 1215 et
630 1188 772 1215 Daliinum
790 1188 822 1214 de
841 1187 948 1220 Grecis,
966 1186 1119 1213 canonicos
1140 1186 1192 1213 Cu-

182 1249 294 1271 manos,
316 1239 476 1275 praedictae
501 1237 659 1265 sententiae
681 1238 845 1263 executores
866 1235 1026 1262 constituit.
1047 1236 1127 1269 (nm.
1147 1235 1193 1268 29,
1224 1250 1225 1260 t

183 1289 232 1317 tol.
249 1290 283 1317 50
299 1295 335 1321 ψ’,
352 1295 381 1315 11⁰
399 1289 470 1320 llo.)

224 1406 239 1424 «
256 1395 364 1425 Alloni
383 1394 417 1424 de
437 1392 566 1424 Castello
589 1397 615 1422 ct
635 1391 758 1430 Dalfino
779 1391 814 1420 dc
829 1390 941 1427 Grecis,
962 1391 1115 1420 canonicis
1135 1390 1192 1421 Cu-

184 1449 290 1478 manis.
307 1447 475 1486 Exposuit
490 1455 601 1477 coram
619 1445 717 1476 nobis
734 1463 781 1474 —.
803 1445 927 1475 Datum
950 1445 1038 1483 apud
1055 1443 1194 1474 Urbem·
1224 1443 1226 1469 ἒ

183 1504 344 1537 veterem,
360 1510 379 1530 v
392 1500 555 1531 kalendas
569 1499 669 1538 junii,
688 1506 774 1527 anno
794 1497 902 1527 tertio.
922 1508 936 1526 »

759 1664 882 1694 orricio,
896 1665 929 1690 27
951 1672 1028 1690 mars
1046 1664 1123 1691 1264.

277 1670 374 1702 1062

222 1751 437 1779 Ordinationem
464 1751 492 1777 in
508 1748 702 1777 controversia
722 1748 796 1774 inter
811 1748 956 1775 abbatem,
978 1755 1011 1774 cx
1031 1756 1087 1774 una
1104 1749 1195 1782 parte,

188 1804 216 1829 et
231 1801 355 1836 priorem
380 1809 412 1828 ac
442 1799 604 1830 canonicos,
626 1806 659 1823 ex
678 1798 780 1825 altera.
797 1796 934 1823 ecclesiae
947 1806 969 1823 s.
990 1797 1057 1831 Lupi
1077 1797 1197 1823 Trecen-

189 1851 228 1878 sis
255 1853 362 1883 exorta,
385 1849 492 1876 editam
516 1848 551 1874 ab
578 1846 716 1876 Anchero,
742 1845 818 1872 tituli
835 1854 858 1871 3.
876 1845 1009 1871 Praxedis
1031 1846 1197 1880 presbytero

188 1902 216 1926 et
229 1900 352 1926 Jordano
367 1906 405 1925 ss.
433 1899 554 1924 tlosmae
569 1897 597 1922 et
615 1894 745 1921 Damiani
764 1894 884 1920 diacono
905 1894 1110 1925 cardinalibus,
1131 1902 1197 1921 con·

189 1948 295 1975 firmat.
314 1948 393 1981 (11011.
410 1948 454 1977 29,
471 1945 520 1972 sol.
538 1946 571 1972 511
587 1950 624 1975 v0,
642 1948 673 1970 11ο
695 1944 765 1976 111.)

231 2064 245 2081 (1
266 2051 317 2082 Ad
338 2051 476 2090 suturam
504 2049 546 2078 rei
571 2048 755 2078 memoriam.
780 2047 873 2077 Licet
899 2056 937 2077 011
960 2056 1023 2086 que
1045 2065 1092 2076 —.
1112 2047 1198 2078 Sane
1228 2066 1229 2088 3

191 2105 272 2136 olim
285 2105 371 2134 inter
388 2102 549 2133 dilectum
568 2101 676 2131 filiuni
695 2100 866 2135 Milonem,
887 2099 1041 2129 abbatem
1057 2100 1198 2130 ecclesie
1228 2090 1229 2096 ¹

192 2159 296 2189 sancti
326 2156 411 2195 Lupi
440 2154 630 2190 'herens-is,
655 2153 784 2183 ordinis
812 2153 916 2182 sancti
948 2153 1139 2191 Augustini,
1158 2162 1198 2183 ex

190 2213 285 2251 parte
305 2219 381 2246 una,
402 2210 433 2239 et
456 2208 602 2247 priorem
622 2215 658 2236 ac
679 2206 764 2236 alios
782 2206 814 2235 in
832 2206 890 2236 bac
909 2207 1002 2244 parte
1021 2206 1086 2236 sibi
1102 2206 1199 2237 adhe-

191 2267 304 2296 rentes
332 2262 511 2293 canonicos
537 2260 688 2300 ejusdem
714 2259 866 2294 ecclesie,
893 2268 935 2289 ex
956 2259 1073 2293 altera,
1099 2268 1201 2298 super

192 2316 446 2356 dilapidatione,
486 2313 676 2353 privatione
705 2312 1050 2348 adininisti-anonam,
1077 2313 1201 2352 spolia-

191 2371 283 2402 tione
300 2368 506 2409 quarundam
525 2375 636 2398 rerum
653 2367 684 2396 et
700 2365 821 2396 ceteris
838 2365 915 2395 aliis
937 2365 1089 2395 articulis
1104 2374 1201 2404 ques-

191 2424 283 2455 tione
308 2422 456 2457 suborta,
477 2421 623 2456 tandem,
644 2420 719 2458 post
740 2418 893 2448 diversas
915 2418 1151 2449 altercationes
1170 2421 1201 2450 et

191 2477 282 2512 lites,
297 2474 490 2515 hujusmodi
511 2473 644 2512 negotio
667 2481 726 2511 per
747 2471 1007 2510 appellationem
1028 2472 1068 2502 ad
1087 2472 1201 2503 sedem

194 2529 414 2570 apostolicam
439 2527 588 2566 legitime
617 2525 786 2562 devoluto,
804 2525 916 2555 dilecti
935 2524 998 2555 tilii
1021 2525 1128 2555 nostri
1146 2527 1200 2562 A„

192 2582 284 2614 tituli
323 2582 436 2612 sancte
470 2580 635 2610 Praxedis
665 2578 854 2617 presbyter,
882 2579 914 2608 et
944 2578 989 2612 J.‚
1008 2580 1200 2608 sanctorum

193 2636 314 2667 Cosme
346 2635 377 2665 et
407 2633 563 2664 Damiani
595 2632 757 2662 diaconus
783 2631 983 2667 cardinales,
1002 2631 1200 2662 auctoritate

193 2689 310 2719 nostra
331 2687 380 2717 eis
404 2686 437 2716 in
452 2686 511 2716 hac
528 2686 622 2725 parte
639 2685 833 2720 commissa,
850 2686 881 2715 et
897 2684 936 2714 de
950 2683 1090 2722 speciali
1109 2693 1201 2714 nian-

194 2741 271 2772 dato
296 2741 410 2770 nostro
440 2739 525 2769 facto
544 2739 594 2769 eis
619 2738 755 2768 oraculo
774 2737 849 2767 vive
875 2737 979 2774 vocis,
1000 2745 1059 2776 per
1075 2739 1200 2767 certam

195 2793 440 2825 ordinationem
466 2792 578 2830 ipsum
601 2791 771 2829 negotium
792 2790 1028 2826 terminarunt,
1053 2792 1153 2829 prout
1167 2790 1201 2820 in

194 2847 420 2878 instrumento
436 2845 570 2884 publico
593 2844 670 2875 inde
689 2843 850 2880 consecto,
870 2843 1036 2874 dictorum
1055 2843 1204 2874 cardina-

194 2900 279 2931 lium
304 2899 432 2929 munito
458 2897 594 2935 sigillis,
617 2897 751 2936 plenius
768 2896 968 2927 continetur.
992 2896 1063 2928 Nos
1087 2897 1201 2936 itaque

933 211 1176 243 REGISTRES
1208 210 1424 242 D’URBAIN
1455 210 1512 240 lv.

1253 295 1340 333 quod
1361 293 1401 324 ab
1420 294 1547 324 eisdem
1567 292 1796 323 cardinalibus
1814 292 1935 323 factum
1958 294 2007 321 est
2029 292 2061 321 in
2078 291 2137 322 bac
2155 293 2262 330 parte,

1251 349 1361 378 ratum
1389 349 1421 377 et-
1447 347 1582 377 firmum
1603 345 1776 382 habentes,
1804 345 1889 375 illud
1909 345 2106 375 auctoritate
2132 347 2265 383 aposto-

1220 422 1221 431 ,
1250 400 1316 430 lica
1339 401 1578 430 confirmamus
1597 401 1627 429 et
1646 398 1815 438 presentis
1835 398 1951 436 scripti
1969 398 2155 436 patrocinio
2177 406 2264 427 com-

1251 454 1435 484 munimus.

1291 507 1455 537 Tenorem
1480 507 1590 544 ipsius
1623 505 1841 535 instrumenti
1868 504 1907 534 de
1935 504 2037 534 verbo
2061 505 2103 535 ad
2123 504 2264 535 verbum

1220 545 1221 598 i
1250 559 1467 598 presentibus
1482 559 1586 589 inseri
1605 559 1777 593 facientes,
1797 558 1852 597 qui
1869 557 1948 587 talis
1966 560 2014 587 est
2037 569 2042 587 ε

1291 623 1306 641 (1
1334 613 1529 642 illiseratione
1561 611 1665 641 divina
1691 610 1964 647 Anche1·ns,lilnli
1990 616 2090 639 sancte
2114 609 2268 640 Prrrwdis

1251 665 1418 706 presbyter.
1435 671 1462 695 ee
1475 665 1641 700 dardanus,
1658 670 1830 694 sanctorum
1843 663 1948 693 Cassae
1967 669 1993 693 e!
2008 663 2152 693 Dumiani
2169 663 2266 692 diaco-

1253 730 1308 748 nus
1326 718 1507 751 cardinales,
1523 718 1672 747 universis
1686 722 1842 757 presentes
1857 717 1973 746 litteras
1991 716 2171 755 inspecturis
2186 714 2266 744 salu-

1254 777 1310 801 tem
1329 772 1361 801 in
1387 771 1523 801 Domino,
1545 771 1582 801 In
1601 770 1782 800 desideriis
1799 770 1984 809 apostolice
1999 787 2046 799 -.
2063 770 2150 800 Sane
2166 768 2269 807 signi-

1222 815 1223 854 1
1253 824 1432 854 ficantibus
1460 824 1542 854 olim
1572 824 1789 854 sanctissimo
1804 823 1889 862 patri
1911 825 1941 853 et
1961 823 2098 852 1101111110
2118 821 2265 857 Urbano,

1222 858 1224 879 r
1253 878 1368 908 divina
1386 877 1599 916 providentia
1617 886 1701 916 pape
1720 876 1795 910 1111,
1816 901 1820 905 .
1839 900 1845 905 .
1868 876 1978 914 priore
2000 884 2035 906 ac
2058 876 2136 905 aliis
2154 875 2186 904 in
2207 874 2267 904 hac

1223 920 1224 972 i
1253 932 1348 970 parte
1366 931 1430 961 sibi
1451 930 1691 961 adherentibus
1710 929 1882 959 canonicis
1898 929 2038 959 ecclesie
2056 928 2162 958 sancti
2181 927 2269 966 Lupi

1254 984 1445 1019 Trecensis,
1473 984 1602 1014 ordinis
1621 983 1727 1013 sancti
1748 982 1942 1021 Augustini,
1959 982 2046 1020 quod
2067 982 2118 1011 vir
2134 980 2270 1020 religio-

1255 1046 1313 1067 sus
1337 1037 1430 1073 Milo,
1451 1036 1555 1067 abbas
1579 1037 1689 1075 ipsius
1706 1036 1860 1069 ecclesie,
1880 1035 2000 1065 multis
2024 1034 2197 1073 desipiens
2221 1033 2270 1064 in-

1255 1090 1422 1120 solentiis.
1435 1089 1522 1120 bona
1537 1090 1689 1129 ejusdem
1708 1089 1848 1119 ecclesie
1864 1088 2071 1127 dilapidabat
2084 1087 2268 1118 enormiter

1255 1144 1286 1172 et
1302 1142 1572 1181 irreparabiliter
1600 1141 1830 1177 consumebat,
1856 1140 2012 1179 ‹piodque
2041 1140 2129 1170 idem
2151 1139 2268 1175 abbas,

1255 1195 1481 1234 appellatione
1500 1196 1691 1233 contempta
1708 1197 1843 1233 propter
1860 1194 1921 1223 hoc
1940 1194 1980 1223 ad
1997 1193 2135 1223 eandem
2155 1192 2269 1222 sedem

1224 1262 1225 1278 t
1254 1248 1442 1287 interjecta,
1465 1248 1827 1278 excommunit-ationis
1854 1246 2055 1276 sententiam
2086 1246 2146 1275 hac
2181 1253 2272 1275 occa-

1224 1282 1225 1318 *
1255 1301 1349 1332 sione
1378 1301 1650 1340 promulgaverat
1679 1301 1711 1330 111
1736 1300 1871 1330 eosdem
1904 1302 1933 1329 et
1963 1300 2154 1338 privaverat
2176 1299 2270 1337 ipsos

1224 1350 1225 1355 ¹
1255 1354 1611 1385 administrationilnis
1639 1354 1808 1392 suisquas
1828 1353 1868 1382 ab
1892 1354 1965 1391 ipsa
1982 1352 2123 1383 ecclesia
2142 1351 2271 1382 obtine·

1225 1417 1226 1420 *
1255 1407 1346 1439 bant,
1366 1408 1454 1446 quod
1482 1408 1582 1437 etiam
1602 1407 1805 1445 quibusdam
1824 1406 1920 1445 equis
1938 1408 1968 1435 et
1991 1405 2068 1435 aliis
2087 1405 2186 1435 bonis
2204 1413 2270 1444 que

1225 1476 1226 1490 ;
1256 1461 1385 1491 ratione
1400 1461 1733 1490 administrationum
1751 1460 1901 1498 ipsarum
1918 1458 2096 1494 habebant,
2108 1458 2272 1488 003111110-

1254 1514 1323 1544 bite
1338 1513 1513 1552 spoiiarat.
1530 1513 1623 1543 Idem
1635 1513 1805 1548 dominus,
1818 1513 1858 1542 ad
1877 1512 2072 1542 instantiam
2087 1511 2168 1542 dicti
2186 1511 2274 1550 prio-

1256 1567 1304 1596 ris
1327 1570 1357 1596 et
1374 1567 1533 1599 Hodoini,
1555 1566 1706 1604 ejusdem
1725 1565 1866 1595 ecclesie
1881 1565 2044 1600 canonici,
2065 1564 2271 1603 quitandem

1255 1622 1392 1659 propter
1410 1619 1471 1650 hoc
1499 1628 1558 1658 pro
1579 1628 1614 1649 se
1633 1628 1669 1649 ac
1688 1619 1753 1649 sibi
1771 1618 2012 1649 adherentibus
2034 1618 2074 1647 ad
2091 1618 2206 1648 sedem
2220 1625 2272 1648 ac-

1257 1675 1430 1704 cesserunt
1454 1673 1608 1710 eandem,
1633 1672 1742 1711 primo
1768 1671 1995 1702 venerabilem
2022 1674 2152 1710 patrem
2167 1670 2273 1701 domi-

1256 1735 1336 1757 num
1355 1726 1501 1762 S.‚tituli
1520 1728 1633 1756 sancte
1655 1725 1778 1756 Cecilie
1795 1725 2034 1764 presbyterum
2051 1724 2271 1760 cardinalem,

1257 1780 1423 1810 concessit
1449 1779 1604 1818 partibus
1632 1779 1832 1814 auditorem,
1857 1781 1887 1809 et
1914 1778 2128 1817 postmodum
2155 1779 2271 1808 contra

1257 1834 1383 1864 dictum
1409 1832 1563 1864 abbatem
1580 1832 1837 1872 inquisitionem
1854 1840 1955 1870 super
1978 1831 2046 1861 hiis
2069 1831 2171 1861 certis
2185 1830 2274 1870 judi-

1259 1886 1354 1917 cibus
1373 1887 1551 1925 delegavit¹
1570 1887 1622 1916 cui
1638 1885 1854 1924 postmodum
1877 1885 2092 1923 supersederi
2110 1884 2273 1923 precepit,

1259 1940 1363 1970 donec
1378 1948 1480 1978 super
1497 1939 1558 1969 hoc
1574 1939 1665 1969 aliud
1680 1938 1909 1969 demandaret.
1922 1937 2168 1976 intendensper
2183 1937 2273 1967 viam

1260 1993 1585 2031 compendiosiorem
1608 1991 1784 2022 consulere
1810 1990 1951 2020 ecclesie
1984 1990 2188 2029 supradicte.
2213 1991 2275 2020 As-

1260 2045 1452 2076 serentibus
1465 2048 1579 2076 autem
1593 2045 1705 2083 priore
1724 2047 1754 2074 et
1772 2044 1943 2074 canonicis
1966 2043 2162 2073 memoratis
2185 2042 2275 2082 quod

1260 2100 1337 2138 ipsi,
1354 2099 1546 2138 hujusmodi
1573 2098 1806 2137 prose-suendo
1832 2097 2015 2136 negotium.
2036 2096 2143 2126 multa
2160 2096 2276 2126 subie—

1260 2155 1333 2182 rant
1361 2161 1463 2182 onera
1492 2151 1695 2185 debitorum,
1723 2151 1850 2181 ratione
1873 2158 2015 2189 quorum
2047 2150 2149 2179 certis
2179 2150 2275 2180 erant

1261 2205 1486 2236 creditoribus
1498 2204 1650 2243 obligati,
1671 2206 1701 2233 et
1718 2203 1990 2242 supplicantibus
2007 2202 2072 2233 sibi
2091 2202 2274 2241 superbiis

1262 2261 1293 2290 et
1327 2259 1406 2289 aliis
1435 2258 1621 2296 apostolica
1648 2257 1878 2287 sollicitudine
1906 2256 2088 2295 provideri.
2122 2255 2276 2294 prefatus

1262 2312 1420 2342 dominus
1445 2312 1560 2342 noster
1576 2311 1722 2341 discreto
1739 2310 1811 2340 viro
1830 2309 1976 2340 Johanni
1993 2310 2033 2340 de
2050 2309 2204 2343 varzen),
2223 2317 2276 2339 ca-

1263 2365 1383 2395 nonico
1406 2364 1547 2395 ecclesie
1573 2364 1680 2394 sancti
1706 2363 1867 2402 Stephani
1887 2362 2077 2395 'trecensis
2104 2362 2195 2392 dedit
2212 2361 2276 2392 sub

1263 2421 1353 2449 certa
1379 2418 1486 2448 forma
1515 2417 1588 2447 suis
1608 2417 1732 2447 litteris
1750 2417 1782 2446 in
1808 2416 1977 2446 mandatis
1991 2417 2039 2449 ut,
2053 2415 2202 2454 predicta
2219 2423 2277 2445 ex-

1263 2471 1581 2502 communicationis
1597 2470 1776 2504 sententia.
1788 2470 1875 2499 sicut
1886 2469 2017 2508 justum
2027 2470 2130 2504 esset,
2147 2468 2187 2498 ad
2201 2477 2277 2498 cau-

1262 2525 1364 2555 telam
1382 2525 1415 2554 in
1436 2524 1542 2554 forma
1558 2523 1699 2553 ecclesie
1717 2523 1877 2561 primitus
1893 2522 2058 2557 relaxata,
2071 2521 2239 2561 dictisque
2252 2544 2272 2552 ..

1262 2578 1386 2617 priore,
1410 2579 1440 2607 et
1453 2576 1624 2606 canonicis
1639 2576 1679 2606 ad
1698 2575 2014 2606 administrationes
2031 2577 2062 2605 et
2076 2574 2143 2605 alia
2161 2583 2277 2613 supra—

1262 2630 1351 2661 dicta
1379 2630 1530 2669 plenarie
1561 2629 1741 2660 restitutis.
1762 2629 1802 2658 de
1835 2628 1934 2658 bonis
1966 2627 2117 2667 ejusdem
2133 2626 2276 2657 ecclesie

1262 2683 1375 2714 debita
1395 2682 1535 2722 prefata,
1553 2691 1617 2721 que
1638 2691 1697 2721 pro
1717 2682 1833 2712 eodem
1853 2681 2028 2711 dumtaxat
2047 2679 2182 2719 negotio
2201 2687 2276 2719 pro·

1263 2736 1434 2775 sequendo
1457 2737 1627 2766 contracta
1655 2735 1724 2765 fore
1754 2736 1934 2766 constaret.
1953 2734 2075 2764 faceret
2092 2741 2166 2763 cum
2192 2733 2277 2763 inte-

1263 2790 1383 2829 gritate
1410 2789 1570 2828 persolvi.
1605 2789 1756 2827 Cumque
1771 2813 1777 2818 .
1792 2813 1797 2818 .
1839 2787 2046 2818 camerarius
2075 2785 2274 2816 monasterii

1263 2843 1355 2874 Celle
1365 2842 1556 2874 Trecensis,
1565 2842 1617 2872 cui
1629 2841 1800 2880 predictus
1809 2840 1981 2871 ι101111111103
1994 2839 2055 2870 sub
2066 2841 2155 2870 certa
2167 2839 2276 2869 forma

1264 2904 1366 2935 super
1382 2895 1442 2926 hoc
1452 2895 1667 2926 commiserat
1678 2897 1768 2925 vices
1781 2902 1872 2924 suas.
1890 2894 1922 2923 in
1940 2894 2013 2932 ipso
2027 2893 2207 2932 procedere
2217 2901 2275 2923 ne-
