2659 3242
111 215 149 244 82
939 209 1093 240 TABLES
1117 208 1169 239 DU
1193 206 1395 239 REGISTRE
1419 203 1609 235 D'URBAlN
1634 203 1674 232 lv

1069 301 1140 327 Pagos.
1171 301 1278 320 Numeros.
2286 295 2364 320 ches.
2393 294 2505 314 Numeros.

1656 345 1728 372 talis
1742 348 1771 372 et
1787 352 1962 380 pauperum
1980 344 2018 371 ad
2035 344 2114 371 illud
2131 344 2286 372 confluen-

433 402 604 429 remedium
623 401 774 427 adhibere
793 403 942 435 procuret
1656 395 1734 421 tium
1758 402 1833 420 usus
1848 396 2030 420 convertere
2057 393 2193 421 valeant.

131 454 199 482 1261
275 452 391 480 Viterbe.
469 451 618 484 l-Ipiscemo
663 449 840 476 Tusculano
875 449 1002 477 mandat
1029 453 1062 476 ut
1082 450 1085 480 Ι
1140 449 1170 475 15
1188 449 1192 480 1
1241 448 1277 475 45
1354 444 1419 471 1261
1498 443 1613 470 Vieerbe.
1691 442 1838 469 Ministro
1851 446 1880 468 et
1894 441 2047 469 fratribus
2059 441 2171 469 domus
2185 441 2289 477 hospi·
2306 444 2310 473 Ι
2362 440 2394 468 11
2413 442 2418 473 Ι
2469 441 2506 468 26

1336 501 1405 521 nov.
1424 492 1467 519 13.
1545 507 1578 511 —
1651 491 1724 518 talis
1745 499 1769 518 s.
1793 491 1931 519 Thomae
1953 491 1983 517 in
2006 491 2129 517 Formis
2149 489 2186 516 de
2208 490 2289 518 Urbe

431 353 607 380 debitorum
653 352 797 384 (dirutae,
850 353 1063 386 opportunum

113 503 214 530 octob.
233 502 276 529 22.
319 517 349 520 —
429 499 578 525 ecclesiae
596 499 774 525 Nazarenae
792 500 928 532 quatuor
944 498 1067 525 canoni-

430 557 481 573 cos
510 547 607 581 eligat
636 547 691 581 qui
719 555 788 573 cum
819 547 978 581 canonico,
1010 546 1065 581 qui

431 596 547 623 residet
589 595 671 630 apud
708 595 811 623 sedem
852 595 1065 630 apostolicam.

431 646 567 681 priorem
588 645 648 672 silui
669 645 786 679 eligere
809 645 946 672 valeant.

1656 539 1799 573 indulget
1820 543 1854 567 ut
1871 539 1907 566 de
1924 538 1973 566 his
1985 539 2155 574 quaeipsis
2171 537 2292 566 Christi

1655 588 1763 615 fideles
1783 587 1984 623 reliquerint,
2001 589 2151 623 cuiquam
2174 587 2298 618 canoni-

1655 645 1723 664 cam
1742 637 1901 671 justitian]
1927 636 2075 663 exhihere
2093 636 2224 668 minime
2244 639 2293 662 te-

163 708 176 721 »
471 694 582 729 Majori
598 694 744 721 ministro
765 696 794 720 et
815 693 967 720 fratribus
985 693 1066 720 ordi·
1085 695 1087 723 Ι
1158 692 1193 725 81
1249 691 1278 717 17
1657 689 1804 713 neantur.

431 744 478 770 nis
495 751 518 770 s.
537 743 707 770 Trinitatis
729 745 757 768 et
775 743 971 776 captivorum
995 741 1067 769 hos-
1374 747 1388 761 »
1691 735 1808 762 Jacoho
1826 734 1892 762 lilio
1913 734 2040 764 Marini,
2063 735 2125 761 civi
2143 733 2294 769 Neapoli-
2309 733 2316 765 Ι
2365 732 2400 760 10
2416 734 2422 765 1

432 792 528 827 pitale
541 800 564 820 s.
584 791 722 819 Thomae
742 792 772 817 in
788 792 911 817 Formis
931 790 967 817 de
986 791 1065 818 Urbe
1657 787 1740 810 iano.
1758 787 1789 810 et
1802 784 1962 811 Maroetae
1979 783 2081 815 uxori,
2093 786 2208 817 quarto
2220 789 2295 809 con-

434 841 585 868 restituit.
1655 833 1880 868 sanguinitatis
1908 832 2008 867 gradu
2039 832 2230 866 conjunctis,
2255 831 2295 859 ad

161 903 174 917 η
472 890 576 917 Fratri
589 889 684 919 Adae,
703 889 865 924 capellano
885 889 1068 923 apostolico,
1087 889 1091 921 1
1158 888 1174 913 9
1192 888 1196 919 1
1248 887 1280 913 18
1655 890 1766 918 preces
1800 882 1928 911 Marini,
1947 881 2039 908 electi
2067 881 2221 916 Capuani,
2251 881 2293 907 in-

432 939 580 966 canonico
594 938 744 964 ecclesiae
762 937 1065 972 dominicisepulvri
1656 932 1766 964 dumet
1797 935 1831 959 ut
1853 932 1885 958 in
1909 931 2112 957 matrimonio
2133 932 2296 958 contracto

433 987 701 1021 Jerosolyniitani,
727 986 846 1013 ordinis
882 995 906 1013 s.
939 987 1067 1020 Augus—
1657 987 1819 1007 remanere
1838 981 1969 1015 possint,
1989 981 2019 1006 et
2035 979 2156 1014 prolem
2172 986 2209 1005 ex
2228 979 2296 1013 ipso

433 1038 502 1067 tini,
523 1036 695 1071 prioratum
718 1035 867 1062 ecclesiae
881 1045 903 1062 s.
924 1035 1067 1061 Andreae
1657 1033 1836 1064 susceptam
1856 1030 1921 1055 fore
1940 1029 2119 1063 legitimam
2140 1027 2293 1054 decernit.

431 1085 465 1111 de
479 1083 828 1114 l’lacza‚Cathaniensis
840 1083 983 1113 diocesis,
999 1091 1071 1110 con-
1375 1090 1387 1103 >1
1693 1078 1769 1113 Regi
1786 1078 1982 1105 Francorum
2004 1081 2035 1103 et
2055 1077 2200 1104 omnibus
2223 1075 2297 1103 aliis
2313 1075 2320 1109 1
2370 1073 2404 1102 10
2420 1075 2426 1108 1

432 1136 502 1160 fort.
1659 1127 1714 1161 qui
1733 1134 1803 1153 cum
1826 1135 1861 1153 eo
1887 1125 2177 1161 praedicationibus
2199 1124 2295 1152 Verbi

156 1195 171 1211 »
464 1182 645 1209 (lum-diano
677 1182 811 1207 fratrum
845 1181 1001 1207 Minoi-um
1028 1180 1087 1212 del
1157 1180 1195 1213 91
1250 1180 1280 1206 19
1659 1176 1715 1202 Dei
1747 1176 1936 1210 intererunt,
1965 1174 2199 1209 indulgentiam
2227 1181 2297 1201 cen-

432 1231 553 1265 Placza,
575 1229 795 1257 Cathaniensis
818 1229 961 1263 diocesis,
985 1237 1068 1256 man·
1661 1228 1726 1252 tum
1748 1225 1871 1251 dierum
1893 1224 2045 1252 concedit.

431 1279 482 1307 dat
502 1283 546 1313 ut,
559 1279 701 1306 Johanne
718 1278 911 1305 Provinciali
928 1280 959 1304 et
975 1278 1069 1312 Roge-
1375 1285 1388 1299 »
1695 1273 1814 1303 Eidem,
1841 1273 2106 1308 quotiescumque
2144 1280 2215 1299 eum
2257 1271 2294 1298 ad
2311 1273 2316 1303 1
2371 1271 2406 1298 10
2422 1272 2427 1303 1

431 1330 477 1356 rio
507 1328 725 1356 detentoribus
754 1335 771 1354 a
792 1328 935 1363 prioratu
969 1327 1068 1354 eccle-
1656 1322 1795 1356 alicujus
1821 1322 1971 1349 ecclesiae
2000 1322 2048 1348 vel
2079 1321 2218 1357 capellae
2245 1320 2294 1348 vel

431 1378 494 1404 siae
515 1386 538 1405 s.
569 1378 712 1404 Andreae
734 1377 770 1403 de
799 1377 923 1404 Placza.
947 1376 1068 1403 ordinis
1656 1371 1767 1398 altaris
1793 1371 2023 1398 dedicationem
2057 1370 2105 1397 vel
2134 1378 2299 1398 consecra·

430 1436 454 1453 s.
481 1427 662 1461 Augustini,
693 1434 822 1461 prorsus
854 1425 977 1459 amotis,
1008 1426 1069 1452 Ro—
1656 1421 1776 1447 tionem⁴
1790 1420 1834 1446 ire
1852 1419 1900 1447 vel
1918 1419 2069 1447 interesse
2084 1419 2206 1446 ibidem
2222 1426 2296 1446 con—

431 1477 556 1503 bertum
572 1475 609 1501 de
630 1475 774 1507 Venafro,
792 1475 943 1502 clericum
965 1482 1074 1509 procu-
1660 1469 1780 1503 tigerit,
1799 1469 2032 1501 indulgentiam
2055 1469 2151 1495 unius
2173 1468 2246 1495 anni
2262 1470 2294 1495 et

431 1529 568 1552 ratoreni
615 1524 724 1551 fratris
766 1524 862 1557 Adae,
911 1523 1066 1558 capellani
1659 1518 1872 1553 quadraginta
1889 1518 2012 1545 dierum
2032 1518 2202 1552 elargitur.

432 1573 607 1609 apostolici,
629 1573 770 1600 canonici
791 1573 942 1600 dominici
960 1572 1067 1606 Sepul-
1376 1577 1389 1592 »
1694 1568 1846 1602 Episcopo
1873 1567 2070 1602 Tripolitano
2096 1565 2242 1601 indulget
2262 1567 2317 1598 utl
2369 1564 2426 1597 131

431 1624 475 1650 cri
502 1622 775 1657 Jerosolymitani,
807 1622 927 1649 ordinis
956 1630 980 1649 s.
1009 1623 1072 1648 Au-
1659 1616 1813 1643 pandulfo
1826 1617 1863 1643 de
1880 1615 2015 1651 Subura,
2029 1616 2193 1652 capellano
2209 1622 2297 1650 apos-

434 1673 565 1707 gns-tini,
611 1672 678 1707 ejus
724 1672 859 1705 nomine,
890 1671 922 1697 in
968 1670 1068 1705 ipsius
1660 1665 1761 1696 lolicO.
1792 1666 1892 1701 ipsius
1910 1665 2152 1700 consanguineo,
2173 1664 2211 1692 de
2239 1664 2296 1692 ali·

432 1721 594 1757 prioratus
616 1720 811 1756 corporalem
840 1721 1067 1756 possessionem
1659 1723 1721 1750 quo
1751 1714 1955 1750 praebendali
1980 1714 2083 1741 officio
2112 1715 2144 1741 in
2161 1713 2298 1750 Tripoli-

432 1771 573 1798 inducat.
1660 1766 1732 1791 tana
1754 1764 1887 1791 ecclesia
1903 1763 2070 1799 providere
2091 1763 2207 1790 valeat.

163 1829 177 1844 »
466 1819 641 1846 Arnaldum
660 1818 696 1845 de
727 1808 947 1848 Millesaneti's,
964 1825 981 1844 a
1002 1825 1070 1844 ma-
1087 1819 1090 1849 Ι
1160 1818 1176 1844 8
1193 1818 1197 1850 1
1248 1817 1282 1844 16
1376 1822 1390 1837 >>
1695 1813 1923 1840 Monasterium
1962 1812 2144 1847 Casae-Dei,
2191 1811 2296 1839 Claro·
2313 1811 2319 1844 1
2370 1810 2404 1838 13
2420 1811 2426 1843 1

430 1868 491 1901 jori
506 1871 537 1895 et
553 1868 669 1895 saniori
682 1871 770 1902 parte
787 1867 970 1894 Tarviensis
987 1867 1069 1902 capi·
1661 1863 1833 1890 montensis
1849 1862 1993 1892 diocesis,
2014 1861 2157 1888 decernit
2176 1867 2298 1896 semper

433 1917 495 1945 tuli
513 1917 660 1949 electum,
684 1916 858 1943 confirmat.
1661 1911 1699 1937 ad
1721 1911 1772 1945 jus
1785 1911 1941 1938 Romanae
1957 1910 2108 1938 ecelesiae
2124 1909 2294 1945 pertinere.

166 1976 180 1991 »
471 1966 622 2000 Episcopo
657 1968 688 1992 et
714 1964 935 1992 archidiacono
964 1966 1089 1997 engen-l
1145 1964 1197 1997 101
1249 1963 1283 1991 25
1341 1959 1459 1986 decem.
1478 1961 1505 1986 5.
1696 1960 1840 1991 Roherto,
1865 1959 1972 1986 comiti
2000 1959 2214 1992 Atrebatensi,
2244 1959 2322 1990 ne-l
2375 1957 2428 1989 1:21

436 2015 584 2041 nenslbllS
624 2022 658 2041 ac
699 2014 882 2048 Rayniundo
927 2013 1069 2045 Abbati&
1662 2008 1724 2042 poti
1744 2008 1896 2035 Ludovici
1918 2009 2003 2042 regis
2024 2007 2231 2041 Francorum,
2253 2006 2297 2033 in-

436 2064 584 2090 canonico
598 2063 749 2091 ecclesiae
774 2062 810 2089 de
828 2063 951 2094 Mauso,
968 2064 1071 2097 Agen-
1660 2057 1769 2091 ‹lulget
1805 2060 1837 2083 ut
1876 2058 1941 2092 ipse
1977 2059 2006 2084 et
2048 2056 2184 2090 Aniieia,
2224 2058 2298 2083 nata

435 2113 540 2139 nensis
558 2112 701 2146 diocesiS,
725 2112 853 2139 mandat
878 2114 911 2137 ut
935 2111 1064 2138 Petrum
1660 2106 1818 2140 qlltuidaul
1848 2106 1933 2132 Petri
1965 2105 2001 2132 de
2023 2106 2210 2140 Cortenayn).
2228 2111 2297 2139 pos-

435 2161 602 2196 quuelmi
621 2161 658 2187 de
681 2160 956 2188 Sancto-Macario
981 2160 1071 2187 cleri·
1661 2156 1724 2181 sint
1759 2154 1796 2181 ad
1838 2155 1971 2182 invicem
2015 2153 2296 2182 matrimonialiter

433 2219 516 2245 cum,
538 2211 568 2236 in
594 2211 820 2245 possessionem
847 2209 999 2236 rectoriae
1028 2209 1065 2235 de
1661 2203 1813 2239 copulari.

436 2260 601 2292 Lingonio,
627 2259 811 2287 vasatensis
827 2258 972 2288 diocesis,
995 2258 1069 2285 iuit-
1697 2252 1776 2279 Cum
1794 2251 1958 2287 Rodulplio
1983 2252 2021 2279 de
2047 2250 2316 2286 Freningeliain‚1
2366 2250 2398 2278 31
2417 2251 2423 2285 1

436 2312 500 2336 tere
521 2311 642 2336 curent.
1662 2305 1782 2329 rectore
1808 2302 1959 2329 ecclesiae
1989 2301 2026 2328 de
2052 2299 2296 2335 Freningeham,

116 2364 186 2385 nov.
205 2358 232 2384 9.
471 2358 616 2384 Decernit
643 2357 725 2392 quod
759 2358 874 2384 fratres
904 2356 1069 2391 hospitalis
1086 2357 1090 2389 Ι
1159 2357 1176 2381 9
1193 2357 1198 2389 1
1249 2355 1283 2383 20
1662 2351 1893 2378 Lineolniensis
1913 2350 2060 2384 diocesis,
2082 2357 2175 2384 super
2192 2349 2298 2376 deten-

435 2414 458 2432 s.
482 2406 634 2433 Joliannis
664 2406 923 2440 Jerosolymitani
945 2407 996 2439 jus
1021 2413 1071 2440 pa-
1663 2402 1744 2427 tione
1761 2400 1903 2436 plurium
1926 2399 2150 2426 beneficiorum
2173 2398 2296 2434 dispen-

436 2458 580 2483 tronatus
611 2455 641 2482 iu
669 2454 853 2489 Maguntina
877 2455 991 2481 diocesi
1023 2455 1072 2481 vel
1660 2454 1719 2478 sat.

436 2504 598 2539 provincia
617 2504 702 2532 licite
719 2503 858 2538 recipere
880 2503 1014 2530 valeant.
1697 2500 1856 2535 Philippo,
1872 2497 2085 2534 primogenito
2100 2497 2186 2531 regis
2202 2496 2298 2524 Fran·
2314 2497 2320 2529 1
2371 2494 2405 2522 12
2421 2496 2427 2528 1

153 2560 168 2576 »
208 2550 248 2579 13,
471 2553 518 2583 R,
547 2562 572 2579 s.
603 2552 713 2587 Angeli
743 2553 874 2579 diacono
905 2552 1094 2586 ca1·dinali‚l
1150 2551 1200 2583 111
1252 2552 1284 2578 27
1660 2558 1780 2583 corum,
1797 2548 2058 2584 quotiescumque
2082 2554 2154 2573 eum
2175 2545 2214 2573 ad
2239 2545 2294 2572 ali-

436 2609 545 2628 curam
561 2601 673 2628 domus
698 2601 864 2636 hospitalis
884 2609 908 2628 s.
933 2601 1071 2628 Tliomae
1659 2599 1750 2629 cuius
1768 2597 1918 2625 eeclesiae
1937 2595 1985 2623 vel
2003 2594 2142 2630 capellae
2155 2594 2203 2622 vel
2217 2594 2297 2621 alta-

436 2650 466 2676 in
483 2651 605 2678 Formis
625 2651 661 2678 de
679 2651 762 2678 Urbe
781 2650 962 2678 committit.
1660 2649 1704 2675 ris
1716 2647 1945 2673 dedicationem
1958 2645 2007 2672 vel
2023 2643 2294 2671 consecrationem

153 2705 169 2722 ²)
471 2699 618 2726 Ministro
635 2702 665 2726 et
678 2699 832 2726 fratribus
847 2699 957 2726 doinus
969 2699 1071 2733 hospi·
1089 2700 1094 2732 1
1149 2699 1178 2725 10
1195 2699 1200 2730 1
1251 2698 1284 2725 22
1660 2697 1705 2723 ire
1726 2696 1774 2723 vel
1796 2696 1947 2722 interesse
1972 2693 2089 2720 ibidem
2113 2692 2294 2726 contigerit,

438 2748 510 2775 talis
526 2758 551 2775 s.
571 2748 706 2775 Tliomae
730 2749 761 2774 in
780 2748 903 2775 Formis
923 2748 959 2774 ‹le
977 2748 1071 2780 Urbe,

437 2797 556 2824 ordinis
572 2805 596 2824 s.
620 2796 788 2824 Trinitatis
813 2800 843 2824 et
863 2797 1073 2831 captivorum,

440 2846 582 2879 indulget
615 2849 648 2872 ut
673 2853 779 2873 omnes
809 2845 952 2872 redditus
973 2845 1072 2880 ipsius

437 2894 613 2930 hospitalis,
635 2896 666 2921 in
688 2895 839 2929 ipsorum.
864 2894 939 2921 dicti
964 2893 1071 2929 hospi-

1660 2745 1892 2779 indulgentiam
1919 2743 2014 2770 unius
2048 2743 2121 2769 anni
2154 2743 2184 2768 et
2213 2749 2295 2776 quu-

1659 2795 1806 2829 dragiuta
1825 2793 1947 2820 dierum
1967 2791 2133 2826 elargitur.

1698 2843 1805 2870 Eidem
1826 2841 1946 2869 relaxat
1962 2840 1998 2868 de
2017 2839 2214 2876 poeuitentiis
2234 2838 2294 2866 sibi
2312 2839 2317 2871 1
2368 2837 2402 2864 12
2421 2838 2426 2869 1

1663 2891 1813 2926 injunctis
1834 2893 1958 2918 centum
1977 2889 2054 2918 dies.
2078 2889 2296 2924 quotiescum-
