2519 3262
260 244 317 274 132

258 327 379 359 vimus.
392 327 557 358 obtineret
568 327 600 357 in
611 328 753 358 ecclesia
763 328 967 366 supradicta.
980 329 1143 368 Alioquin
1156 330 1265 368 primo
1296 344 1298 353 1

258 382 451 411 vacaturam
480 381 653 411 donationi
683 381 866 419 apostolice
894 382 1157 417 reservavimus,
1188 383 1264 418 sibi,

258 442 332 463 cum
348 442 421 463 eam
436 442 553 463 vacare
570 434 788 472 contingeret,
805 434 1053 468 conferendam.
1065 436 1264 466 mandantes

259 486 346 525 quod
368 475 576 525 reciperetur
595 487 627 516 in
645 487 761 516 eadem
788 487 930 517 ecclesia
954 488 987 517 in
1011 489 1209 519 canonicum
1234 491 1265 519 et

259 539 291 569 in
307 540 457 574 fratrem,
475 542 505 569 et
525 542 697 578 tamquam
716 540 820 570 frater
839 541 870 570 et
891 541 1071 571 canonicus
1087 541 1266 573 haberetur

258 593 290 622 in
315 593 471 623 omnibus
491 595 522 623 et
548 593 649 623 etiam
673 594 883 623 tractaretur.
906 594 1001 629 Quod
1028 595 1055 624 si
1086 595 1173 625 dicta
1193 604 1265 634 pre-

257 645 365 676 benda
383 655 446 685 que
461 646 524 676 suit
540 646 704 676 nominati
724 646 957 685 Mauritii,per
974 648 1117 678 eundem
1136 649 1262 687 episco-

255 708 334 738 pum
364 708 469 738 usque
501 699 541 729 ad
571 699 759 737 predictum
791 699 915 729 festum
943 709 1010 730 non
1038 701 1150 731 extitit
1179 702 1262 731 forte

255 752 388 788 collata,
405 760 466 782 nos
486 752 594 790 ipsam
613 752 723 782 eidem
740 753 926 791 capellano,
944 762 1007 783 non
1027 754 1181 785 obstante
1199 755 1263 785 col-

256 805 379 835 latione
404 805 444 835 ab
472 805 589 835 eodem
608 806 765 844 episcopo
788 808 864 844 post
890 806 978 836 idem
1007 807 1131 838 festum
1163 808 1261 842 facta.

255 858 459 888 contulimus
482 859 513 888 et
535 858 676 888 eundem
704 858 916 897 capellanum
939 860 978 890 de
1002 860 1076 898 ipsa
1104 861 1263 891 similiter

255 911 504 946 investivimus,
537 910 602 940 sibi
636 911 877 942 nichilominus
910 913 949 942 de
984 913 1124 951 speciali
1155 915 1263 953 gratia

253 964 470 995 concedentes
497 965 532 994 ut
558 973 617 1003 per
642 964 837 1004 hujusmodi
866 968 1016 996 nostram
1046 967 1262 997 collationem

254 1018 361 1055 quoad
393 1017 580 1047 cotidianas
616 1017 874 1049 distributiones
904 1019 945 1049 ab
978 1020 1052 1058 ipso
1088 1021 1262 1059 capellano

251 1069 487 1108 percipiendas
504 1070 538 1100 in
554 1072 739 1108 posterum,
754 1071 841 1101 idem
859 1072 915 1110 jus
934 1073 1111 1103 sortiretur
1126 1074 1262 1104 omnino

253 1123 341 1161 quod
359 1123 536 1153 habiturus
554 1123 674 1154 fuisset
696 1124 724 1153 si
743 1124 876 1155 collatio
902 1134 961 1164 per
982 1126 1171 1164 predictum
1188 1135 1264 1157 exe-

252 1178 401 1206 cutorem
416 1176 503 1207 facta
517 1177 605 1207 dicto
621 1177 793 1216 capellano
806 1178 845 1208 de
857 1178 987 1217 prefata
997 1179 1177 1218 prebenda,
1189 1181 1262 1211 sine

252 1229 515 1260 contradictione
537 1231 714 1260 memorati
736 1231 885 1269 episcopi
908 1233 1143 1269 processisset.
1168 1234 1262 1264 Cete—

252 1291 326 1312 rum
357 1283 528 1313 voluimus
553 1286 584 1313 et
610 1283 802 1314 litterarum
834 1285 1027 1315 nostrarum
1062 1286 1260 1317 auctoritate

251 1335 462 1365 decrevimus
490 1336 685 1375 episcopum
711 1337 834 1375 ipsum,
859 1338 886 1367 si
914 1339 1097 1377 receptioni
1116 1340 1260 1378 predicti

251 1388 417 1427 capellani
440 1390 497 1419 aut
517 1398 617 1428 super
639 1390 752 1428 aliquo
770 1391 998 1428 predictorum
1022 1392 1131 1422 eidem
1152 1394 1260 1432 capel-

250 1441 326 1471 lano
355 1450 390 1471 se
414 1442 549 1472 duceret
572 1444 819 1482 opponendum,
845 1453 864 1473 a
893 1444 1133 1475 beneficiorum
1161 1447 1260 1476 colla-

248 1494 339 1524 tione
364 1495 481 1525 tandiu
507 1504 544 1525 eo
574 1495 649 1534 ipso
679 1505 814 1527 manere
841 1505 1059 1536 suspensum,
1090 1499 1194 1529 donec
1219 1499 1259 1529 ab

247 1546 441 1586 hujusmodi
477 1549 689 1586 oppositione
721 1550 857 1580 omnino
895 1550 1073 1581 desisteret
1104 1560 1141 1582 ac
1168 1552 1258 1582 idem

247 1601 442 1639 capellanus
465 1601 669 1640 prebendam
690 1602 723 1632 in
743 1603 831 1633 dicta
853 1604 996 1634 ecclesia
1013 1607 1103 1635 esset
1120 1605 1258 1644 pacifice

247 1655 434 1689 assecutus,
455 1656 486 1684 et
513 1654 754 1685 nichilominus
772 1656 838 1694 ipsi
861 1657 1034 1695 capellano
1049 1658 1105 1697 ι1113
1130 1658 1165 1688 in
1186 1667 1257 1698 pre-

247 1705 351 1737 libata
364 1707 534 1746 prebenda
546 1717 647 1747 quam
665 1708 811 1739 obtinuit
828 1710 1044 1748 supradictus
1062 1712 1256 1748 Mauritius,

247 1759 275 1789 si
301 1761 389 1798 quod
415 1761 565 1800 predicto
585 1762 758 1800 capellano
789 1765 864 1793 ante
892 1764 1078 1802 predictam
1105 1767 1257 1796 nostram

246 1814 474 1852 provisionem
500 1815 710 1853 competebat
730 1817 762 1846 et
781 1816 865 1846 illud
882 1818 1042 1856 prosequi
1061 1818 1188 1855 mallet,
1210 1820 1258 1849 in-

246 1868 377 1905 tegrum
392 1867 552 1898 duximus
569 1869 822 1905 reservandum,
838 1869 939 1900 etiam
955 1871 983 1900 si
1001 1870 1110 1901 dictus
1126 1872 1257 1911 episco-

247 1928 310 1959 pus
326 1921 463 1950 eandem
481 1920 686 1959 prebendam
705 1930 768 1960 que
787 1922 850 1953 fuit
868 1923 977 1961 ipsius
998 1923 1161 1961 Mauritii,
1181 1927 1256 1956 ante

248 1973 372 2004 dictum
388 1974 493 2003 sancti
505 1974 670 2004 Johannis
683 1975 824 2005 forsitan
839 1976 1050 2006 contulisset.
1065 1977 1163 2014 Sane⁷
1178 1979 1258 2017 quia

247 2027 403 2064 pretextu
422 2027 611 2057 litterarum
625 2028 851 2066 1·›redi‹·ta1·um
870 2037 971 2067 super
989 2029 1182 2067 hujusmodi
1201 2040 1257 2070 ap—

247 2079 488 2117 pellationibus
506 2080 546 2109 ad
564 2080 712 2119 prefatos
727 2081 858 2119 jndices
875 2082 1099 2119 obtentarum,
1114 2093 1173 2123 per
1185 2093 1256 2115 eos-

247 2133 323 2163 dem
343 2133 473 2171 judices
496 2133 566 2163 sive
592 2133 828 2171 subdelegatos
858 2143 985 2170 eorum,
1008 2138 1188 2175 antequam
1216 2139 1255 2168 de

246 2186 457 2217 ordinatione
476 2187 549 2225 ipsa
567 2187 777 2225 pervenisset
800 2188 840 2218 ad
859 2197 927 2224 eos,
948 2189 979 2218 in
999 2189 1125 2220 dictum
1147 2192 1256 2229 capel-

245 2239 359 2269 lanum
373 2241 404 2269 et
422 2239 454 2269 in
472 2239 548 2270 illos
565 2241 622 2279 11111
640 2240 671 2270 111
690 2240 750 2270 1101·
762 2241 895 2280 negotio
914 2242 1117 2273 adherebant
1132 2244 1253 2281 eidem,

245 2292 389 2328 diverse,
410 2294 446 2323 ut
474 2293 607 2330 dicitur,
626 2294 874 2333 suspensionis,
894 2296 1255 2328 excommanicatiouis

244 2346 295 2375 vel
312 2346 480 2376 interdicti
500 2347 676 2380 sententie,
693 2348 733 2377 ad
747 2348 941 2378 instantiam
964 2349 1071 2387 ipsius
1091 2350 1252 2389 episcopi,

245 2401 323 2429 sunt
342 2399 471 2437 prolate
491 2409 527 2430 ac
544 2401 628 2430 varii
647 2401 705 2431 alii
723 2409 904 2439 processus
926 2401 1031 2432 habiti
1052 2405 1166 2433 contra
1184 2412 1252 2438 eos,

244 2454 451 2483 memoratus
475 2453 670 2492 capellanus
688 2454 785 2484 nobis
806 2454 981 2485 humiliter
999 2456 1202 2494 supplicavit
1219 2460 1252 2488 ut

245 2514 345 2544 super
360 2506 421 2536 hoc
436 2508 599 2545 oportune
613 2508 819 2545 provisionis
836 2509 1023 2538 remedium
1041 2509 1198 2540 adhibere
1214 2511 1253 2541 de

243 2558 449 2598 benignitate
469 2559 569 2590 solita
595 2569 802 2591 curaremus.
824 2563 907 2591 (lum
928 2561 1030 2599 igitur
1046 2563 1252 2601 prelibatum

244 2613 414 2651 negotium
431 2614 605 2643 occasione
620 2614 716 2653 cujus
730 2615 844 2644 eedem
861 2616 1027 2645 sententie
1042 2617 1252 2656 promulgate

243 2666 399 2696 dicuntur
417 2674 452 2695 ac
471 2666 535 2705 ipsi
554 2675 736 2705 processus
758 2668 862 2698 fuisse
881 2668 986 2698 habiti
1004 2673 1249 2708 proponuntur,

243 2719 287 2749 sit.
304 2719 562 2755 sententialiter,
576 2721 612 2750 ut
627 2721 846 2759 premittitur,
864 2722 1095 2759 terminatum,
1113 2731 1154 2753 ne
1174 2724 1251 2755 lites

242 2780 284 2802 ex
302 2772 373 2802 litis
397 2773 504 2811 prime
523 2773 664 2803 materia
682 2774 844 2810 oriantur,
865 2783 982 2805 omnes
999 2784 1178 2814 processus
1194 2777 1248 2807 lia-

242 2823 329 2855 bitos
346 2827 377 2855 et
394 2826 578 2856 sententias
595 2827 691 2861 latas,
707 2827 905 2858 auctoritate
921 2828 1148 2867 predictarum
1164 2830 1249 2861 litte-

242 2884 355 2908 rarum
385 2887 485 2917 super
510 2879 796 2918 appellationibus
822 2881 908 2919 ipsis
930 2881 1198 2920 impetratarum,
1218 2886 1248 2914 et

242 2930 401 2970 quicquid
425 2940 466 2961 ex
491 2932 540 2962 eis
569 2935 721 2964 secutum
741 2936 790 2964 est
807 2934 859 2964 vel
882 2934 923 2964 01)
944 2934 1048 2973 ipsas,
1068 2937 1246 2974 postquam

1019 245 1260 277 REGISTRES
1289 247 1502 280 D'URBAIN
1532 250 1590 281 IV.

1329 333 1417 364 idem
1439 333 1634 372 capellanus
1656 334 1720 364 iter
1738 333 1883 372 arripuit
1905 333 1947 363 ad
1974 333 2088 364 sedem
2118 335 2338 373 apostolicam

1327 387 1495 423 veniendi,
1513 390 1628 417 tenore
1646 387 1855 426 presentium
1875 395 2084 422 revocamus,
2105 387 2257 418 districte
2276 388 2339 418 tibi

1326 441 1526 471 mandantes
1544 441 1705 479 quatinus
1730 440 1867 471 eosdem
1886 448 2066 479 processus
2089 442 2120 470 et
2139 441 2338 478 sententias,

1326 502 1411 532 qnos
1433 495 1464 523 et
1483 502 1567 532 quas
1592 494 1806 524 decernimus
1826 493 1958 523 viribus
1982 493 2118 523 omnino
2141 503 2265 530 carere,
2285 494 2341 524 de·

1327 547 1461 577 nunties
1479 555 1537 585 per
1550 548 1582 577 te
1598 547 1650 577 vel
1669 547 1784 583 alium,
1802 546 1859 576 ubi
1874 548 1906 576 et
1924 546 2058 585 quando
2075 547 2234 585 expedire
2248 547 2339 577 vide-

1326 600 1385 636 ris,
1410 600 1539 630 nullius
1563 601 1710 631 existere
1731 600 1913 630 firmitatis.
1937 599 2212 630 Contradictores
2230 602 2343 631 ancto-

1326 653 1424 683 ritate
1441 654 1567 687 nostra,
1587 653 1813 692 appellatione
1833 653 2059 692 postpositam
2081 653 2338 692 compescendo.

1324 706 1448 736 Datum
1467 706 1554 745 apud
1570 706 1858 742 Urbemveterem,
1879 715 1913 735 111
1933 705 2009 735 idus
2027 705 2233 742 novembris,
2253 715 2339 737 anno

1324 759 1436 790 tertio.
1460 770 1474 788 ›)

1816 930 1940 961 Orvieto,
1961 931 1995 957 21
2013 931 2168 958 novembre
2189 932 2266 959 1203.

1416 931 1513 962 1166

1360 1014 1498 1048 Episcopo
1521 1014 1685 1048 Ageunensi
1702 1015 1818 1041 mandat
1836 1016 1987 1049 quatenus.
2001 1023 2017 1041 a
2034 1015 2178 1049 magistro
2195 1016 2339 1050 Stephano

1322 1064 1357 1089 de
1383 1063 1512 1096 biterris,
1542 1062 1681 1089 canonico
1704 1063 1842 1090 ecclesiae
1868 1063 2046 1094 Vasatensis,
2069 1065 2102 1090 110
2125 1064 2294 1091 canonicatu
2312 1066 2341 1091 ct

1322 1113 1486 1146 praehenda
1508 1111 1599 1138 libera
1622 1112 1818 1146 resignatione
1840 1115 1968 1146 recepta,
1989 1112 2191 1139 canonicatum
2211 1116 2235 1140 01
2259 1121 2342 1147 prac-

1323 1161 1445 1188 bcndam
1475 1161 1627 1187 Guillelmo
1653 1161 1823 1191 1108011010,
1856 1161 1994 1188 canonico
2015 1162 2154 1189 ecclesiae
2170 1163 2203 1189 de
2227 1162 2336 1194 31111130,

1322 1210 1461 1237 conserat.
1479 1211 1557 1243 (aaa.
1574 1211 1618 1237 29.
1633 1210 1682 1237 sol.
1699 1212 1733 1237 83
1749 1216 1787 1243 νῆ
1807 1216 1836 1236 11⁰
1851 1211 1928 1244 215.)

1361 1329 1375 1347 «
1401 1342 1425 1349 ..
1446 1319 1588 1359 episcopo
1615 1319 1800 1357 Ayennensi.
1820 1320 1904 1348 Cum
1923 1319 2068 1348 dilectus
2095 1318 2187 1348 filius
2204 1335 2253 1348 —.
2272 1319 2338 1349 Da-

1320 1374 1392 1402 tum
1421 1373 1509 1411 apud
1536 1372 1826 1408 Urbemveterem,
1860 1381 1918 1401 v111
1937 1372 2100 1402 kalendas
2131 1372 2334 1409 decembris,

1321 1434 1407 1456 anno
1426 1425 1536 1456 tertio.
1559 1436 1573 1454 ))

1813 1596 1938 1628 Orvieto,
1955 1597 1988 1624 27
2008 1597 2164 1623 novembre
2184 1598 2262 1625 1203.

1412 1598 1506 1629 1167

1355 1682 1522 1708 Bcrtrando.
1540 1680 1673 1715 episcopo
1690 1680 1830 1714 Uticensi,
1852 1681 1971 1707 mandat
1986 1683 2013 1707 ut
2034 1681 2067 1707 de
2089 1680 2170 1707 honis
2187 1681 2333 1716 episcopa-

1318 1731 1392 1757 libus
1418 1730 1561 1757 redditum
1592 1737 1720 1756 annuum
1748 1729 1868 1764 triginta
1896 1729 2035 1756 librarum
2065 1732 2120 1757 tur.
2148 1729 2283 1756 basilicae
2299 1730 2334 1756 ab

1318 1779 1379 1813 ipso
1398 1779 1532 1814 episcopo
1558 1778 1693 1805 fundatae
1718 1778 1867 1813 assignare
1892 1778 1996 1805 valeat.
2025 1778 2104 1813 1111111.
2119 1779 2164 1809 29,
2181 1778 2227 1805 fol.
2244 1780 2278 1806 83
2295 1784 2332 1810 w,

1318 1835 1349 1854 n⁰
1362 1829 1438 1863 216.)

1359 1938 1372 1957 11
1395 1927 1578 1961 Rern-ando,
1594 1927 1736 1967 episcopo
1758 1926 1903 1957 Uticensi.
1931 1928 2111 1959 Desideria
2134 1929 2333 1958 devotorum

1318 1980 1358 2010 de
1381 1999 1430 2009 —.
1456 1980 1558 2010 Lecta
1586 1979 1758 2018 siquidem
1788 1979 1886 2010 nobis
1912 1981 1970 2010 tua
1996 1980 2116 2018 petitio
2140 1979 2333 2010 continebat

1318 2033 1466 2072 1111011111,
1487 2033 1625 2063 obtentu
1643 2032 1878 2063 retributionis
1897 2035 2022 2068 eterne,
2043 2033 2212 2072 quandam
2227 2033 2332 2064 hono—

1317 2086 1460 2116 rabilem
1486 2085 1662 2115 basilicam
1693 2085 1781 2115 infra
1805 2085 2016 2124 parrochiam
2050 2086 2192 2116 ecclesie
2217 2089 2331 2117 sancte

1317 2139 1509 2174 Anastasie,
1520 2140 1576 2169 tue
1592 2138 1749 2172 diocesis,
1762 2138 1803 2169 ad
1819 2140 1912 2169 tuam
1930 2147 2082 2169 mensam
2102 2139 2330 2178 episcopalem

1317 2192 1512 2231 spectantis,
1525 2192 1564 2222 de
1574 2192 1644 2222 tuis
1657 2191 1754 2222 bonis
1764 2192 1912 2231 propriis
1926 2194 2138 2227 construens,
2152 2192 2332 2231 religiosas

1316 2245 1658 2284 personas,videlicet
1679 2245 1845 2275 moniales
1862 2245 1992 2275 ordinis
2011 2246 2115 2276 sancti
2133 2246 2330 2285 Augustini,

1316 2300 1369 2338 pie
1387 2308 1422 2329 ac
1447 2298 1586 2338 provide
1611 2299 1643 2328 111
1668 2298 1862 2337 hujusmodi
1880 2298 2022 2328 basilica
2038 2299 2223 2329 collocasti.
2245 2300 2329 2330 Cum

1316 2354 1427 2383 autem
1455 2354 1491 2383 tu
1517 2352 1707 2391 paupertati
1727 2352 1937 2390 compatiens
1953 2352 2149 2388 earundem,
2170 2352 2209 2382 de
2230 2352 2330 2383 bonis

1315 2406 1384 2436 tuis
1403 2405 1654 2444 episcopalibus
1672 2414 1778 2444 usque
1795 2405 1835 2434 ad
1855 2405 2003 2435 valorem
2022 2413 2171 2435 annuum
2187 2406 2329 2445 triginta

1315 2459 1479 2489 librarum
1506 2459 1742 2489 turonensium
1770 2458 1948 2488 basilicam
1981 2459 2096 2488 dotare
2115 2459 2233 2497 cupias
2262 2467 2330 2490 me-

1314 2514 1491 2545 moratam,
1511 2512 1657 2542 maxime
1679 2512 1758 2550 quia
1776 2513 1961 2550 proventus
1984 2512 2195 2551 episcopales
2211 2520 2329 2543 mense

1315 2566 1420 2596 multo
1447 2566 1554 2603 magis
1578 2574 1619 2595 ex
1638 2565 1916 2604 posscssimiibus
1941 2574 2000 2595 seu
2026 2564 2128 2595 rebus
2147 2565 2226 2595 aliis
2243 2574 2330 2604 quas

1313 2619 1442 2652 emisti,
1477 2627 1537 2658 per
1566 2620 1656 2649 tuam
1690 2620 1767 2648 sunt
1801 2618 2021 2653 industriam,
2054 2619 2153 2657 prout
2187 2619 2326 2655 asseris,

1313 2672 1531 2711 augmentati,
1559 2681 1575 2701 a
1600 2671 1696 2701 nobis
1720 2671 1894 2701 humiliter
1917 2671 2070 2710 petivisti
2091 2673 2127 2701 ut
2149 2671 2328 2710 providere

1312 2733 1414 2764 super
1433 2725 1493 2755 hoc
1518 2726 1658 2764 paterna
1679 2724 1855 2764 diligentia
1879 2733 2087 2754 curaremus.
2108 2725 2180 2755 Nos
2198 2725 2327 2763 itaque,

1312 2778 1450 2809 obtentu
1466 2777 1672 2809 venerabilis
1691 2777 1805 2808 fratris
1823 2777 1950 2808 nostri.
1969 2802 1975 2807 .
1995 2777 2146 2816 episcopi
2163 2777 2326 2808 Sabinen·

1312 2831 1371 2868 sis,
1397 2831 1454 2870 11111
1476 2833 1614 2870 propter
1630 2830 1691 2861 hoc
1707 2830 1929 2869 apostolicam
1952 2830 2095 2869 gratiam
2116 2830 2323 2869 imploravit,

1310 2884 1380 2914 tuis
1397 2883 1706 2923 supplicationibus
1722 2884 1920 2919 annuentes,
1934 2885 1980 2918 ut,
1993 2885 2083 2913 veris
2097 2882 2324 2913 existentibus

1313 2938 1526 2976 supradictis,
1545 2939 1579 2968 111
1592 2937 1631 2968 110
1642 2937 1803 2976 predictis
1819 2936 1918 2967 bonis
1935 2935 2198 2976 episcopalibus,
2217 2944 2326 2975 usque
