2519 3262
1004 289 1245 327 TROISIEME
1276 295 1370 326 ANN
1376 289 1431 326 EE

191 384 234 415 ad
245 392 330 423 quos
341 384 546 422 presentatio
555 383 710 422 perpetui
724 381 843 412 vicarii
858 381 898 411 ad
919 380 1080 410 vicariam
1092 380 1203 418 ipsam

190 437 348 476 pertinet,
372 437 574 475 magistrum
599 436 707 466 Adam
726 435 766 465 de
785 433 951 473 thlebv,
973 433 1102 463 domini
1118 440 1203 471 pape

192 489 450 524 subdiaconum,
469 488 656 519 venerabili
673 488 708 518 in
727 487 862 518 Christo
881 487 967 526 patri
987 486 1125 516 domino
1142 485 1206 516 Dei

192 543 300 582 gratia
317 542 546 573 Lonsloniensi
563 541 734 580 episcopo,
759 540 824 570 loci
843 539 1036 575 diocesano,
1056 539 1097 569 ad
1120 538 1208 568 vica-

192 596 279 627 riam
297 596 408 634 ipsam
423 595 582 625 canonice
591 594 842 633 presentarunt,
857 601 958 631 quem
972 592 1063 622 idem
1079 591 1208 630 episco-

192 658 257 688 pus
275 649 318 679 ad
333 649 457 678 dictam
480 647 643 678 vicariam
669 654 831 676 recusans
858 646 1050 681 admittere,
1071 644 1206 674 willel-

193 711 286 732 mum
309 702 349 732 de
366 700 581 740 Sasnjdvvicm
603 699 845 738 presbyterum
859 698 1119 730 Cantuariensis
1138 697 1208 727 (110-

193 755 293 791 00515,
319 754 359 784 (10
381 753 480 790 facto,
505 761 582 783 cum
599 752 639 782 de
660 752 736 791 jure
763 760 829 782 non
849 754 976 790 posset,
1004 751 1154 782 instituit
1173 751 1208 780 in

193 807 322 841 eadem,
341 807 478 845 propter
497 806 587 844 quod
601 805 712 835 dictus
725 805 890 844 magister
906 805 1014 835 Adam
1033 804 1074 834 ad
1093 804 1208 834 sedem

194 860 418 899 apostolicam
436 859 620 898 appellavit
638 860 682 894 et,
693 859 791 897 juxta
805 858 1082 888 constitutionem
1098 857 1209 888 felicis

193 911 439 943 recordationis
451 911 580 941 domini
594 911 771 941 Innocenti
786 911 854 941 IIII
868 919 972 949 super
990 910 1052 940 hoc
1070 910 1208 946 editam,

181 965 419 1005 ‚personaliter
434 965 477 995 ad
492 965 607 995 sedem
619 965 730 1003 ipsam
746 964 921 999 accedens,
936 963 1159 994 reverendum
1175 963 1211 993 111

194 1018 328 1049 Christo
345 1020 492 1057 patrem,
510 1017 686 1048 dominum
699 1017 915 1051 Riccardum‚
929 1017 1148 1047 miseratione
1165 1016 1212 1046 di-

194 1072 274 1102 vina
285 1071 394 1102 sancti
409 1071 531 1110 Angeli
542 1071 723 1101 diaconum
735 1070 954 1105 cardinalem,
965 1079 983 1100 a
994 1070 1212 1100 sanctissimo

195 1126 292 1164 patre
312 1125 449 1155 domino
462 1124 600 1155 Urbano
617 1133 704 1163 papa
722 1124 785 1154 IlII
802 1124 876 1154 dari
894 1123 1040 1154 obtinuit
1057 1124 1091 1153 in
1111 1131 1213 1153 causa

195 1177 392 1217 hujusmodi
415 1177 617 1208 auditorem.
644 1177 717 1213 Quo
740 1177 928 1208 venerabili
952 1177 1026 1207 viro
1049 1177 1213 1208 Riccardo

198 1232 316 1267 Tasca,
327 1231 488 1261 canonico
498 1231 673 1265 Remensi‚
685 1231 917 1261 committente
930 1239 1068 1261 causam
1079 1230 1216 1260 audien-

198 1285 277 1315 dam
290 1284 490 1323 pradictam,
507 1284 598 1314 idem
611 1284 794 1314 canonicus
810 1284 1008 1323 episcopum
1025 1286 1057 1314 et
1074 1283 1215 1323 presby-

198 1339 312 1369 terum
329 1337 500 1376 predictos
525 1337 656 1376 pluries
683 1337 781 1368 citari
804 1337 883 1368 fecit
904 1337 939 1367 in
965 1337 1138 1368 audientia
1155 1346 1216 1376 pu-

198 1390 299 1427 blica,
312 1393 349 1421 ut
359 1392 411 1422 est
422 1391 545 1425 moris,
560 1392 592 1421 et
609 1399 686 1421 cum
698 1390 815 1420 nullus
833 1392 1030 1429 procurator
1041 1390 1215 1428 legitimus

201 1446 411 1483 compareret
433 1453 494 1483 pro
521 1444 571 1474 eis
589 1453 702 1474 coram
722 1444 810 1483 ipso,
837 1452 1044 1483 quamquam
1062 1452 1120 1474 eos
1139 1444 1215 1482 post

199 1498 386 1528 terminum
406 1498 440 1527 in
458 1498 699 1528 constitutione
719 1497 794 1536 ipsa
819 1499 997 1533 statutum,
1015 1497 1145 1527 diutius
1161 1505 1216 1526 ex-

199 1551 358 1590 pectavit,
393 1551 652 1589 interloquendo
681 1551 914 1589 pronuntiavit
935 1551 1121 1589 predictam
1139 1558 1214 1580 cau-

200 1657 294 1687 modi
310 1657 461 1696 legitime
479 1657 685 1690 devolutam,
705 1659 735 1687 et
749 1657 838 1695 apud
850 1665 922 1686 eam
936 1656 1074 1686 tractari
1086 1655 1213 1686 deberi.

202 1709 427 1740 Postmodum
456 1718 536 1740 vero
565 1709 676 1740 dictus
703 1710 867 1748 magister
891 1709 1003 1739 eidem
1025 1710 1033 1729 ¹
1054 1709 1215 1739 canonico

201 1762 358 1793 libellum
373 1762 496 1793 obtulit
513 1763 719 1793 continentie
735 1762 952 1801 infrascripte
978 1773 983 1791 z

243 1826 258 1845 «
279 1815 401 1846 Coram
420 1815 518 1846 vobis
534 1816 720 1846 reverendo
742 1818 850 1855 patre,
872 1816 1009 1846 domino
1028 1816 1082 1850 R„
1108 1815 1216 1845 sancti

203 1878 221 1899 »
237 1869 361 1908 Angeli
375 1869 516 1899 diacono
527 1869 704 1903 cardinali,
717 1869 872 1907 partibus
889 1869 1042 1898 auditore
1062 1868 1150 1902 dato,
1167 1868 1217 1898 di·
1246 1887 1247 1901 1
1277 1871 1424 1899 ratorem
1434 1869 1615 1907 ydoneum,
1629 1870 1719 1898 certo
1734 1869 1890 1905 termino,
1910 1877 2023 1899 coram
2036 1869 2155 1905 nobis3
2168 1871 2200 1900 et
2213 1879 2290 1900 cum

2235 304 2274 334 67

1266 380 1452 418 »tempore
1481 380 1721 418 appellationis
1744 382 1906 420 predicte,
1931 384 2129 419 contulerat,
2162 387 2276 425 ipsum

1269 442 1284 462 »
1305 432 1542 471 presbyterum
1558 433 1592 462 in
1607 433 1757 472 ejusdem
1780 435 1904 466 vicarie
1928 438 2180 474 possessionem
2200 439 2276 469 fecit

1268 494 1285 514 »
1304 485 1428 522 induci,
1449 486 1506 524 qui
1524 486 1635 524 ipsam
1653 486 1693 517 de
1724 487 1810 517 facto
1831 490 1946 519 contra
1959 490 2129 527 justitiam
2150 491 2277 522 detinet

1270 548 1284 567 »
1306 540 1515 577 occupatam.
1533 539 1628 569 Unde
1646 540 1729 578 petit
1743 543 1950 571 memoratus
1967 542 2193 573 subdiaconus
2205 553 2279 582 pre-

1270 600 1285 620 »
1303 591 1430 621 dictum
1459 591 1699 630 presbyterum
1722 602 1740 622 a
1762 593 1894 631 prefata
1919 595 2045 625 vicaria
2065 597 2225 631 amoveri,
2248 598 2279 627 et

1269 644 1444 674 »eandem
1471 644 1537 674 sibi
1569 644 1767 683 adjudicari,
1791 649 1822 676 et
1851 647 1985 678 admitti
2013 648 2054 678 ad
2083 649 2280 687 jamdictam

1270 706 1286 726 »
1303 697 1464 727 vicariam
1484 699 1516 728 et
1536 698 1698 728 vicarium
1725 702 1927 738 perpetuum
1945 701 2078 731 institui
2099 702 2133 732 in
2151 702 2279 732 eadem.

1271 759 1286 779 »
1305 750 1393 780 Petit
1413 751 1515 781 etiam
1533 759 1699 790 expensas
1719 752 1825 782 factas
1843 753 1876 782 in
1894 753 1953 784 lite
1969 755 1999 784 et
2018 756 2224 793 protestatur
2242 755 2281 785 de

1271 814 1285 833 »
1305 803 1470 834 faciendis
1486 806 1518 834 01
1534 804 1594 834 1100
1608 804 1689 835 (11011
1703 806 1765 835 010.
1785 816 1800 834 »

1309 868 1326 887 «
1348 858 1494 888 Demum
1508 866 1601 891 vero,
1614 858 1764 896 predicto
1786 859 1948 898 magistro
1966 861 2074 891 Adam
2092 864 2227 900 petente
2242 861 2283 891 ab

1271 907 1389 941 eodem
1413 910 1574 941 canonico
1591 913 1626 941 ut
1649 911 1689 941 ad
1715 911 1975 942 instructionem
1991 914 2082 951 ¹iuris
2103 914 2155 944 sui
2179 917 2284 945 testes

1240 991 1241 994 ,
1272 972 1353 994 51105
1371 972 1473 1002 5111101·
1490 964 1672 1003 principali
1690 965 1841 1003 recipere
1858 969 2067 1003 procuraret,
2088 967 2176 997 idem
2191 975 2285 997 cano-

1244 1253 1245 1292 l

1244 1294 1246 1347 l

1273 1017 1369 1047 nicus
1386 1017 1583 1055 episcopum
1603 1018 1635 1047 et
1649 1017 1889 1056 presbyterum
1907 1019 2076 1057 predictos
2097 1020 2131 1049 in
2148 1020 2284 1050 audien-

1272 1070 1320 1101 tia
1337 1069 1474 1108 publica
1489 1070 1586 1100 citari
1615 1070 1694 1100 fecit
1713 1072 1749 1101 ut
1765 1074 1998 1110 comparerent
2014 1081 2075 1111 per
2103 1081 2138 1103 se
2157 1073 2210 1103 vel
2227 1081 2286 1111 per

1274 1125 1528 1162 procuratorem
1547 1124 1720 1163 ydoneum
1744 1133 1858 1154 coram
1883 1133 1934 1159 eo,
1960 1125 2001 1155 ad
2028 1126 2211 1156 videndum
2235 1126 2288 1165 ju-

1275 1185 1350 1208 rare
1375 1178 1482 1208 testes
1510 1185 1596 1216 quos
1622 1177 1733 1208 dictus
1756 1178 1918 1217 magister
1940 1179 2049 1209 Adam
2073 1180 2107 1209 in
2138 1179 2289 1218 predicta

1275 1238 1378 1261 causa
1396 1230 1582 1269 producere
1608 1230 1817 1261 intendebat.
1840 1232 1880 1262 Et
1902 1232 2039 1262 tandem
2057 1241 2170 1263 coram
2185 1241 2234 1269 eo,
2255 1232 2289 1262 in

1276 1283 1421 1314 termino
1439 1283 1526 1322 ipso,
1537 1292 1598 1322 pro
1614 1284 1743 1314 eisdem
1760 1284 1919 1323 episcopo
1935 1287 1965 1316 et
1979 1285 2179 1325 presbytero
2195 1285 2289 1316 nullo

1244 1364 1245 1371 ,
1277 1339 1491 1375 comparente
1519 1339 1738 1376 procuratore
1767 1338 1931 1377 legitimo,
1961 1338 2157 1377 hujusmodi
2182 1341 2288 1370 testes

1244 1405 1245 1433 3
1276 1391 1402 1430 recepit
1424 1392 1455 1421 et
1475 1390 1658 1430 diligenter
1681 1392 1877 1422 examinare
1896 1393 2038 1423 curavit.
2058 1393 2175 1429 Porro,
2198 1393 2286 1423 dicto

1277 1444 1438 1474 canonico
1458 1444 1635 1475 recedente
1651 1445 1692 1475 de
1706 1445 1861 1475 Romana
1883 1446 1977 1476 curia
2001 1447 2033 1476 et
2057 1455 2093 1476 se
2117 1446 2159 1476 ad
2175 1449 2289 1485 partes

1277 1497 1362 1527 alias
1379 1497 1617 1533 transferente,
1636 1497 1727 1528 idem
1741 1498 1924 1528 cardinalis
1942 1498 2052 1534 nobis,
2070 1499 2203 1530 Andree
2218 1499 2290 1538 spi-

1244 1574 1245 1579 ,
1276 1551 1361 1586 liati,
1390 1550 1520 1580 domini
1536 1559 1622 1589 pape
1648 1550 1855 1581 subdiacono
1878 1553 1910 1582 et
1930 1552 2139 1591 cappellano,
2157 1552 2288 1591 predic-

202 1609 276 1634 sam
292 1603 364 1634 fore
383 1604 426 1634 ad
449 1604 591 1634 eandem
608 1604 724 1634 sedem
746 1612 806 1642 per
823 1603 1088 1642 appellationem
1102 1603 1217 1641 hujus·
1244 1622 1246 1626 »

203 1931 221 1952 1)
238 1923 283 1952 cit
302 1924 334 1952 et
349 1922 508 1961 proponit
527 1922 689 1961 magister
713 1922 823 1952 Adam
846 1922 886 1952 de
904 1921 1070 1961 Phyle-hy,
1089 1921 1218 1951 domini
1246 1916 1247 1919 '

204 1985 220 2006 »
237 1984 322 2015 pape
334 1975 574 2011 subdiaconus,
587 1977 703 2006 contra
712 1974 942 2005 venerabilem
954 1977 1097 2013 patrem,
1111 1975 1217 2005 domi-

203 2037 221 2058 »
238 2037 320 2059 num
346 2028 621 2059 Londoniensem
650 2029 860 2067 episcopum,
890 2030 923 2058 et
944 2027 1161 2058 &Villelmum
1178 2028 1218 2058 de

204 2091 220 2112 »
236 2082 442 2113 Sandvvitico
456 2081 697 2120 presbyterum
714 2082 769 2111 vel
780 2090 899 2112 eorum
910 2081 1084 2120 legitimos
1100 2089 1217 2120 procu-

206 2198 222 2218 »
241 2188 344 2218 clesie
361 2188 401 2218 de
418 2187 551 2223 Stanes,
566 2188 815 2218 Londoniensis
833 2187 991 2223 diocesis,
1011 2196 1029 2217 a
1047 2187 1220 2226 religiosis

204 2249 222 2270 »
240 2241 358 2271 viris..
379 2240 514 2277 abbate,
533 2243 564 2270 et
583 2243 750 2271 conventu
767 2241 1069 2271 XVestmonasterii
1090 2241 1221 2270 Londo-

211 2303 229 2324 »
245 2294 389 2330 niensis,
405 2293 496 2324 veris
512 2294 666 2332 patronis
681 2294 833 2332 ejusdem
843 2294 978 2330 vicarie,
993 2296 1081 2324 esset
1096 2302 1221 2324 memo-

207 2356 222 2376 »
242 2349 315 2377 rato
332 2347 502 2386 episcopo,
522 2346 587 2377 loci
605 2347 798 2381 diocesano=
817 2347 977 2377 canonice
992 2349 1219 2385 presentatus,

207 2411 224 2431 »
244 2401 336 2431 idem
359 2400 540 2439 episcopus
554 2400 698 2430 eundem
718 2400 961 2430 subdiaconum
978 2400 1156 2431 admittere
1181 2401 1222 2430 ad

209 2464 226 2484 »
241 2454 366 2484 dictam
381 2454 545 2484 vicariam
563 2456 594 2484 et
607 2454 787 2484 instituere
805 2454 841 2484 in
856 2453 973 2484 eadem
992 2456 1108 2484 contra
1122 2454 1221 2493 justi-

209 2516 226 2537 »
238 2507 323 2538 tiam
334 2507 520 2541 recusavit:
537 2516 641 2546 quare
656 2507 747 2537 idem
765 2507 993 2538 subdiaconus
1007 2508 1159 2537 sentiens
1175 2507 1223 2536 in-

209 2570 225 2590 »
243 2559 354 2591 debite
379 2568 415 2590 se
433 2561 567 2599 gravari
587 2561 703 2591 sedem
720 2561 942 2600 apostolicam
963 2560 1160 2600 appellavit.
1180 2562 1223 2590 At

210 2623 226 2643 »
244 2613 335 2644 idem
353 2613 546 2652 episcopus,
561 2613 757 2652 hujusmodi
774 2614 1001 2653 appellatione
1018 2615 1221 2652 contempta,

209 2676 227 2697 »
244 2665 439 2705 confingens
456 2665 543 2696 falso
561 2666 652 2705 quod
673 2666 869 2706 hujusmodi
888 2667 1016 2697 vicaria
1032 2668 1124 2698 tanto
1140 2668 1223 2697 tem-

210 2729 229 2750 »
242 2727 323 2759 pore
335 2719 405 2758 jam
414 2721 549 2749 vacarat
562 2719 652 2758 quod
662 2719 704 2750 ad
715 2720 829 2759 ipsum
841 2728 900 2758 per
912 2720 1080 2751 dictorum
1092 2719 1224 2750 abbatis

209 2781 228 2802 »
245 2773 277 2803 et
285 2773 471 2802 conventus
480 2771 1086 2811 negligentiam,juxtaLateranensis
1098 2774 1226 2803 statuta

213 2835 229 2855 »
247 2825 394 2861 concilii,
413 2827 483 2855 erat
502 2825 612 2864 ipsius
629 2825 754 2855 vicarie
773 2825 910 2856 collatio
932 2826 1103 2862 devoluta,
1122 2826 1227 2865 quod-

211 2886 229 2908 »
247 2886 312 2917 que
338 2877 503 2908 vicariam
519 2877 661 2908 eandem
679 2877 830 2916 predicto
847 2877 1048 2917 presbytero
1064 2879 1226 2917 presenti,

246 2997 270 3021 1.
287 2997 326 3021 Le
341 2996 503 3021 manuscrit
517 2999 598 3028 porte
614 3003 667 3028 par
683 3003 783 3021 errent
800 2996 900 3021 eodem.

1276 1605 1346 1633 tam
1380 1611 1518 1633 causam
1549 1603 1754 1633 audiendam
1784 1604 1968 1635 commisit.
2003 1604 2144 1635 Petente
2175 1605 2288 1643 itaque

1276 1656 1426 1695 predicto
1457 1656 1621 1695 magistro
1642 1657 1752 1686 Adam
1782 1658 1818 1686 ut
1842 1657 1877 1686 in
1903 1666 2005 1687 causa
2026 1658 2288 1696 procederemus

1276 1709 1406 1743 eadem,
1423 1717 1485 1739 nos
1500 1709 1650 1747 prefatos
1665 1709 1862 1748 episcopum
1880 1712 1912 1740 et
1927 1710 2165 1749 presbyterum
2181 1711 2215 1740 in
2235 1719 2290 1741 au-

1277 1762 1405 1792 dientia
1420 1762 1556 1800 publica
1576 1762 1673 1792 citari
1689 1762 1832 1792 fecimus
1846 1764 1882 1792 ut
1900 1763 2009 1793 visuri
2024 1763 2289 1802 publicationem

1276 1815 1470 1853 hujusmodi
1488 1815 1628 1845 testium
1648 1817 1879 1854 comparerent
1898 1825 1958 1855 per
1974 1825 2010 1846 50
2027 1817 2080 1846 vel
2093 1825 2154 1855 per
2170 1826 2291 1856 procu-

1279 1922 1394 1952 nullus
1406 1923 1615 1959 compareret
1631 1930 1692 1959 pro
1710 1922 1772 1955 015,
1786 1923 2021 1952 31105131101105
2038 1922 2290 1961 publicavimus

1278 1975 1418 2005 testium
1431 1975 1640 2010 eorumdem,
1657 1983 1692 2004 ac
1708 1983 1766 2004 eas
1782 1977 1813 2005 et
1825 1975 1903 2013 jura
1921 1975 2031 2014 ipsius
2049 1976 2205 2015 magistri
2221 1976 2291 2007 Ade

1278 2028 1493 2067 inspeximus
1519 2030 1550 2058 et
1576 2027 1849 2058 examinavimus
1871 2037 1908 2058 ac
1930 2028 2028 2066 plene
2052 2029 2290 2064 discussimus,

1248 2107 1249 2115 ,
1279 2084 1310 2112 01
1341 2090 1454 2112 0013111
1472 2081 1591 2111 eodem
1608 2081 1784 2118 cardinali,
1803 2082 1926 2120 primo,
1954 2084 1986 2111 et
2002 2082 2232 2120 postmodum,
2251 2082 2291 2113 de

204 2144 222 2165 1)
241 2137 383 2171 ratores,
409 2135 508 2174 quod,
531 2143 606 2165 cum
625 2135 700 2174 ipse
719 2135 761 2165 ad
776 2137 951 2165 vacantem
976 2134 1136 2164 vicariam
1169 2144 1219 2165 ec·
1248 2127 1249 2130 ¹

1278 2135 1437 2166 mandato
1455 2135 1566 2173 ipsius
1590 2137 1621 2165 et
1649 2135 1684 2165 in
1706 2135 1779 2173 ejus
1798 2136 1982 2174 presentia,
2002 2144 2115 2166 coram
2131 2136 2220 2166 dicto
2234 2137 2290 2167 do-

1279 2189 1372 2219 mino
1397 2197 1485 2227 papa
1506 2188 1701 2218 curavimus
1726 2188 1872 2219 fideliter
1894 2191 2047 2219 recitare.
2067 2189 2139 2224 Quo
2155 2190 2292 2220 tandem

1280 2242 1486 2282 precipiente
1503 2240 1602 2271 nobis
1622 2244 1655 2272 ut
1678 2242 1939 2279 procederemus
1956 2242 1998 2272 ad
2017 2243 2234 2279 sententiam,
2252 2243 2293 2273 de

1280 2295 1425 2335 predicti
1435 2295 1619 2325 cardinalis
1637 2295 1781 2325 consilio
1794 2298 1824 2325 et
1838 2295 2007 2329 mandato3
2022 2304 2083 2326 nos
2096 2296 2294 2335 episcopum

1281 2351 1313 2380 et
1340 2348 1580 2388 presbyterum
1608 2348 1779 2386 predictos
1797 2348 1832 2378 111
1851 2349 2024 2378 311(11011113
2044 2348 2181 2387 1111111103
2197 2349 2295 2379 citari

1282 2402 1425 2433 fecimus
1439 2401 1481 2432 ad
1498 2401 1702 2431 sententiam
1717 2401 1936 2436 audiendam,
1955 2403 1999 2435 et,
2017 2401 2193 2440 prehabita
2209 2402 2294 2432 deli-

1281 2455 1456 2486 beratione
1473 2454 1656 2493 habitoque
1669 2455 1948 2493 Jurisperitorum
1959 2455 2114 2491 consilio,
2128 2454 2294 2493 predicto·

1282 2518 1358 2539 rum
1374 2508 1523 2547 episcopi
1542 2509 1573 2538 et
1593 2507 1784 2546 presbyteri
1812 2507 1967 2538 absentia
1984 2516 2048 2547 que
2072 2508 2133 2538 Dei
2152 2507 2297 2546 replevit

1282 2561 1466 2602 presentia,
1478 2569 1545 2591 non
1562 2560 1729 2593 obstante.
1741 2561 1782 2591 de
1799 2561 1942 2591 consilio
1957 2563 1988 2591 et
2003 2561 2159 2591 mandato
2173 2560 2299 2600 prefati

1283 2615 1478 2650 cardinalis,
1490 2614 1675 2653 predictam
1691 2614 1855 2644 vicariam
1866 2613 2034 2653 prelibato
2047 2614 2210 2653 magistro
2224 2613 2297 2644 Ade

1284 2667 1534 2699 sententialiter
1549 2667 1796 2706 adjudicamus,
1814 2669 1845 2698 et
1860 2667 1902 2697 ad
1911 2676 1988 2698 eum
2007 2667 2047 2697 de
2060 2668 2137 2707 Jure
2148 2667 2297 2698 decerni·

1284 2730 1362 2752 mus
1377 2721 1559 2760 pertinere,
1577 2729 1680 2759 super
1698 2720 1787 2751 dicta
1811 2721 1941 2751 vicaria
1967 2720 2078 2751 eidem
2097 2720 2298 2760 presbytero

1285 2776 1489 2814 perpetuum
1506 2774 1683 2804 silentium
1698 2774 1915 2813 imponendo,
1935 2783 1972 2804 ac-
1987 2773 2080 2813 111505
2098 2782 2158 2812 1110
2175 2781 2298 2811 expeu-

1287 2828 1336 2858 sis
1353 2827 1453 2858 factis
1471 2828 1505 2857 in
1514 2827 1574 2858 lite
1590 2827 1743 2866 predicto
1759 2827 1922 2866 magistro
1937 2827 2022 2861 Ade,
2038 2827 2211 2857 taxatione
2226 2834 2301 2856 nos-

1286 2883 1340 2912 tra
1359 2880 1538 2920 prehabita
1553 2882 1586 2911 et
1614 2879 1655 2910 ab
1683 2888 1722 2910 00
1737 2880 1930 2919 juramento
1947 2882 2094 2918 recepto,
2118 2879 2153 2908 in
2179 2878 2300 2917 viginti

1288 2935 1439 2974 quinque
1453 2933 1600 2964 marchis
1613 2933 1853 2972 sterlingorum
1869 2932 2112 2963 nichilominus
2125 2931 2302 2969 condemp-

1290 2987 1412 3018 nando.
1435 2987 1475 3017 In
1492 2987 1588 3026 cujus
1602 2986 1653 3018 rei
1670 2986 1919 3022 testimonium,
1938 2994 2079 3025 presens
2100 2982 2303 3015 instrumen-
