2519 3262
185 221 225 251 68

185 310 257 338 tum
282 307 383 337 scribi
409 309 440 337 et
459 307 624 346 publicari
646 307 788 338 fecimus
803 317 863 348 per
880 309 1117 349 Bonamspem‚
1137 321 1195 342 no-

186 361 310 391 tarium
328 360 594 399 infrascriptum,
611 363 641 390 et
658 361 766 391 nostri
784 362 888 401 sigilli
903 371 970 393 nna
989 372 1064 394 cum
1080 365 1194 403 sigillo

185 414 265 444 dicti
291 413 418 443 domini
438 413 620 443 cardinalis
646 414 833 445 munimine
854 415 1017 446 roborari.
1038 417 1140 448 Lecta
1163 420 1195 448 et

184 467 402 506 pronuntiata
429 466 492 497 fuit
516 466 575 497 hec
609 467 776 498 sententia
803 469 889 507 apud
917 469 1194 502 Urbemveterem

184 528 244 559 per
265 520 391 550 dictum
411 520 584 550 dominum
608 520 791 555 Amineam,
815 529 901 551 anno
922 522 1058 553 Domini
1078 524 1195 554 MoCC0

184 573 336 609 LX1111⁰‚
354 573 534 603 indictione
554 582 610 606 vn,
628 582 744 603 mense
759 574 853 608 maii,
871 575 924 605 die
939 577 1096 609 secunda.
1114 585 1194 615 pon-

183 626 330 657 tificatus
348 626 475 655 domini
493 625 621 656 Urbani
639 635 724 665 pape
742 627 808 657 1111
828 636 915 658 anno
933 629 1043 665 tertio,
1060 638 1194 668 presen—

183 679 275 710 tibus
299 679 434 709 domino
453 679 610 713 Viviano,
631 680 743 718 priore
773 682 879 711 sancti
898 682 1127 713 Bartholomei
1153 684 1193 714 de

184 732 344 771 Fighin03
363 731 498 761 domino
508 732 681 769 Sanctoro,
693 733 804 771 priore
817 734 857 765 de
870 734 1056 766 Guarzino:
1073 737 1193 775 Egidio

184 785 223 815 de
241 786 441 819 Barentone‚
475 785 596 815 clerico
624 786 809 825 Helyensis
837 788 1000 823 diocesis:
1029 790 1191 829 Galgano,

183 838 304 868 clerico
317 837 356 867 de
366 838 520 872 Verulis;
533 839 564 868 et
580 839 742 878 magistro
756 840 856 871 Petro
875 842 1064 872 scriniario.
1078 844 1119 873 Et
1133 851 1193 882 ego

182 891 357 929 Bonaspes
382 890 542 921 Guiducci
568 891 608 922 de
627 892 781 929 Perusio,
803 895 987 932 apostolice
1009 896 1100 926 sedis
1119 905 1193 926 auc-

182 943 318 974 toritate
338 943 503 980 notarius,
525 944 661 975 lectioni
681 947 713 976 et
727 947 982 984 pronuntiatoni
1001 948 1101 987 hujus
1119 958 1193 980 sen-

182 997 286 1027 tentie
304 996 443 1026 interfui
462 999 504 1032 et,
522 999 559 1027 ut
584 1006 688 1037 supra
712 999 847 1038 legitur,
868 1001 908 1030 de
934 1001 1092 1032 mandato
1113 1002 1193 1033 dicti

183 1050 311 1080 domini
329 1050 462 1080 Andree
476 1050 598 1089 scripsi
612 1052 644 1081 et
661 1054 798 1091 rogatus
815 1053 848 1083 in
865 1053 1035 1092 publicam
1049 1055 1194 1086 formam

182 1103 306 1142 redegi.
330 1113 345 1132 »

222 1156 317 1187 Nulli
339 1165 417 1196 ergo
441 1159 555 1188 nostre
579 1158 846 1189 confirmationis
864 1162 926 1190 etc.
955 1160 1080 1192 Datum
1106 1163 1193 1201 apud

183 1209 472 1247 Urbemveterem‚
494 1220 515 1240 11
533 1210 698 1242 kalendas
715 1211 815 1250 Junii‚
837 1221 923 1244 anno
942 1214 1054 1244 tertio.
1077 1228 1090 1241 »

273 1385 370 1417 1074

771 1387 894 1421 Ort-icto,
916 1390 951 1417 31
968 1390 1026 1416 mai
1044 1390 1120 1416 1204.

220 1464 347 1490 Priorem
364 1465 397 1491 de
406 1465 519 1498 Hurele,
538 1466 756 1493 Saresbiricnsis
771 1468 904 1501 diocesis,
921 1471 949 1495 et
967 1469 1140 1503 magistrum
1151 1471 1196 1498 Jo-

180 1561 270 1589 tituit.
291 1561 371 1595 (Res.
391 1564 435 1596 29,
451 1563 499 1589 sol.
519 1563 553 1590 54
569 1569 607 1595 v0,
625 1568 658 1590 n⁰
680 1565 752 1598 123.)

222 1671 236 1685 «
256 1657 363 1687 Priori
385 1658 418 1688 de
444 1659 570 1696 Hurele,
595 1660 828 1691 Saresbiriensis
842 1662 978 1699 diocesis,
1003 1668 1030 1694 et
1047 1666 1194 1704 mayistro

179 1710 316 1740 ¹Iohanni
327 1711 361 1741 cle
376 1711 571 1748 Tribelliano,
583 1715 727 1743 canonico
745 1714 866 1745 ecclesie
875 1725 900 1746 s.
920 1716 1052 1747 Cristine
1063 1717 1098 1747 de
1112 1719 1195 1748 Ana-

180 1764 265 1803 9nz'a,
287 1765 319 1793 in
341 1765 455 1805 An9lia
476 1768 686 1798 commoranti.
715 1768 875 1799 Exhibita
892 1770 990 1800 nobis
1011 1771 1125 1802 dilecti
1144 1789 1192 1803 —.

180 1817 305 1848 Datum
327 1819 414 1857 apud
434 1819 723 1857 Urbemveterem,
750 1832 770 1851 ιι
799 1822 961 1853 kalendas
981 1824 1080 1862 junii.
1107 1834 1193 1856 anno

181 1871 293 1901 tertio.
313 1883 327 1897 »

274 2042 370 2073 1075

780 2046 906 2081 orvicto,
925 2049 940 2073 7
957 2047 1018 2082 juin
1043 2050 1120 2076 lsstjt.

218 2119 334 2147 Alberto
367 2121 568 2155 magisterium
603 2124 747 2150 scolarum
784 2125 922 2152 ecclcsiae
957 2128 1120 2156 Parmensis
1158 2130 1194 2156 ab
1224 2142 1225 2147 ι

181 2167 298 2199 Uberto,
322 2178 344 2196 s.
372 2169 522 2197 Eustachii
543 2171 662 2198 diacono
691 2173 840 2207 cardinali,
862 2175 1010 2207 collatum,
1029 2178 1191 2207 confirmat.

183 2216 262 2251 (RES.
282 2217 326 2249 29,
347 2217 393 2244 sol.
411 2220 454 2250 55,
470 2227 499 2245 n⁰
517 2220 590 2251 122.)

222 2331 236 2349 (ι
253 2320 276 2349 Α
284 2320 389 2357 lberto,
406 2323 553 2362 maqistro
567 2323 718 2354 scolarum
729 2324 852 2355 ecclesie
866 2325 1050 2364 Parmensis,
1068 2329 1190 2368 cappel-

180 2372 250 2402 lano
278 2373 382 2404 dilecti
403 2374 463 2414 filii
491 2376 540 2411 U„
568 2377 668 2406 sancti
689 2377 852 2408 Eustachii
874 2378 997 2409 diaconi
1014 2380 1189 2412 cardinalis.

938 222 1180 255 REGISTRES
1211 226 1426 259 D'URBAIN
1456 227 1513 257 IV.

1256 323 1316 346 nee
1337 315 1490 345 conferre
1505 316 1648 344 curaret.
1662 313 1754 343 Idem
1766 321 1845 342 vero
1855 312 2050 348 cardinalis,
2067 313 2268 343 auctoritate

1256 367 1322 398 sibi
1342 367 1470 399 anobis
1486 367 1519 397 in
1536 367 1596 397 hac
1614 368 1708 406 parte
1725 366 1919 398 commissa.
1939 374 1956 395 a
1973 365 2095 396 dilecto
2113 366 2183 396 filio
2200 374 2270 396 ma-

1256 421 1362 460 gistro
1376 421 1523 452 Fulcone
1538 420 1577 450 de
1590 419 1775 455 Placentia,
1796 419 1960 457 scriptore
1978 421 2106 455 nostro,
2124 418 2269 449 habente

1256 473 1297 504 ab
1320 474 1394 513 ipso
1419 475 1456 504 L.
1482 473 1522 503 ad
1546 473 1607 503 hoc
1632 472 1808 503 sufficiens
1831 473 1861 501 et
1892 471 2039 511 speciale
2059 472 2268 509 mandatum,

1254 527 1366 566 ipsius
1380 526 1556 566 dignitatis
1570 525 1711 555 liberam
1729 524 1992 563 resignationem
2009 524 2188 563 recipiens,
2206 523 2270 554 tibi

1255 579 1295 610 de
1311 580 1406 619 cujus
1426 579 1621 619 ydoneitate
1639 577 1704 608 sibi
1724 578 1822 617 plene
1839 577 2002 613 constitit7
2021 577 2206 616 predictam
2221 577 2269 607 di-

1255 633 1416 672 gnitatem
1443 641 1517 663 cum
1549 631 1706 662 omnibus
1722 630 1857 670 juribus
1885 633 1916 661 et
1944 630 2159 669 pertinentiis
2181 631 2267 666 suis,

1254 688 1429 716 vacantem
1460 693 1520 724 per
1547 685 1811 724 resignationem
1841 684 2048 723 huiusmodi,
2069 683 2270 713 auctoritate

1254 739 1406 778 predicta
1428 738 1582 774 contulit,
1601 740 1631 768 et
1648 739 1680 768 te
1696 738 1736 767 de
1754 738 1828 776 ipsa
1847 745 1906 776 per
1923 746 2021 766 snum
2039 736 2178 766 anulum
2194 744 2269 775 pre-

1255 793 1446 823 sentialiter
1482 791 1668 827 investivit,
1694 793 1791 829 prout
1816 791 1848 820 in
1877 790 2104 820 instrumento
2133 788 2270 828 publico

1254 846 1332 876 inde
1346 846 1507 879 confecto,
1520 844 1670 884 sigillato
1680 844 1793 883 sigillo
1804 843 1914 882 ipsius
1925 843 2121 878 cardinalis,
2134 842 2271 882 plenius

1255 899 1455 930 contine-tur.
1471 899 1542 928 Nos
1555 898 1681 936 itaque,
1697 897 1766 927 tuis
1779 896 2088 935 supplicationibus
2101 895 2266 930 inclinati,

1255 952 1344 991 quod
1363 960 1464 990 super
1481 951 1540 981 hoc
1559 950 1600 981 ab
1617 951 1734 981 eodem
1749 949 1915 980 cardinali
1932 949 2057 979 factum
2075 951 2138 983 est,
2158 950 2270 979 ratum

1255 1007 1286 1036 et
1315 1005 1451 1035 firmum
1474 1003 1649 1039 habentes,
1673 1003 1705 1032 id
1724 1003 1924 1033 auctoritate
1946 1001 2132 1040 apostolica
2151 1001 2269 1032 confir-

1255 1066 1388 1088 mamus
1407 1059 1482 1094 etc.‚
1501 1066 1609 1096 usque
1628 1055 1891 1087 communimus.

1294 1111 1460 1142 Tenorem
1489 1110 1599 1150 ipsius
1629 1109 1847 1140 instrumenti
1874 1108 1914 1138 de
1932 1107 2035 1138 verbo
2058 1107 2098 1137 ad
2126 1106 2269 1137 verbum

1254 1164 1470 1204 presentibus
1490 1164 1595 1194 inseri
1614 1163 1787 1198 facientes,
1809 1163 1865 1201 qui
1882 1162 1962 1192 talis
1977 1163 2028 1192 est
2047 1171 2053 1190 :

1295 1228 1309 1247 «
1337 1217 1476 1254 Uberum,
1496 1218 1690 1246 miseratione
1706 1216 1809 1245 divina
1825 1216 1922 1245 sancti
1941 1213 2106 1244 Eustachii
2123 1212 2271 1243 diaconus

1255 1270 1433 1307 cardinalis,
1451 1269 1582 1300 discreto
1601 1270 1665 1300 viro
1690 1269 1865 1309 presbytero
1893 1267 2029 1304 Alber10,
2049 1266 2168 1296 custodi
2185 1266 2271 1296 chori

1255 1325 1439 1360 Parmensis,
1462 1323 1571 1353 dilecto
1596 1322 1774 1363 cappellano
1791 1328 1903 1355 nostro,
1930 1321 2055 1350 salutem
2078 1321 2108 1349 in
2126 1319 2269 1350 Domino.

1254 1378 1452 1416 Apostolica
1472 1377 1570 1407 sedes
1587 1377 1665 1407 illos
1685 1395 1734 1406 —.
1750 1376 1788 1406 In
1807 1375 1904 1414 cujus
1921 1375 1969 1405 rei
1986 1374 2223 1404 testimonium
2238 1374 2271 1403 et

1255 1430 1405 1461 futuram
1430 1430 1628 1460 memoriam
1654 1429 1914 1468 premissorum,
1938 1429 2115 1467 presentes
2135 1427 2270 1457 litteras

181 1511 199 1538 h
418 1513 422 1517 .
488 1514 492 1519 .
662 1515 666 1520 ,
870 1517 875 1521 ,
1224 1495 1226 1504 ·
1255 1485 1389 1514 nostras
1413 1483 1484 1513 fieri
1510 1491 1568 1521 per
1586 1482 1844 1520 infrascriptum
1870 1480 2089 1511 tabellionem
2114 1482 2269 1510 nostrum

201 1521 306 1539 anncm
323 1514 356 1540 (le
378 1514 551 1541 Tribelliano
571 1516 732 1549 praedictae
752 1519 911 1544 sententiae
928 1521 1093 1545 executores
1113 1527 1194 1546 cons·
1225 1532 1226 1535 ¹

1256 1539 1287 1568 et
1314 1537 1349 1567 in
1370 1536 1541 1575 publicam
1568 1535 1709 1565 formam
1726 1535 1834 1573 redigi
1851 1534 2088 1564 mandavimus
2106 1542 2142 1563 ac
2161 1533 2268 1572 sigilli

1255 1591 1363 1621 nostri
1392 1589 1598 1629 appensione
1626 1589 1763 1619 muniri.
1793 1590 1914 1619 Actum
1943 1588 2031 1627 apud
2050 1586 2270 1618 Urbemvete-

1255 1653 1339 1680 rem,
1358 1644 1389 1673 in
1409 1651 1541 1673 camera
1554 1643 1681 1679 nostra,
1694 1641 1910 1681 presentibus
1928 1640 2064 1674 Jacobo‚
2081 1639 2268 1679 archipres-

1255 1697 1374 1737 bytero
1384 1696 1582 1732 Vulterano,
1604 1695 1814 1734 cappellano,
1827 1694 2008 1725 etNicolao
2028 1694 2068 1724 de
2087 1693 2269 1730 Cannario,

1256 1750 1376 1780 clerico
1392 1749 1531 1781 nostris.
1556 1748 1702 1779 testibus
1722 1749 1762 1779 ad
1780 1748 1838 1779 hec
1860 1747 1999 1781 vocatis,
2019 1746 2082 1777 sub
2100 1754 2186 1776 anno
2202 1746 2268 1776 Do·

1256 1804 1340 1833 mini
1360 1803 1530 1834 310CC0LX
1557 1804 1688 1841 quarto.
1714 1812 1749 1831 ιιι
1778 1801 1942 1832 kalendas
1971 1801 2063 1836 maii,
2085 1799 2269 1830 indictione

1256 1857 1412 1896 septima,
1430 1856 1647 1896 pontificatus
1670 1855 1798 1885 domini
1818 1854 1946 1886 Urbani
1974 1862 2058 1893 pape
2079 1853 2158 1888 1111,
2182 1860 2270 1882 anno

1254 1911 1367 1941 tertio.
1390 1910 1459 1949 Ego
1482 1909 1579 1939 Paris
1597 1909 1637 1939 de
1660 1908 1809 1947 Spoleto,
1836 1909 1989 1937 notarius
2006 1906 2176 1946 publicus,
2194 1913 2271 1944 pre-

1256 1963 1356 1993 dictis
1375 1963 1609 2002 resignationi,
1626 1962 1799 1992 collationi
1816 1964 1845 1991 et
1866 1961 2066 1991 investiture
2082 1959 2222 1990 interfui
2237 1959 2270 1988 et

1255 2016 1413 2046 mandato
1432 2014 1574 2054 predicti
1591 2014 1719 2044 domini
1741 2013 1938 2043 cardinalis.
1963 2015 1997 2042 ut
2016 2020 2117 2051 supra
2132 2011 2268 2051 legitur,

1256 2069 1389 2108 scripsi,
1409 2068 1579 2107 publicavi
1598 2075 1739 2106 meoque
1752 2069 1912 2097 consueto
1926 2066 2021 2105 signo
2039 2065 2182 2104 signavi.
2200 2073 2217 2093 »

1294 2122 1389 2152 Nulli
1415 2130 1493 2160 ergo
1518 2124 1630 2151 nostre
1653 2120 1920 2151 confirmationis
1945 2122 2007 2149 etc.
2032 2119 2156 2149 Datum
2182 2117 2272 2157 apud

1224 2174 1225 2214 3
1255 2175 1543 2210 Urbemveterem,
1561 2183 1607 2203 v11
1625 2174 1700 2204 idus
1714 2174 1812 2213 junii,
1834 2182 1920 2203 anno
1943 2173 2052 2203 tertio,

179 2425 344 2458 Inducunt
362 2437 422 2458 nos
446 2431 502 2460 tue
518 2448 568 2459 —.
585 2430 746 2461 Exhibita
763 2431 933 2471 siquidem
952 2433 1050 2464 nobis
1066 2436 1123 2464 tua
1137 2444 1191 2474 pe·
1222 2442 1223 2446 ¹

179 2479 255 2510 titio
281 2481 473 2512 continebat
489 2483 578 2521 quod
597 2492 671 2520 nos,
696 2485 868 2516 intellecto
890 2486 979 2525 quod
993 2486 1192 2519 Lantelmus
1222 2491 1223 2500 ¹

180 2532 364 2571 Odoianus,
398 2536 567 2573 quondam
601 2537 763 2576 magister
795 2538 963 2569 scolarum
999 2541 1192 2571 Parmensis

179 2586 333 2620 ecclesie,
360 2587 557 2625 dignitatem
573 2590 761 2629 magisterii
778 2592 946 2622 scolarum
964 2593 1073 2632 ipsius
1091 2595 1192 2625 eccle·
1222 2595 1223 2599 ’

180 2638 241 2672 sie,
260 2641 400 2670 retentis
417 2641 480 2671 sibi
499 2643 696 2674 canonicatu
711 2646 742 2674 et
753 2644 922 2683 prebenda
937 2654 1022 2685 quos
1042 2647 1074 2677 in
1089 2648 1191 2679 eccle-

179 2691 230 2721 sia
260 2692 333 2731 ipsa
358 2693 498 2729 obtinet,
518 2696 711 2727 intendebat
735 2696 840 2728 libere
865 2699 1049 2738 resignare,
1069 2701 1190 2732 dilecto

179 2743 249 2774 filio
282 2748 396 2776 nostro
424 2747 476 2783 U„
507 2749 613 2779 sancti
634 2750 806 2780 Eustachii
841 2751 982 2782 diacono
1014 2754 1188 2785 cardinali.

179 2798 424 2831 commisimus.
450 2802 584 2831 oraculo
610 2802 685 2832 vive
711 2803 815 2839 vocisy
845 2807 880 2834 ut
915 2804 956 2834 ab
974 2806 1089 2836 eodem
1106 2807 1190 2838 Lan·

176 2850 279 2881 telmo
293 2852 343 2882 vel
357 2852 429 2890 ejus
441 2857 668 2892 procuratore.
690 2856 798 2894 ipsius
814 2858 961 2894 nomine,
976 2859 1125 2897 predicte
1142 2861 1189 2890 di—

176 2904 316 2942 gnitatis
332 2905 439 2936 libera
458 2908 684 2945 resignatione
697 2911 841 2948 recepta.
861 2920 932 2941 eam
951 2920 1094 2950 persone
1112 2914 1189 2952 ydo—
1218 2916 1219 2924 ¹

1860 2361 1988 2391 Orvicto,
2008 2363 2023 2387 7
2035 2361 2098 2396 juin
2116 2360 2195 2388 1:264.

1347 2364 1443 2395 1076

1288 2443 1405 2476 Eberto,
1426 2451 1448 2469 s.
1462 2441 1606 2469 Eustachii
1623 2442 1744 2469 diacono
1762 2441 1912 2473 cardinali,
1927 2442 2042 2468 mandat
2060 2443 2200 2475 quatenus
2219 2439 2270 2467 Al-

1253 2492 1366 2518 bertum
1385 2491 1564 2526 praedictum
1587 2491 1614 2518 in
1633 2491 1846 2525 possessionem
1864 2490 1976 2517 inducat
1994 2489 2156 2524 praedictae
2169 2489 2267 2525 digni·

1252 2541 1322 2568 tatis
1337 2540 1362 2567 ei
1379 2541 1512 2568 collatae.
1533 2540 1610 2572 (Rite.
1629 2541 1673 2570 29,
1695 2539 1742 2566 sol.
1759 2542 1802 2572 55,
1824 2545 1852 2566 n⁰
1869 2541 1938 2567 125.)

1295 2660 1308 2673 α
1330 2647 1451 2682 Cberto,
1468 2657 1490 2677 s.
1515 2646 1677 2676 Eustachii
1694 2647 1821 2675 dior-0110
1837 2645 2001 2675 cardinali.
2019 2644 2184 2675 Inducunt
2204 2652 2266 2674 nos

1252 2701 1365 2731 dilecti
1382 2719 1432 2730 —.
1452 2701 1575 2731 Datum
1593 2700 1681 2739 apud
1699 2699 1987 2732 Urbemvetereni,
2007 2708 2052 2727 vn
2071 2698 2147 2728 idus
2161 2697 2262 2736 Junii.

1253 2762 1339 2784 anno
1354 2754 1466 2784 tertio.
1487 2764 1502 2781 n
