2519 3262
242 284 301 313 338

243 369 381 398 sonatus
397 367 447 397 vel
466 366 647 405 dignitates
663 366 694 396 et
710 364 931 403 prestimonia
945 364 1012 393 alia
1027 363 1251 402 prejudicium

242 422 431 460 generetur,
450 429 508 450 seu
526 420 613 458 quod
630 419 716 448 idem
734 418 928 456 capellanus
943 417 1251 447 archidiaconatum

243 474 283 504 de
293 474 393 504 Train
405 475 536 511 jstamar
552 475 583 502 et
597 471 795 503 Carvallada
813 471 843 501 in
856 470 1129 508 Compostellana
1145 471 1177 499 et
1194 470 1252 499 As-

243 527 401 557 toricensi
424 526 587 561 ecclesiis,
608 526 805 555 decanatum
823 525 1009 554 Lucensem
1029 525 1059 554 et
1079 523 1250 553 abbatiam

244 580 408 610 secularis
423 579 562 609 ecclesie
578 578 754 611 Arnensis,
773 577 952 607 ovetensis
966 577 1122 609 diocesis,
1137 584 1251 605 ruram

243 634 431 664 animarum
461 632 633 667 hahentes,
663 635 694 661 et
725 632 883 661 canonias
914 639 988 660 cum
1018 629 1251 669 prestimoniis

244 686 409 723 assignari
434 686 603 715 canonicis
632 686 663 715 et
690 685 845 723 personis
869 685 901 714 in
929 684 1068 723 prefatis
1098 683 1252 713 ecclesiis

243 740 425 775 consuetis,
448 741 479 769 et
497 739 664 778 quoddam
688 738 946 776 prestimonium
969 738 1001 767 in
1022 737 1165 767 ecclesia
1182 738 1252 767 Au-

243 794 346 824 riensi
369 793 492 823 dieitur
523 792 686 827 obtinere,
718 800 781 830 que
807 791 1035 830 quadragenta
1062 799 1251 820 marcarum
1281 807 1283 834 v]

1281 856 1283 863 ν
1310 842 1359 872 615
1388 843 1580 871 assecutum
1601 850 1636 870 se
1656 841 1798 879 gaudeat
1816 840 1904 878 quod
1925 839 2077 874 intendit,
2098 841 2129 868 et
2147 838 2238 877 apud
2261 846 2322 868 nos

243 847 483 885 sterlingorum
511 854 692 881 summam,
722 845 819 875 annis
845 844 1003 884 singulis,
1021 846 1057 874 ut
1075 843 1250 878 asseritur,

244 909 309 930 non
328 899 494 938 attingunt
513 916 560 927 -—.
574 899 697 929 Datum
713 898 800 936 apud
814 897 1102 933 Urbemveterem,
1122 906 1177 925 vni
1196 896 1252 926 ka-

244 953 361 984 lendas
380 952 594 991 septembris,
615 961 700 982 anno
721 952 834 982 tertio.
857 961 872 981 »

333 1141 430 1172 2094
826 1137 949 1167 Orvieto,
964 1137 980 1163 4
991 1137 1088 1172 juillet
1103 1137 1179 1163 1264.

279 1224 416 1259 Episcopo
437 1226 465 1250 et
481 1224 604 1259 capitulo
628 1223 875 1251 Xanctonensibus
893 1223 1005 1249 mandat
1028 1225 1057 1249 ut
1073 1223 1253 1248 Bernardum

243 1275 277 1300 de
302 1273 421 1301 Villadc.
446 1273 624 1308 capellanum
650 1273 852 1307 apostolicum,
880 1275 1019 1299 rectorem
1050 1271 1188 1298 eeclesiae
1220 1272 1254 1297 sle
1283 1275 1284 1280 ¹

244 1322 403 1353 Macovilla,
434 1323 461 1349 in
488 1322 657 1349 canonicum
689 1321 838 1356 recipiant.
866 1321 944 1355 (aaa.
977 1322 1020 1354 29,
1054 1320 1098 1347 t'ol.
1130 1321 1182 1348 218
1214 1327 1255 1354 w,

244 1378 275 1398 0ο
298 1371 389 1406 1144.)

284 1493 298 1511 «
320 1506 326 1511 .
347 1507 353 1513 .
371 1483 520 1523 episcopo,
538 1487 564 1512 ec
584 1481 701 1511 dilectis
723 1481 796 1519 filiis
813 1480 948 1521 capilulo
974 1481 1253 1510 Xanctonensibus.

243 1536 340 1566 Illam
358 1536 507 1575 gerimus
523 1535 619 1565 de—.
634 1535 800 1573 Exposuit
815 1534 983 1573 siquidem
998 1534 1094 1563 nobis
1109 1534 1256 1564 dilectus

244 1590 336 1619 tilius
352 1589 514 1628 magister
530 1588 722 1619 Bernardns
742 1588 781 1617 de
798 1587 942 1623 Villade,
967 1587 1163 1625 capellanus
1180 1596 1255 1617 nos-

244 1644 305 1677 ter,
317 1645 424 1672 rector
433 1642 573 1672 ecclesie
583 1642 623 1672 de
636 1641 824 1677 Macovilla,
836 1641 1086 1671 Xanctonensis
1097 1641 1254 1677 diocesis,

244 1697 332 1735 quod
355 1705 414 1725 nos
438 1696 518 1726 olim
541 1695 775 1725 canonicatum
794 1694 934 1724 ecclesie
953 1693 1204 1724 Xanctonensis
1225 1695 1257 1724 et

244 1749 458 1789 prebendam,
470 1749 497 1778 si
509 1757 573 1788 qua
586 1750 665 1779 tunc
676 1748 812 1778 vacabat
824 1747 960 1783 ibidem,
975 1747 1038 1777 sibi
1049 1747 1256 1777 contulimus

244 1804 283 1834 de
303 1804 410 1842 gratia
427 1802 577 1841 speciali,
597 1802 748 1840 alioquin
767 1801 971 1840 prebendam
991 1800 1075 1831 inibi
1099 1801 1256 1839 proximo

245 1858 448 1892 vacaturam,
478 1855 713 1885 conferendam
736 1855 845 1884 eidem
869 1855 1054 1893 capellano,
1082 1854 1256 1884 donationi

245 1910 427 1949 apostolice
444 1909 703 1944 reservavimus,
721 1909 937 1938 decernentes
955 1908 1087 1938 irritum
1107 1910 1137 1937 et
1157 1908 1256 1938 inane
1287 1923 1288 1945 ;

245 1964 273 1993 si
289 1963 434 1993 secus-de
448 1962 615 2001 prebenda
627 1961 818 1999 hujusmodi
836 1971 853 1990 a
866 1970 1035 2000 quoquam
1047 1961 1257 1999 ‹·‹›ntingeret

246 2016 450 2054 attemptari,
469 2015 569 2045 certis
584 2015 733 2053 predicto
746 2015 919 2052 capellano
939 2023 1040 2052 super
1059 2003 1118 2043 hoc
1138 2022 1257 2044 execu-

245 2070 376 2100 toribus
387 2069 567 2107 deputatis.
579 2068 676 2103 Sane,
693 2070 765 2097 orta
777 2068 862 2097 inter
872 2067 1082 2105 capellanum
1098 2067 1255 2102 eundem,

246 2133 285 2154 ex
305 2125 397 2162 parte
416 2131 492 2157 una,
509 2125 539 2151 et
558 2130 628 2156 vos,
649 2121 709 2150 tilii
735 2121 858 2150 decane
877 2122 908 2150 et
927 2120 1126 2158 capitulum,
1154 2128 1258 2158 super

245 2178 316 2212 hoc,
335 2186 376 2207 ex
405 2176 521 2210 altera,
545 2175 687 2205 materia
709 2174 910 2213 questionis,
934 2173 1066 2203 tandem
1087 2173 1258 2212 predictus
1287 2175 1288 2185 ¹

245 2231 439 2269 capellanus
468 2238 504 2259 ac
528 2229 688 2267 magister
712 2229 844 2261 Petrus,
867 2227 1127 2257 elemosinarius
1148 2227 1258 2265 ipsius
1287 2250 1289 2258 ,

245 2284 397 2318 ecclesie,
417 2284 612 2322 procurator
636 2283 758 2316 vester,
779 2290 890 2311 coram
908 2281 1029 2311 dilecto
1048 2280 1117 2310 lilio
1136 2282 1257 2310 nostro

245 2340 291 2370 8.,
312 2336 401 2367 tituli
428 2336 533 2366 sancti
555 2335 689 2370 Martini
709 2335 896 2373 presbitero
917 2334 1092 2370 cardinali,
1114 2343 1132 2363 a
1153 2333 1256 2363 nobis

246 2400 347 2429 snper
371 2390 430 2420 1100
462 2388 614 2427 partibus
638 2388 789 2418 auditore
810 2396 981 2421 concesso,
1012 2388 1258 2417 consenserunt
1287 2408 1289 2429 3

246 2443 334 2481 quod
354 2442 606 2477 ‹1:011st2111tinus,
624 2441 879 2471 archidiaconus
896 2440 1113 2473 Alnisiensis‚
1128 2440 1256 2479 magis-
1287 2432 1289 2461 1

245 2497 296 2526 161
317 2496 425 2534 Hugo,
453 2494 715 2534 archipresbiter
731 2495 770 2525 de
789 2494 944 2533 Rupella,
967 2494 1087 2523 Petrus
1107 2493 1206 2524 Sorin
1226 2495 1257 2524 et

245 2549 387 2579 Pontius
403 2550 442 2579 dc
461 2549 577 2584 Ponte,
591 2548 899 2586 canonicipredicte
916 2547 1072 2583 ecclesie,
1088 2546 1150 2577 sub
1167 2549 1257 2577 certa

248 2603 365 2639 forma,
386 2603 473 2632 infra
488 2604 616 2633 certum
633 2601 828 2636 terminum,
845 2601 886 2631 de
904 2609 1005 2631 causa
1024 2601 1098 2639 ipsa
1117 2609 1257 2639 cognos—

246 2657 321 2686 cant
338 2655 534 2685 etdecidant
548 2655 699 2688 eandem,
715 2656 813 2693 prout
831 2654 864 2683 in
882 2654 1106 2684 instrumento
1120 2652 1256 2692 publico

246 2709 323 2739 inde
333 2708 494 2743 confecto,
510 2707 657 2747 sigillato
670 2707 782 2747 sigillo
794 2707 902 2746 ipsius
913 2706 1109 2743 cardinalis
1120 2706 1256 2744 plenius

247 2762 368 2792 dicitur
394 2761 573 2792 contineri:
596 2769 722 2799 nosque
752 2760 996 2797 archidiacone,
1023 2759 1255 2798 archipresbi-

246 2817 318 2846 tero
334 2816 365 2845 et
382 2814 552 2845 canonicis
568 2814 728 2853 predictis
746 2814 872 2844 nostris
888 2813 1022 2844 dedisse
1037 2813 1182 2843 dicimur
1202 2813 1253 2843 lit·
1286 2844 1287 2855 1

247 2868 329 2899 teris
345 2868 377 2898 in
394 2868 572 2904 mandalis,
589 2870 625 2898 ut
638 2876 773 2898 causam
788 2867 927 2897 eandem
943 2867 1080 2897 audiant
1096 2868 1138 2902 et,
1154 2867 1255 2905 juxta

249 2921 464 2951 instrumenti
499 2921 639 2960 predicti
670 2922 832 2956 tenorem,
864 2919 975 2950 debito
1007 2920 1071 2950 fine
1100 2919 1255 2950 decidant

250 2975 438 3013 faciantque
457 2974 546 3013 quod
569 2974 777 3004 decreverint
798 2981 857 3012 per
876 2982 1054 3004 censuram
1079 2972 1255 3003 ecclesias-

988 276 1232 308 1’.1‹]GIS'1‘RES
1263 275 1476 306 D'URBAIN
1506 275 1564 305 lv.

1307 363 1408 393 ticam
1427 361 1569 391 firmiter
1586 361 1770 391 observari.
1786 360 1994 398 Nositaque,
2012 359 2164 390 volentes
2182 362 2217 390 ut
2229 360 2318 390 idem

1308 415 1503 454 capellanus
1525 415 1557 444 in
1585 414 1672 444 sacta
1697 413 1762 444 sibi
1793 414 1826 443 in
1849 413 1909 443 hac
1926 415 2018 451 parte
2041 413 2150 452 gratia
2171 413 2317 443 fructum

1308 470 1534 507 consequatur
1563 467 1725 503 obtatnm,
1766 467 2022 496 universitatem
2050 469 2197 497 vestram
2227 475 2320 505 roga-

1308 531 1395 555 mus,
1421 529 1599 551 monemus
1625 522 1656 550 et
1686 520 1861 550 hortamur
1884 522 2010 549 attente
2046 528 2104 558 per
2133 519 2320 557 apostolica

1308 574 1405 604 vobis
1418 574 1543 613 scripta
1554 574 1752 604 mandantes
1768 573 1928 612 quatinus
1938 572 2080 602 eundem
2093 571 2320 610 capellanum,

1309 628 1350 658 ob
1366 627 1591 658 reverentiam
1609 627 1793 666 apostolice
1810 626 1902 656 sedis
1917 628 1949 656 et
1966 628 2128 661 nostram,
2147 625 2320 664 recipiatis

1310 682 1343 711 in
1365 681 1563 711 canonicum
1590 683 1621 710 et
1646 681 1678 710 in
1706 680 1844 710 fratrem
1863 681 1894 709 et
1917 688 1935 709 a
1961 679 2197 718 prosecutione
2219 686 2321 708 cause

1308 734 1503 773 hujusmodi
1525 734 1710 764 desistatis.
1732 734 1854 763 Preces
1870 735 2004 763 nostras
2021 733 2052 762 et
2073 732 2266 761 mandatum
2286 731 2321 761 in

1309 789 1369 818 hac
1386 790 1480 827 parte
1498 788 1610 818 taliter
1639 787 1810 825 impleturi
1835 786 1924 824 qnod
1954 786 2042 816 idem
2065 785 2261 823 capellanus
2281 793 2322 815 ex

1309 896 1422 925 vestra
1445 895 1578 924 devotio
1604 894 1704 933 digna
1730 893 1888 923 laudibus
1915 901 1980 922 non
2009 892 2180 922 immerito
2202 891 2325 922 habea-

1309 951 1374 978 tur.
1390 948 1514 978 Datum
1532 948 1620 986 apud
1638 947 1925 982 Ifrbemveterem=
1945 955 1993 975 00
2007 954 2112 976 nonas
2126 945 2218 984 julii,
2235 953 2323 975 anno

1308 1001 1421 1031 tertio.
1439 1010 1456 1030 »

1402 1168 1499 1199 2095
1893 1165 2017 1196 Orvieto,
2034 1166 2068 1192 26
2083 1166 2149 1191 aeut
2171 1164 2247 1191 1264.

1346 1251 1476 1286 Capitulo
1487 1251 1625 1278 ecclesiae
1646 1251 1673 1277 h.
1691 1250 1795 1277 Mariae
1811 1250 1995 1285 Magdalenae
2009 1250 2175 1277 Bisuntinae
2191 1249 2326 1284 indulget

1311 1304 1352 1328 ut.
1369 1302 1487 1327 obtentu
1503 1303 1548 1334 A„
1564 1300 1639 1327 tituli
1657 1309 1680 1326 s.
1699 1300 1834 1326 l'raxedis
1856 1300 2016 1334 presbytcri
2034 1299 2202 1330 cardinalis,
2217 1299 2328 1334 magis-

1311 1354 1389 1377 trum
1401 1350 1561 1384 I‘Iugonein,
1574 1349 1711 1376 clericum
1722 1348 1916 1381 Bisuntinum,
1929 1348 2082 1375 officialem
2092 1349 2326 1382 Laudunensem‚

1308 1399 1381 1434 juris
1410 1399 1502 1425 civilis
1536 1398 1739 1433 professorem,
1762 1398 1790 1424 in
1830 1397 2002 1424 canonicum
2031 1397 2158 1432 recipere
2197 1397 2325 1424 valeant.

1312 1448 1392 1482 (Rae.
1410 1449 1454 1479 29,
1475 1447 1521 1474 fol.
1544 1448 1606 1480 219,
1625 1452 1654 1474 11ο
1671 1447 1763 1482 1145.)

1354 1560 1368 1579 1(
1392 1549 1535 1590 Capitale
1555 1550 1676 1579 ecclesie
1707 1549 1733 1578 b.
1755 1549 1851 1578 Mat-ie
1875 1547 2056 1588 Maydalenc
2080 1548 2253 1579 Biszmline.
2278 1548 2330 1578 Ex

1313 1605 1408 1642 parte
1436 1605 1546 1634 vestra
1565 1621 1612 1632 -.
1634 1604 1759 1633 Datum
1778 1603 1866 1641 apud
1889 1601 2179 1639 Urbemvetereim
2203 1611 2248 1631 vn
2270 1602 2328 1632 ka-

1314 1657 1432 1687 lendas
1452 1657 1666 1696 septembris,
1687 1666 1773 1686 anno
1790 1657 1903 1686 tertio.
1926 1666 1940 1684 n

1405 1833 1503 1863 2096
1897 1830 2021 1861 Orvieto,
2041 1831 2075 1857 26
2092 1832 2158 1857 aout
2178 1829 2256 1857 1264.

1349 1916 1619 1943 Archidiaconatum
1639 1917 1846 1942 Lautarensem
1865 1915 1892 1942 in
1909 1916 2029 1942 ecclesia
2048 1915 2208 1942 Tholosana
2225 1923 2329 1942 vacan-

1315 1968 1372 1995 tem
1382 1965 1712 2000 apostolicaedonationi
1727 1968 1864 1991 reservat.
1876 1965 1957 1997 (111-10.
1969 1965 2014 1996 29,
2033 1964 2081 1991 sol.
2095 1965 2157 1996 219,
2169 1968 2201 1990 n⁹
2216 1964 2283 1991 1146
2296 1965 2328 1993 ¹.)

1354 2082 1371 2102 «
1400 2071 1451 2102 Ad
1474 2071 1611 2110 suturam
1638 2071 1682 2099 rei
1709 2071 1894 2100 memoriam.
1925 2071 2009 2101 Cum
2033 2069 2328 2100 archidiaconatus

1317 2125 1538 2155 Lantarensis
1556 2142 1605 2155 —.
1631 2125 1755 2154 Datum
1782 2124 1869 2162 apud
1894 2123 2182 2159 Urbemveterem,
2210 2132 2254 2152 vn
2270 2123 2331 2153 ka-

1316 2179 1432 2209 lendas
1450 2177 1667 2217 septembris,
1685 2186 1770 2207 anno
1787 2178 1897 2207 tertio.
1926 2186 1942 2205 »

1898 2349 2023 2381 Orvieto,
2047 2350 2077 2376 15
2092 2352 2157 2376 11001
2178 2349 2255 2376 1264.

1405 2352 1501 2383 2097

1351 2435 1452 2462 Abbati
1484 2444 1506 2463 5.
1534 2434 1671 2461 ,1011011015
1704 2433 1931 2469 Angelum-ensis,
1952 2433 2162 2460 Xanctonensis
2192 2432 2328 2465 diocesis,

1316 2485 1430 2511 mandat
1457 2486 1484 2511 ut
1506 2484 1659 2511 ecclesiam
1676 2494 1697 2510 s.
1713 2483 1851 2510 Johannis
1873 2484 1908 2509 ‹le
1924 2483 2057 2514 Heremo,
2073 2482 2250 2509 Tholosanae
2265 2481 2328 2509 dio-

1314 2533 1399 2560 cesis.
1417 2534 1451 2560 ad
1468 2533 1652 2560 collationem
1671 2532 1784 2559 abbatis
1809 2531 1982 2564 Castrensis,
2000 2531 2108 2558 ordinis
2126 2540 2148 2558 s.
2168 2531 2327 2564 Benedicti,

1287 2591 1288 2594 ¹
1315 2582 1456 2609 ,1111160515
1468 2582 1602 2614 diocesis,
1618 2583 1808 2616 spectantem,
1827 2583 1979 2607 vacantem
1995 2588 2045 2614 per
2061 2583 2186 2607 mortem
2203 2580 2231 2606 iu
2246 2579 2327 2607 curia

1287 2638 1288 2653 1
1315 2631 1447 2665 magistri
1480 2631 1627 2663 Rei-nardi,
1652 2629 1846 2656 archidiaconi
1877 2629 2120 2656 Veteris-Moresii
2147 2628 2174 2655 10
2203 2628 2327 2655 ccclesia

1287 2686 1288 2689 ’
1313 2680 1482 2710 ’1“1101050011,.
1511 2680 1636 2706 Arnaldo
1661 2678 1803 2706 Rrandicii
1828 2679 1862 2705 de
1891 2678 2041 2704 Avinione.
2072 2678 2178 2705 clerico
2191 2677 2325 2713 ejusdem

1286 2745 1287 2752 1
1313 2730 1445 2757 diocesis,
1462 2737 1601 2764 germano
1618 2727 1779 2763 Raymundi
1798 2727 1912 2757 Ysarni,
1927 2727 2039 2754 ostiarii
2056 2726 2216 2761 apostolici,
2231 2726 2329 2754 eonse-

1313 2779 1357 2804 rat
1373 2780 1399 2804 el
1414 2777 1553 2812 assignet.
1567 2777 1645 2810 (aaa.
1663 2778 1707 2809 29,
1725 2775 1772 2802 sol.
1792 2776 1853 2806 219,
1869 2780 1901 2801 11ο
1919 2775 2010 2807 1117.)

1346 2894 1367 2917 1.
1384 2893 1425 2917 En
1439 2899 1536 2923 margo
1556 2897 1561 2916 ;
1579 2901 1588 2913 ι
1607 2892 1657 2915 116(-
1670 2892 1721 2922 fui!
1738 2892 1840 2914 cassata
1859 2891 1920 2921 quid
1934 2890 2054 2915 1101111005
2064 2895 2135 2920 papa
2150 2887 2264 2912 reddidit
2285 2887 2327 2911 m-

1313 2938 1394 2961 Ieram
1411 2937 1529 2968 episcopo
1546 2935 1690 2960 Tholosano
1707 2939 1757 2959 1110
1775 2935 1842 2965 ydus
1853 2934 2012 2965 septembris.
2033 2933 2172 2958 concedens
2189 2931 2238 2955 sibu·
2258 2932 2328 2963 qnod

1311 2981 1445 3006 ordinaret
1460 2982 1491 3005 de
1506 2980 1723 3005 archidiaconatu
1739 2980 1817 3011 prout
1833 2978 1918 3006 vellet,
1938 2987 1947 3000 ι
