2519 3262
264 281 279 297 ἓ·

261 373 394 407 gonensis
411 371 543 401 diocesis,
566 371 694 405 indulget
711 372 739 396 ut
762 370 796 395 ad
815 368 950 396 solvenda
969 369 1064 395 debita
1080 368 1269 396 creditoribus

262 422 383 448 minime
399 422 557 450 teneantur,
579 419 632 445 nisi
651 427 683 445 ea
711 418 737 445 in
762 418 919 445 utilitatem
945 418 1071 454 ejusdem
1103 417 1268 444 monasterii

260 478 395 497 conversa
418 477 481 495 csse
506 468 634 503 legitime
659 467 843 502 probaverint
863 467 1030 494 creditores.
1052 467 1148 500 (taen.
1175 474 1208 492 ni:
1236 475 1267 492 nx

261 520 431 548 (hirc—irthi,
449 526 463 543 n
480 518 532 544 372
546 518 555 551 )

299 630 313 648 u
333 619 471 649 [fl-banus
482 619 649 658 episcopm,
664 627 766 646 servus
777 626 929 646 seruorum
946 615 1011 651 Dei,
1026 615 1141 643 dilectis
1154 614 1244 653 filiis.
1261 637 1266 642 .

258 672 361 701 abbati
385 677 411 701 el
440 671 600 700 conventui
626 670 802 700 monasterii
823 679 846 699 s.
879 669 963 698 l'elrz'
986 667 1205 702 l’nlloeriarzmz,
1231 666 1271 695 mi

260 726 425 755 mmmmm
441 724 595 754 ecclesiam
615 723 698 752 millo
715 722 813 752 medio
829 721 1019 761 pei-liuentis,
1039 719 1154 749 ordinis
1170 731 1192 748 s.
1214 719 1268 748 lle-

258 778 382 813 mdiclt‘,
402 777 599 817 Linqonensis
616 776 752 811 diocesis,
772 775 898 804 salntem
921 779 947 802 r‘l
966 772 1167 813 apostolicam
1185 772 1269 802 bene-

258 831 419 860 dit—tionem
452 830 718 869 [tndempnitati]
740 829 842 859 vestri
862 827 1057 858 monasterii
1076 844 1124 855 —.
1145 826 1266 856 Datum

259 885 346 923 apud
374 883 649 916 Urbemveterem
682 884 727 910 ¹...
757 881 888 920 aprilis,
921 880 1136 919 pontificatus
1162 880 1267 909 nostri

259 946 345 967 anno
365 937 523 967 secundo.
546 946 560 965 »

869 1091 992 1121 Orvieto,
1010 1091 1025 1117 4
1042 1090 1098 1117 mai
1116 1091 1192 1117 1203.

346 1093 393 1124 29
403 1094 442 1124 47

292 1176 479 1206 Auximanos,
502 1177 536 1202 ad
557 1176 726 1202 fidelitatem
747 1178 775 1203 et
795 1175 978 1202 devotionem
994 1175 1132 1203 ecclcsiae
1148 1176 1267 1202 redeun-

254 1228 308 1255 tes,
330 1225 357 1251 in
374 1225 497 1259 gratiam
515 1233 595 1251 suam
612 1224 742 1258 suscipit,
756 1226 838 1258 pacta
854 1224 928 1251 inter
944 1224 1020 1258 ipsos
1034 1227 1058 1251 ct
1075 1224 1263 1257 Manli-edum,

255 1275 450 1301 Vei-anensem
474 1273 609 1304 electum,
626 1274 745 1300 ducatus
762 1273 907 1307 Spoletani
926 1275 954 1300 et
975 1273 1117 1300 Mareliiae
1140 1273 1267 1299 Anconi-

254 1325 338 1350 tanae
361 1325 513 1353 rectorem,
544 1322 616 1349 inita
641 1322 848 1349 confirmando.
877 1323 973 1357 (Auen.
1006 1330 1106 1349 nume.
1138 1323 1265 1354 isos-uro,

254 1378 283 1398 n⁰
301 1374 353 1403 303
370 1372 530 1404 l'orrnssr,
549 1371 657 1401 18529.)

295 1478 309 1497 ((
331 1468 470 1497 Γνῠιιιιιιε
487 1468 655 1508 episcopus,
669 1478 772 1497 servus
788 1477 939 1497 servornm
957 1467 1022 1503 Ovi,
1042 1466 1137 1496 nubili
1154 1468 1217 1497 vis-«1
1236 1490 1242 1496 .
1257 1491 1262 1496 .

254 1522 421 1560 capitaneo,
443 1522 565 1550 consilio
579 1527 604 1550 el
622 1521 771 1550 communi
788 1521 970 1550 Ana'inianis
987 1520 1113 1550 salntem
1132 1525 1158 1550 e!
1176 1531 1263 1560 alnas-

255 1574 374 1604 !‹zliram
393 1574 635 1604 benediccionem.
657 1574 806 1604 Ecclesie
826 1575 974 1605 Romane
993 1574 1099 1604 multa
1114 1574 1263 1613 benigni-

254 1629 304 1657 tas
334 1627 391 1657 illo
417 1636 493 1666 erga
515 1628 601 1657 filios
627 1628 745 1657 affectu
771 1627 904 1657 ducitur
927 1627 1064 1666 pietatis
1088 1628 1176 1666 quod
1198 1637 1263 1658 non

256 1680 366 1710 solum
388 1681 448 1711 hos
472 1681 529 1719 qui
552 1680 615 1711 sibi
641 1681 799 1711 continue
819 1680 1010 1711 devotionis
1034 1681 1145 1711 studio
1166 1681 1262 1711 filiali

253 1734 441 1763 reverentia
451 1733 693 1772 obsequuntur,
707 1733 945 1764 beneficiorum
959 1742 1096 1764 suorum
1113 1734 1263 1765 ubertate

253 1787 477 1825 prosequitur,
497 1787 661 1826 quinimo,
675 1787 777 1817 veluti
793 1787 847 1825 pia
862 1788 979 1823 mater,
997 1787 1074 1817 illos
1088 1788 1188 1818 etiam
1205 1788 1262 1827 qui

252 1842 327 1878 post
355 1840 602 1870 indevotionem
627 1842 658 1870 et
680 1840 953 1876 inobedIentiam.
971 1841 1010 1870 ad
1037 1841 1145 1879 ipsIus
1164 1841 1262 1872 bene-

253 1893 414 1931 placitum
435 1893 575 1923 redeunt
595 1895 626 1923 et
650 1893 856 1928 mandatum,
882 1903 899 1923 a
918 1902 979 1923 sua
999 1894 1106 1933 gratia
1125 1904 1188 1924 uon
1215 1904 1262 1925 re-

254 1945 394 1983 pellens,
414 1946 463 1976 eis
479 1946 624 1976 libenter
641 1946 873 1977 misericordie
895 1955 1031 1977 manum
1048 1948 1210 1984 extendit,
1231 1951 1261 1978 et

253 1998 307 2036 pie
329 1999 421 2037 ipsos
444 1999 483 2029 ad
507 1999 671 2038 gremium
697 2000 948 2038 propitiationis
971 2000 1163 2036 admittens,
1192 2001 1262 2031 illis

253 2051 441 2081 ‹lulcediiiis
453 2051 564 2087 ubera,
577 2052 616 2082 de
627 2054 784 2082 consueta
795 2052 971 2083 clementie
982 2053 1260 2092 promptitudine,

255 2113 319 2134 non
338 2105 448 2134 renuit
465 2105 656 2143 propinare.
677 2106 763 2135 Sane
782 2105 899 2143 petitio
919 2108 1030 2135 vestra
1052 2106 1148 2135 nobis
1172 2106 1262 2136 cxlii·

253 2157 321 2187 bita
345 2157 536 2187 continebat
563 2158 652 2196 quod
681 2158 824 2188 dilectus
852 2159 941 2188 lilius
967 2159 1024 2195 M„
1055 2160 1262 2190 Veronensis-

252 2211 389 2246 electus,
404 2211 545 2240 ducatus
563 2211 734 2249 Spoletani
752 2212 783 2241 et
802 2211 947 2242 Marchie
966 2213 1174 2243 Anconitane
1192 2222 1261 2243 rec-

252 2266 313 2298 tor,
331 2264 550 2294 considerans
568 2263 656 2302 quod
672 2264 713 2293 ad
731 2264 943 2295 devotionem
961 2265 1069 2303 ipsius
1085 2266 1226 2296 ecclesie
1243 2276 1260 2296 a

251 2325 326 2354 qna,
346 2316 531 2353 Manfredo‚
547 2317 715 2356 quondam
734 2317 877 2356 principi
895 2319 1087 2354 Tarentino,
1109 2328 1260 2357 persecu-

250 2369 313 2399 tori
331 2369 472 2400 ecclesie
490 2370 681 2406 manifesto,
699 2370 840 2409 ejusque
856 2371 1043 2401 fautoribus
1058 2372 1258 2408 adherendo,

251 2421 512 2461 dampnabiliter
528 2422 694 2453 diabolica
718 2423 834 2453 fraude
849 2424 988 2460 seducti,
1007 2425 1108 2455 alieni
1127 2425 1260 2456 videba-

250 2475 346 2511 mini,
378 2476 538 2510 rediistis,
568 2476 664 2506 suavi
692 2477 833 2507 ecclesie
864 2478 991 2516 prefate
1019 2478 1168 2509 dominio
1200 2487 1259 2509 vos

250 2528 422 2558 humiliter
449 2528 689 2564 submittendo,
723 2538 760 2560 ac
787 2539 846 2568 per
871 2530 931 2560 hoc
956 2531 1056 2570 digne
1082 2531 1199 2562 volens
1225 2532 1259 2562 in

250 2580 441 2619 hujusmodi
466 2581 644 2612 devotione
665 2583 822 2621 congruis
844 2592 903 2614 vos
929 2583 1062 2614 firmare
1086 2584 1259 2615 favoribus

249 2634 281 2664 et
306 2634 481 2673 condignis
511 2634 730 2666 beneficentie
762 2636 881 2675 gratiis
916 2637 1106 2673 confovere,
1134 2639 1257 2668 terram

248 2688 396 2718 vestram
418 2696 454 2718 ac
476 2688 585 2727 ipsius
606 2697 767 2727 personas
791 2689 853 2720 sub
871 2690 1054 2728 apostolice
1076 2691 1167 2721 sedis
1187 2700 1257 2729 pro-

249 2740 394 2771 tectione
415 2741 565 2780 suscepit
584 2743 616 2772 et
634 2751 751 2772 omnes
769 2743 912 2781 injurias
936 2745 967 2774 et
993 2744 1150 2778 offensas,
1173 2754 1257 2784 quas

249 2794 440 2824 assistendo
470 2795 598 2825 eisdem
628 2796 912 2833 persecutoribus
943 2797 1178 2832 commisistis,
1198 2798 1256 2828 sti-

249 2846 370 2884 pendia
396 2856 528 2886 quoque
552 2856 588 2878 ae
615 2848 752 2885 salaria,
776 2849 803 2879 si
828 2858 894 2888 qua
912 2851 1062 2880 vestrum
1088 2850 1193 2890 aliqui
1215 2851 1256 2881 ab

281 2932 301 2954 l.
323 2931 360 2955 Ce
379 2931 543 2961 parchemin
560 2934 603 2957 est
623 2939 656 2956 en
674 2932 729 2957 sort
746 2933 876 2957 mauvais
893 2933 966 2961 etan
982 2934 1015 2957 dc
1032 2933 1058 2958 la
1075 2935 1123 2958 des
1138 2935 1255 2960 lacunes

247 2974 319 2998 dans
334 2973 359 2998 le
377 2977 460 3000 texte.

263 282 301 311 06
969 276 1048 306 LES
1072 274 1314 307 REGISTRES
1337 275 1547 306 D’URBAIN
1572 276 1630 306 lv.

1328 367 1499 407 aliquibus
1515 368 1671 406 personis
1686 377 1745 398 seu
1764 368 1860 404 locis,
1877 369 1956 398 dum
1974 369 2095 399 essetis
2110 369 2172 400 sub
2185 370 2334 409 ejusdem

1327 421 1554 459 persecutoris
1584 421 1745 455 dominio,
1776 421 1888 451 minus
1918 421 2010 452 licite
2039 425 2249 461 receperunt.
2279 423 2337 453 illa

1326 473 1482 504 videlicet
1503 482 1645 513 quorum
1672 475 1842 504 restitutio
1860 474 1994 504 deberet
2013 475 2078 513 ipsi
2102 475 2242 506 ecclesie
2262 485 2335 514 pro-

1326 527 1452 560 venire,
1466 526 1563 556 vobis
1579 527 1766 563 remittens,
1785 536 1803 556 a
1819 527 1916 566 penis
1928 530 1959 558 et
1975 527 2096 557 bannis
2113 528 2333 567 quibuslibet,

1327 581 1462 617 propter
1480 579 1670 618 Impensum
1691 580 1837 610 favorem
1850 580 1978 610 eisdem
1992 581 2198 619 persecutori
2217 583 2247 611 et
2266 582 2335 611 sau-

1326 632 1455 662 toribus
1470 641 1488 662 a
1503 632 1599 662 vobis
1613 633 1746 668 debitis,
1763 634 1794 663 et
1813 642 1832 662 a
1849 642 1934 672 pena
1954 634 2055 663 etiam
2072 634 2099 663 si
2119 643 2184 672 qua
2199 637 2335 673 propter

1324 685 1419 715 illata
1438 694 1496 724 per
1511 694 1570 715 vos
1585 686 1730 724 dampna
1744 688 1776 716 et
1791 687 1954 725 irrogatas
1969 687 2113 725 injurias
2131 687 2162 716 in
2180 688 2334 726 personis

1327 738 1376 768 vel
1397 738 1496 768 rebus
1522 739 1689 778 quondam
1711 739 1849 769 Octonis
1872 740 1911 770 de
1932 740 2067 770 Palacio
2086 742 2117 770 et
2137 740 2334 770 officialium

1324 800 1474 828 suornm,
1490 792 1596 822 forent
1609 792 1704 822 vobis
1715 800 1774 830 per
1784 793 1895 822 sedem
1908 793 2129 831 apostolicam
2143 793 2334 831 infligenda,

1324 853 1383 874 vos
1409 845 1555 874 reddidit
1583 845 1718 884 penitus
1743 845 1930 876 absolutos.
1951 846 1989 875 Et
2006 846 2183 876 intendens
2212 846 2334 876 vestris

1323 897 1508 927 honoribus
1525 898 1701 936 providere
1716 907 1753 928 ac
1770 898 1865 928 vobis
1878 907 1895 928 a
1909 899 2165 929 discriminibus
2179 907 2243 938 que
2260 908 2335 938 pos-

1323 952 1397 980 sent
1414 960 1598 986 occurrere‚
1615 952 1689 981 utili
1707 952 1855 982 remediO
1875 960 2064 990 precavere,
2080 954 2126 988 ut,
2145 961 2221 982 cum
2234 961 2333 991 expe·

1322 1003 1433 1040 dierit,
1454 1004 1603 1043 aliquem
1625 1005 1757 1035 fidelem
1777 1007 1809 1035 ct
1825 1006 1983 1036 devotum
2003 1006 2113 1044 ipsius
2135 1005 2276 1036 ecclesie
2293 1006 2335 1036 ad

1322 1058 1410 1087 terre
1434 1059 1543 1088 vestre
1568 1058 1716 1096 predicte
1735 1059 1884 1097 regimen
1906 1059 2047 1097 possitis
2067 1059 2202 1098 eligere,
2227 1059 2334 1089 libera

1321 1109 1419 1140 vobis
1435 1110 1593 1141 facultate
1613 1120 1782 1145 concessa,
1799 1120 1960 1150 expresse
1978 1112 2123 1143 inhibuit
2141 1121 2180 1142 ne
2199 1112 2276 1151 quis
2293 1112 2334 1142 de

1320 1164 1494 1202 parentela
1518 1164 1639 1202 prefati
1669 1166 1819 1201 Octonis,
1843 1174 1950 1204 usque
1977 1166 2017 1195 ad
2039 1166 2191 1204 quintam
2219 1174 2333 1205 proge-

1320 1217 1421 1252 niem,
1443 1217 1483 1247 ad
1506 1217 1700 1256 hujusmodi
1724 1219 1873 1258 regimen
1898 1221 2103 1254 assumatur,
2122 1219 2166 1255 id,
2188 1219 2216 1249 si
2236 1227 2334 1249 secus

1319 1269 1424 1304 fieret,
1441 1279 1554 1301 carere
1571 1271 1707 1301 omnino
1725 1271 1856 1301 viribus
1872 1272 2092 1302 decernendo.

1360 1323 1516 1353 Ceterum
1534 1326 1741 1354 memoratus
1759 1328 1867 1355 rector
1880 1325 2150 1362 MontisAzarii,
2169 1325 2332 1361 Casaroli,

1319 1376 1609 1413 Montisfiliorum,
1627 1378 1778 1416 Optrani,
1804 1378 1979 1414 Casarum,
2005 1379 2243 1415 Montis-Fani,
2264 1379 2335 1409 Sto-

1320 1430 1388 1459 raci
1404 1430 1578 1469 etCelongi
1596 1431 1695 1461 villas
1706 1439 1833 1461 necnon
1845 1433 1875 1462 et
1892 1433 2038 1461 castrum
2051 1432 2246 1465 Tomazani.
2258 1440 2333 1462 curn

1320 1484 1392 1513 suls
1413 1484 1626 1522 pertinentiis
1642 1484 1811 1519 omnibus,
1830 1493 1893 1523 que
1910 1485 2062 1515 dicimini
2081 1485 2194 1524 qulete
2215 1494 2251 1515 ac
2275 1493 2334 1524 pa-

1320 1537 1412 1566 citice
1426 1537 1612 1575 possidere,
1629 1537 1725 1567 vobis
1739 1539 1917 1573 concessit,
1933 1547 1969 1568 ac
1982 1540 2077 1576 pacta
2091 1540 2123 1568 et
2140 1538 2330 1568 conventio-

1320 1599 1380 1619 nes
1399 1590 1486 1620 inter
1506 1599 1576 1627 vos,
1598 1600 1639 1620 ex
1658 1593 1751 1629 parte
1773 1600 1851 1627 una,
1871 1594 1901 1622 et
1918 1591 2101 1621 earundem
2123 1591 2284 1622 villarum
2301 1594 2332 1622 et

1319 1644 1420 1674 castri
1436 1643 1591 1674 homines
1605 1644 1731 1680 habita,
1747 1653 1787 1674 ex
1803 1644 1919 1681 altera,
1937 1645 2158 1675 confirmavit.
2174 1645 2333 1676 Preterea

1319 1699 1429 1727 castra
1439 1697 1617 1728 comitatus
1631 1698 1734 1728 vestri
1747 1698 1778 1727 in
1791 1697 1926 1737 quibus,
1938 1707 1975 1728 eo
1988 1700 2138 1736 tempore
2151 1707 2217 1737 quo
2228 1699 2333 1728 Anco-

1320 1751 1432 1781 nitana
1444 1751 1590 1780 Mai-chia
1601 1760 1658 1789 per
1671 1751 1854 1789 predictam
1866 1751 2042 1781 ecclesiam
2057 1751 2244 1790 regebatur,
2260 1761 2331 1790 par-

1319 1804 1506 1834 lamentum
1524 1806 1555 1834 et
1568 1805 1754 1834 exercitum
1772 1804 1931 1834 habuisse
1949 1805 2114 1841 dicimini,
2131 1805 2162 1834 in
2178 1813 2216 1835 ea
2234 1805 2331 1844 quasi

1319 1857 1535 1896 possessione
1566 1866 1631 1896 qua
1656 1858 1714 1888 illa
1740 1858 1813 1896 ipso
1842 1859 1993 1897 tempore
2017 1858 2204 1894 habebatis,
2234 1858 2332 1889 vobis

1318 1910 1424 1940 voluit
1441 1911 1645 1940 confirmari.
1662 1910 1712 1940 Ad
1727 1911 1787 1941 hoe
1802 1911 1996 1941 nominatus
2013 1912 2121 1941 rector
2138 1911 2329 1950 privilegia.

1318 1964 1554 1993 concessiones
1572 1966 1601 1993 et
1619 1964 1818 1994 donationes
1836 1972 2046 2002 quecumque
2063 1963 2225 1994 hactenus
2243 1965 2328 1994 sacta

1318 2025 1376 2055 per
1394 2017 1519 2046 dictum
1541 2018 1789 2054 persecutorem
1812 2018 1883 2046 sive
1903 2025 2134 2056 quoscumque
2154 2017 2330 2047 invasores

1318 2071 1348 2098 et
1362 2070 1579 2107 occupatores
1592 2069 1739 2107 predicte
1754 2069 1899 2099 Maruhie
1911 2070 1951 2099 de
1967 2070 2089 2099 castris
2107 2072 2138 2100 et
2153 2070 2246 2100 villis
2259 2079 2330 2109 pre-

1319 2122 1376 2151 sati
1397 2123 1589 2155 comitatus,
1611 2123 1787 2160 presertim
1807 2123 1847 2152 de
1867 2125 1976 2152 castro
2001 2123 2134 2153 Stass‘uli
2156 2124 2327 2154 communi

1318 2175 1420 2205 Esino
1440 2178 1495 2205 aut
1516 2175 1653 2205 cuilibet
1677 2175 1733 2205 alii
1756 2176 1970 2206 universitati
1994 2176 2047 2206 vel
2068 2176 2140 2207 loco
2163 2177 2235 2207 sive
2254 2186 2329 2216 per-

1317 2228 1410 2257 sonis
1425 2228 1597 2266 aliquibus
1614 2237 1754 2258 cassans
1764 2230 1793 2259 et
1809 2229 1956 2265 irritans,
1972 2229 2099 2268 illaque
2115 2229 2220 2260 fuisse
2234 2230 2326 2260 nulla

1319 2281 1552 2319 pronuntians,
1586 2281 1831 2320 promissiones
1859 2284 1889 2312 et
1919 2285 2015 2321 pacta
2041 2283 2128 2313 inter
2149 2291 2327 2314 commune

1318 2334 1400 2369 Esii,
1425 2343 1466 2364 cx
1490 2336 1583 2372 parte
1609 2343 1686 2370 una,
1707 2336 1737 2365 et
1757 2336 1896 2374 quosvis
1916 2335 1955 2365 de
1976 2336 2138 2366 comitatu
2157 2345 2216 2366 seu
2234 2336 2327 2367 villis

1316 2387 1487 2425 predictis,
1509 2396 1548 2417 ex
1567 2387 1682 2421 altera,
1702 2387 1786 2418 inita
1802 2388 2064 2428 superjmibus,
2082 2389 2327 2427 jurisdictioni-

1316 2439 1390 2477 bus,
1406 2440 1567 2470 dominiis
1583 2443 1612 2470 et
1632 2441 1783 2471 servitiis
1802 2441 1833 2471 in
1851 2441 1978 2471 eisdem
1997 2442 2159 2472 comitatu
2178 2451 2215 2473 ac
2232 2443 2326 2473 villis

1316 2493 1440 2523 debitis
1459 2493 1605 2523 decrevit
1624 2494 1783 2524 similiter
1803 2503 1877 2524 esse
1899 2503 2006 2525 cassa.
2029 2495 2164 2526 Primas
2188 2496 2326 2535 insuper

1315 2555 1445 2581 causas,
1470 2549 1536 2577 tam
1560 2547 1678 2577 civiles
1701 2556 1799 2586 quam
1823 2548 2030 2585 criminales,
2052 2549 2085 2578 in
2107 2549 2200 2579 curia
2220 2551 2324 2581 vestri

1314 2600 1504 2630 communis
1528 2600 1713 2630 examinari
1735 2602 1765 2631 et
1785 2601 1892 2631 decidi
1910 2601 2030 2632 debere
2054 2611 2090 2632 ac
2107 2604 2231 2633 statuta
2247 2611 2324 2642 que-

1314 2653 1390 2683 dam
1409 2662 1468 2692 per
1487 2662 1544 2683 vos
1562 2655 1676 2683 contra
1695 2654 1870 2684 usurarios
1889 2654 1990 2689 edita,
2008 2657 2104 2693 prout
2125 2656 2198 2686 sine
2215 2656 2324 2695 pravi-

1314 2707 1382 2736 tate
1409 2707 1487 2736 sunt
1511 2706 1607 2743 sacta,
1629 2707 1746 2737 statuit
1773 2707 1993 2744 observanda,
2018 2708 2105 2738 sicut.
2124 2708 2158 2738 in
2181 2709 2324 2748 predicti

1314 2759 1455 2789 rectoris
1474 2759 1597 2789 litteris
1617 2760 1693 2790 inde
1709 2760 1871 2791 consectis
1889 2769 2017 2800 suoque
2037 2761 2150 2800 sigillo
2167 2762 2322 2798 munitis,

1314 2812 1461 2842 vidimus
1480 2812 1613 2851 plenius
1627 2813 1804 2844 contineri.
1827 2814 1897 2844 Nos
1917 2814 2029 2853 igitur,
2050 2815 2106 2853 qui
2125 2815 2321 2846 devotorum

1314 2867 1505 2896 nostrorum
1531 2866 1642 2896 studia
1670 2866 1904 2897 benevolentia
1932 2867 2179 2898 rationabiliter
2208 2877 2322 2907 prose-

1313 2918 1449 2957 quimur
1465 2919 1624 2957 gratiosa,
1643 2920 1774 2950 firmam
1791 2929 1885 2959 spem
1902 2929 1939 2950 ac
1956 2920 2112 2950 iiduciam
2130 2920 2322 2952 obtinentes

1312 2972 1400 3011 quod
1415 2975 1538 3011 (planto
1549 2973 1709 3012 majorem
1720 2982 1738 3003 a
1750 2974 1881 3012 prefata
1894 2974 1973 3004 sede
1990 2974 2166 3004 senseritis
2177 2975 2320 3013 gratiam
