2519 3262
1031 280 1269 319 TROISOEME
1302 280 1466 317 ANNEE.

206 382 414 423 gotio,juxta
432 380 577 410 formam
594 378 659 409 sibi
678 377 848 411 traditam,
860 373 1055 412 incepisset,
1068 372 1217 406 demum,

205 436 280 475 ipso
305 434 437 474 negotio
463 441 522 471 per
548 430 812 471 appellationem
828 428 869 458 ad
885 427 1000 457 sedem
1017 424 1127 455 delato
1146 431 1220 462 pre-

205 489 342 523 dictam,
358 488 566 517 memoratus
579 484 739 515 dominus
757 483 872 512 noster
886 480 987 518 digna
1001 477 1220 508 meditatiOne

205 541 425 572 considerans
441 538 531 578 quod
552 538 668 568 eadem
689 534 832 566 ecclesia
853 532 961 563 sancti
982 530 1071 569 Lupi
1088 538 1147 569 per
1162 529 1221 559 hu-

202 594 353 634 jusmodi
371 591 636 623 controversiam
645 597 745 628 grave
760 586 976 625 dispendium
986 583 1222 614 verisimiliter

206 646 411 681 incurrebat,
439 648 469 675 et
495 653 535 674 ex
561 643 623 672 1100-
643 641 684 672 ad
712 643 839 670 statum
862 637 1095 669 miserabilem
1123 635 1221 665 facile

206 702 338 739 poterat
366 697 535 732 devenire,
556 704 592 725 ac
620 695 708 724 circa
726 693 759 723 id
774 693 918 731 benigne
940 691 1057 721 volens
1076 690 1222 726 interpo-

208 762 287 783 nere
303 755 416 791 partes
445 758 525 779 suas
551 750 583 778 et
609 747 677 786 ipsi
697 746 839 777 ecclesie
865 745 905 775 de
929 743 1054 783 quietis
1073 744 1103 772 et
1128 742 1222 780 pacis

207 805 383 836 commodo
394 799 695 842 p1·0vide1·e,nobis
708 799 784 828 viva
799 807 879 828 voce
897 796 1068 827 commisit
1083 798 1119 826 ut
1134 795 1223 825 circa

207 857 357 897 predicta
387 855 657 894 provideremus,
681 854 909 883 statueremus
929 852 959 880 et
987 849 1222 880 ordinaremus

207 920 244 942 ac
264 910 516 949 preciperemus
533 907 731 937 auctoritate
763 905 884 944 ipsius,
904 905 1003 942 prout
1032 902 1172 932 utilitati
1191 903 1223 932 et

205 963 391 1002 tranquillo
418 961 571 1000 ejusdem
589 959 729 990 ecclesie
750 958 854 989 statui
882 957 1067 995 expediens
1092 955 1222 985 videre-

206 1025 294 1047 mus.
313 1016 383 1046 Nos
400 1015 525 1053 itaque,
544 1013 742 1043 auctoritate
760 1010 945 1050 apostolica
958 1009 1056 1039 nobis
1071 1008 1224 1047 speciali-

207 1071 259 1101 ter
278 1070 311 1099 in
335 1069 395 1098 hac
418 1070 512 1107 parte
529 1066 712 1097 commissa
728 1067 759 1095 et
777 1064 816 1094 de
833 1063 973 1102 speciali
997 1063 1076 1093 dicti
1093 1061 1223 1092 domini

206 1131 291 1161 pape
306 1122 464 1152 mandato
483 1120 571 1150 facto
586 1119 684 1149 nobis
699 1118 836 1148 oraculo
852 1117 928 1147 vive
946 1116 1050 1151 vocis,
1069 1115 1223 1154 provide-

206 1184 295 1210 mus,
311 1175 507 1209 statuimus,
529 1173 726 1204 ordinamus
744 1174 776 1202 et
798 1171 984 1201 ordinando
1003 1169 1221 1208 precipimus,

207 1229 297 1268 quod
323 1229 434 1259 dictus
457 1227 560 1257 abbas
576 1226 726 1264 ejusdem
741 1224 894 1261 ecclesie,
914 1223 1065 1254 omnium
1083 1231 1223 1252 suorum

203 1283 332 1322 jurium
351 1283 382 1312 et
397 1280 679 1320 pertinentiarum
696 1278 915 1317 possessione
927 1276 1064 1315 pacifice
1081 1276 1223 1315 gaudeat

206 1336 238 1366 et
251 1336 376 1374 quiete,
395 1335 568 1364 hortantes
583 1342 660 1363 eum
670 1331 759 1371 quod
774 1331 883 1369 ipsam
900 1330 1079 1361 ecclesiam
1094 1329 1224 1359 utiliter

206 1397 322 1428 regere
348 1396 384 1418 ac
408 1387 548 1426 provide
573 1386 718 1425 dirigere
740 1385 873 1415 studeat
898 1385 929 1414 et
960 1392 1094 1413 servare
1120 1383 1155 1412 in
1176 1382 1224 1421 ip-

207 1442 280 1472 sius
307 1440 543 1479 prosecutione
571 1439 749 1478 regiminis
773 1437 902 1467 limites
924 1437 1122 1467 honestatis.
1144 1436 1223 1466 Pre-

206 1497 298 1525 terea
326 1493 524 1524 memoratis
554 1492 660 1531 priori
689 1493 719 1521 et
740 1490 912 1521 canonicis
936 1490 1147 1519 restituimus
1170 1489 1224 1518 ad—

209 1547 479 1578 ministrationes
508 1548 539 1576 et
571 1546 644 1575 loca
673 1553 744 1579 sua.
773 1545 808 1574 in
837 1552 912 1574 eum
930 1545 1057 1573 statum
1091 1543 1125 1572 in
1157 1551 1222 1580 quo

208 1599 340 1629 fuerant
377 1602 452 1629 ante
478 1599 574 1628 litem
610 1600 735 1628 motam
774 1597 971 1626 reducentes
1003 1596 1151 1631 eosdem,
1187 1604 1224 1625 ac

209 1653 408 1682 mandantes
435 1651 678 1681 nichilominus
704 1650 793 1688 quod
815 1649 1037 1679 restituantur
1060 1649 1109 1678 eis
1141 1649 1223 1678 inte-

208 1705 358 1744 graliter,
375 1705 501 1742 absque
526 1703 726 1733 difficultate
746 1702 908 1741 qualibet,
930 1710 989 1740 per
1004 1702 1148 1731 eundem
1170 1701 1224 1731 ab·

208 1758 321 1788 batem
347 1758 424 1796 equi
448 1760 479 1787 et
504 1757 570 1787 alia
598 1756 792 1794 supradicta
809 1755 945 1794 quibus,
965 1757 1000 1785 ut
1014 1755 1142 1784 dictum
1160 1755 1222 1790 est,

210 1812 341 1842 fuerant
370 1811 522 1849 spoliati.
553 1810 758 1841 Ordinamus
784 1809 886 1839 etiam
903 1811 934 1838 et
952 1808 1058 1838 simili
1082 1808 1224 1837 auctori-

209 1867 277 1895 tate
307 1864 515 1903 precipimus
533 1865 568 1893 ut
598 1863 701 1892 iidem
719 1863 812 1901 prior
829 1865 859 1892 et
885 1861 1049 1897 canonici,
1068 1870 1134 1891 non
1151 1860 1223 1891 obs-

208 1917 360 1949 tantibus
385 1916 593 1955 quibuslibet
618 1914 904 1954 appellationibus
921 1914 961 1944 ab
979 1915 1029 1944 eis
1045 1914 1224 1952 interposi-

208 1971 265 2006 tis,
295 1970 407 2001 abbati
429 1969 580 2008 predicto
603 1971 778 2007 tamquam
795 1977 912 1998 eorum
931 1967 1103 2006 spirituali
1122 1967 1223 2005 patri,

208 2033 301 2054 more
330 2024 530 2053 devotorum
555 2022 716 2055 filiorum,
731 2021 889 2051 obediant
914 2023 945 2051 et.
970 2021 1156 2056 intendant,
1175 2020 1225 2050 eis

208 2076 450 2108 nichilominus
475 2084 576 2114 super
592 2075 659 2104 hiis
676 2083 740 2113 que
755 2075 987 2113 opposuerunt
1004 2074 1092 2104 dicto
1111 2073 1224 2104 abbati

208 2133 240 2161 et
257 2138 358 2168 super
377 2129 501 2168 quibus
521 2130 637 2158 contra
653 2136 731 2158 eum
746 2127 834 2157 dicta
855 2127 1032 2166 inquisitio
1047 2127 1089 2157 ad
1108 2135 1224 2157 eorum

208 2183 407 2214 instantiam
439 2181 621 2212 emanavit,
639 2181 815 2211 silentium
847 2181 1073 2219 imponentes.
1097 2180 1224 2211 Omnes

209 2245 342 2276 quoque
377 2236 509 2265 litteras
533 2237 648 2265 contra
675 2234 803 2264 dictum
832 2233 988 2264 abbatem
1012 2234 1222 2272 impetratas,

209 2298 326 2320 omnes
336 2289 438 2319 etiam
451 2287 813 2318 excommunic-ationis
826 2287 1012 2317 sententias
1029 2288 1063 2316 in
1081 2287 1225 2317 eundem

208 2343 357 2382 priorem
377 2344 409 2372 et
428 2341 493 2371 sibi
516 2341 728 2375 adherentes,
749 2349 808 2370 seu
828 2339 999 2378 quoslibet
1017 2340 1114 2376 alios,
1134 2348 1225 2370 occa-

209 2397 304 2426 sione
326 2395 469 2434 predicti
483 2394 621 2433 negotii,
641 2394 778 2432 penitus
796 2402 1006 2429 revocamus,
1026 2394 1224 2432 dispensan-

208 2450 260 2479 tes
281 2457 358 2479 cum
376 2449 493 2478 eodem
520 2448 643 2486 priore,
664 2447 835 2477 canonicis
857 2448 887 2476 et
906 2447 1038 2477 clericis
1055 2447 1112 2485 qui
1132 2447 1225 2477 fuere

210 2502 310 2532 dictis
334 2501 431 2540 ligati
445 2501 635 2535 sententiis,
652 2509 751 2538 super
768 2499 1076 2538 irregularitatibus
1093 2500 1122 2530 si
1142 2509 1225 2539 quas

210 2555 317 2585 sacris
329 2562 364 2584 se
378 2554 600 2584 immiscendo
616 2554 736 2584 exinde
750 2554 1000 2583 contraxerunt.
1011 2553 1226 2592 Insuperdic-

210 2608 255 2638 tis
263 2607 368 2646 priori
376 2608 407 2637 et
418 2607 585 2642 Hodoino,
596 2607 725 2636 ratione
734 2615 960 2645 expensarum
969 2616 1052 2645 quas
1060 2607 1225 2637 veniendo

209 2661 252 2691 ad
267 2660 398 2690 curiam
411 2660 600 2690 Romanam
618 2662 649 2689 et
665 2660 752 2698 apud
767 2668 841 2689 eam
857 2660 982 2690 dictum
990 2660 1226 2699 prosequendo

210 2714 395 2753 negotium,
412 2712 532 2743 fecisse
548 2715 745 2746 noscuntur,
762 2715 896 2742 centum
915 2715 946 2743 et
961 2715 1105 2751 quatuor
1120 2713 1226 2744 libras

209 2766 446 2798 turonensium
468 2768 538 2796 tam
557 2773 616 2803 pro
631 2765 681 2795 eis
701 2774 801 2804 quam
820 2775 879 2804 pro
902 2766 980 2796 aliis
997 2767 1106 2797 eidem
1120 2767 1227 2805 priori

209 2818 461 2854 adherentibus,
484 2826 543 2856 per
565 2818 709 2848 eundem
735 2817 889 2848 abbatem
914 2819 1127 2855 mandamus,
1152 2822 1226 2850 abs-

211 2882 275 2912 que
293 2871 494 2902 difficultate
518 2870 680 2910 qualibet,
704 2871 869 2907 exhiberi,
891 2872 1069 2902 reddentes
1092 2873 1132 2903 ab
1159 2882 1227 2903 om-

211 2926 311 2956 nibus
322 2925 446 2956 debitis
456 2933 515 2963 per
525 2924 668 2954 eundem
679 2924 827 2962 priorem
838 2926 869 2954 et
879 2925 1006 2954 dictum
1016 2926 1058 2955 H.
1067 2926 1126 2955 hac
1137 2935 1228 2957 occa-

212 2979 305 3010 sione
323 2978 517 3011 contractis,
535 2977 659 3007 dictam
670 2977 846 3007 ecclesiam
866 2977 1001 3015 penitus
1023 2978 1223 3010 absolutam.

2254 302 2292 332 59

1281 369 1389 408 Super
1403 371 1481 402 aliis
1497 374 1608 403 autem
1626 376 1785 413 expensis
1806 386 1870 415 que
1888 378 2046 410 dicuntur
2065 390 2139 412 esse
2157 383 2241 414 facte
2258 385 2293 415 in

1281 422 1435 460 partibus
1453 424 1523 454 illis
1539 428 1940 467 pretextuinquisitionis
1956 432 2117 469 ejusdem,
2132 435 2291 467 duximus

1281 476 1526 513 providendum
1553 479 1640 509 sicut
1660 489 1719 518 per
1741 481 1873 512 litteras
1889 486 2092 522 apostolicas
2111 496 2174 525 que
2193 497 2293 527 super

1281 527 1342 558 boc
1367 530 1559 567 specialiter
1588 532 1661 562 fieri
1690 533 1823 570 debent,
1841 535 1976 573 plenius
1997 539 2183 576 apparebit.
2202 543 2293 572 uete-

1282 589 1357 610 rum
1381 582 1511 620 prefato
1536 584 1671 615 domino
1699 595 1833 617 summo
1859 589 2017 626 pontifice
2034 592 2188 629 cupiente
2205 595 2293 631 quod

1283 634 1399 664 eadem
1417 636 1559 666 ecclesia
1589 639 1697 668 sancti
1715 639 1802 678 Lupi
1820 643 1851 671 et
1868 641 2026 680 degentes
2042 644 2075 673 in
2095 645 2180 683 ipsa,
2201 647 2292 677 seda-

1282 686 1327 716 tis
1350 688 1488 719 omnino
1509 690 1702 728 discordiis,
1721 695 1845 723 statum
1866 694 2019 731 habeant,
2044 697 2292 737 Deoflpropitio,

1282 741 1460 777 pacificum
1471 743 1735 782 ettranquillum
1750 748 1781 776 et
1798 746 1924 777 ibidem
1942 749 2053 779 locum
2070 750 2134 780 sibi
2150 751 2294 782 virtutes

1283 793 1470 831 vendicent,
1486 796 1657 827 destructa
1673 799 1902 836 quarumlibet
1915 802 2057 832 macerie
2074 804 2292 841 pravitatum,

1284 847 1481 878 ordinamus
1508 850 1706 881 auctoritate
1730 852 1836 882 simili
1857 855 1947 892 quod
1964 864 2024 893 per
2050 856 2183 895 aliquos
2205 858 2295 888 viros

1283 899 1448 931 discretos
1477 903 1518 931 ad
1542 903 1603 933 1100
1618 912 1677 942 per
1705 905 1790 936 dicte
1819 907 1909 937 sedis
1928 909 2173 946 providentiam
2197 911 2296 949 depu-

1282 953 1403 983 tandos
1419 954 1453 984 in
1478 956 1594 986 eadem
1620 957 1761 988 ecclesia
1782 959 1991 991 visitationis
2013 966 2210 993 exerceatur
2225 964 2296 994 offi-

1283 1006 1384 1043 cium,
1399 1008 1456 1046 qui
1473 1009 1642 1048 corrigant
1655 1012 1686 1041 et
1707 1012 1892 1043 reforment
1908 1013 2033 1044 ibidem
2051 1018 2119 1046 tam
2138 1017 2172 1045 in
2187 1017 2296 1055 capite

1284 1068 1385 1098 quam
1410 1060 1443 1090 111
1467 1061 1640 1097 membris,
1668 1066 1758 1094 statu
1775 1066 1807 1094 et
1825 1064 1950 1096 11011010
1978 1067 2058 1097 dicti
2078 1068 2210 1099 abbatis
2230 1069 2298 1099 sibi

1283 1121 1343 1150 per
1354 1114 1468 1143 omnia
1483 1116 1677 1152 reservatis,
1690 1125 1753 1155 que
1769 1119 1988 1150 correctionis
1999 1122 2031 1150 et
2044 1121 2298 1153 reformationis

1284 1166 1395 1197 officio
1424 1168 1580 1198 noverint
1607 1169 1769 1208 indigere.
1790 1171 1827 1201 In
1857 1172 1952 1210 cujus
1978 1174 2026 1203 rei
2048 1176 2296 1213 testimonium,

1284 1222 1460 1258 presentes
1494 1221 1626 1252 litteras
1659 1223 1852 1262 sigillorum
1883 1228 2077 1256 nostrorum
2109 1229 2298 1259 munimine

1283 1272 1436 1303 roborari
1465 1273 1608 1305 fecimus
1634 1278 1666 1306 et
1691 1285 1751 1314 per
1776 1277 2032 1317 infrascriptum
2060 1281 2229 1311 notarium
2264 1282 2299 1312 in

1285 1325 1419 1364 publica
1444 1327 1552 1367 redigi
1578 1329 1799 1361 munimenta.
1828 1332 1951 1362 Actum
1971 1334 2059 1371 apud
2084 1334 2300 1365 L'rbemvete-

1284 1388 1368 1416 rem,
1389 1381 1423 1410 in
1453 1381 1610 1411 domibus
1641 1383 1769 1413 domini
1784 1385 2017 1422 Bonicomitis,
2038 1387 2100 1416 sub
2126 1396 2212 1417 anno
2234 1389 2299 1418 Do-

1284 1433 1369 1463 mini
1413 1434 1690 1472 M⁰CC⁹LX11110‚
1738 1439 1955 1476 pontificatus
1997 1440 2125 1470 domini
2171 1441 2299 1472 [rb-ani

1284 1494 1370 1525 pape
1387 1487 1463 1524 IIII,
1496 1496 1582 1518 anno
1614 1489 1726 1526 tertio,
1760 1499 1875 1521 mense
1901 1492 2019 1522 marcii
2037 1493 2090 1523 die
2109 1503 2154 1522 vii
2175 1503 2299 1524 exeun-

1283 1539 1340 1575 tis,
1367 1540 1551 1571 indictione
1576 1551 1646 1576 v111,
1671 1543 1887 1581 presentibus
1910 1545 1977 1575 hiis
2004 1546 2150 1577 testibus
2177 1547 2217 1577 ad
2238 1547 2299 1578 boc

1285 1593 1478 1631 specialiter
1501 1595 1628 1625 vocatis
1651 1596 1808 1627 videlicet
1818 1597 1953 1628 domino
1970 1599 2122 1630 „Iohanne
2140 1601 2180 1630 de
2197 1601 2300 1631 [11110-

1284 1646 1362 1681 riis;
1385 1647 1547 1685 magistro
1566 1648 1692 1679 Felicio
1708 1649 1747 1679 de
1768 1650 1900 1686 Trecis3
1915 1652 2076 1690 magistro
2092 1653 2246 1683 XYaltero
2258 1654 2298 1684 de

1284 1699 1512 1736 Yilla·Mauri,
1540 1702 1747 1740 cappellanis
1773 1704 1855 1734 dicti
1878 1705 2006 1734 domini
2031 1707 2070 1735 A.
2096 1707 2296 1743 cardinalis,

1284 1753 1447 1792 magistro
1459 1754 1611 1785 ‚Iohanne
1624 1755 1663 1785 de
1675 1756 1800 1788 Hocca:
1816 1757 1980 1795 Laudato,
1997 1759 2191 1797 primicerio
2203 1760 2299 1790 Gaie-

1285 1808 1380 1841 tano;
1409 1808 1566 1843 Martino,
1599 1809 1724 1838 decano
1751 1810 1959 1847 Zamorensi,
1979 1813 2187 1850 cappellanis
2220 1814 2299 1844 dicti

1286 1860 1415 1890 domini
1433 1861 1464 1890 J.
1481 1861 1677 1892 cardinalis.
1689 1863 1729 1892 Et
1741 1871 1812 1901 ego,
1827 1864 1995 1894 Ricardus
2012 1865 2052 1895 de
2066 1866 2168 1902 Pofis,
2185 1869 2299 1897 sancte

1287 1913 1439 1943 Romane
1464 1914 1604 1944 ecclesie
1623 1915 1834 1952 scriniarius,
1853 1917 2036 1955 prolationi
2060 1919 2146 1949 dicte
2166 1920 2298 1950 ordina-

1286 1966 1390 1996 tionis
1413 1967 1564 2002 interfui,
1592 1970 1624 1998 et
1648 1977 1723 1998 eam
1748 1969 1787 1999 de
1815 1970 1972 2000 mandato
1994 1971 2225 2009 predictorum
2246 1973 2300 2002 do-

1287 2019 1457 2050 minorum
1473 2021 1697 2051 cardinalium
1720 2023 1843 2061 scripsi
1861 2025 1892 2053 et
1912 2023 1945 2052 in
1964 2023 2135 2062 publicam
2156 2025 2299 2055 formam

1285 2073 1410 2112 redegi.
1434 2084 1449 2102 »

1326 2127 1465 2163 Verum,
1485 2130 1521 2157 ut
1548 2127 1623 2166 ipsa
1657 2128 1799 2158 ecclesia
1813 2129 1932 2159 decore
1964 2130 2089 2160 clareat
2111 2131 2300 2162 honestatis

1286 2188 1346 2210 nec
1362 2179 1396 2209 in
1428 2180 1543 2218 aliqua
1566 2182 1660 2219 parte
1687 2181 1738 2210 sui
1760 2182 1941 2220 quicquam
1957 2183 2107 2214 deforme
2126 2186 2299 2215 remancat

1285 2233 1339 2263 vel
1352 2233 1521 2269 nocivum,
1539 2234 1697 2263 volumus
1718 2236 1749 2264 et
1771 2234 1923 2265 districte
1940 2237 2146 2275 precipimus
2163 2238 2253 2276 quod
2270 2238 2299 2268 si

1285 2286 1696 2325 visitatoreshujusmodi,
1714 2288 1846 2325 quesita
1863 2289 2004 2319 veritate
2018 2291 2086 2319 tam
2105 2299 2123 2319 a
2138 2291 2299 2328 predictis

1286 2339 1406 2370 abbate
1435 2341 1467 2370 et
1488 2340 1600 2378 priore
1628 2349 1729 2379 quam
1753 2350 1771 2370 a
1798 2341 1940 2379 prefatis
1968 2344 1999 2372 et
2025 2343 2104 2372 aliis
2128 2344 2298 2374 canonicis

1287 2393 1439 2432 eJ'nsdem
1448 2393 1588 2423 ecclesie
1599 2402 1636 2423 ac
1652 2394 1749 2428 alias,
1764 2396 1863 2433 prout
1877 2395 1917 2424 ad
1934 2395 2083 2425 officium
2094 2396 2298 2427 visitationis

1287 2447 1501 2485 spectaverit,
1526 2446 1640 2477 forsan
1656 2447 1845 2477 invenerint
1869 2448 1941 2478 sive
1959 2448 1999 2478 de
2016 2448 2082 2478 hiis
2109 2457 2212 2487 super
2228 2450 2300 2488 qui-

1286 2500 1349 2530 bus
1367 2500 1496 2538 prefata
1514 2500 1691 2538 inquisitio
1712 2501 1894 2536 emanavit,
1913 2501 1984 2531 sive
2004 2501 2088 2532 alias
2105 2502 2218 2541 aliqua
2227 2511 2300 2542 gra—

1287 2554 1341 2583 via
1365 2555 1397 2583 et-
1422 2553 1585 2589 enormia,
1600 2555 1737 2592 propter
1762 2562 1825 2592 que
1844 2554 1949 2592 aliqui
1967 2554 2094 2586 subditi
2109 2556 2160 2585 vel
2177 2556 2299 2594 prelati

1287 2607 1438 2646 ejusdem
1464 2606 1604 2636 ecclesie
1623 2606 1749 2636 fuerint
1766 2616 1784 2637 a
1802 2607 1874 2637 suis
1888 2607 1973 2638 locis
1991 2610 2022 2638 et
2039 2608 2162 2638 officiis
2179 2609 2299 2640 merito

1287 2659 1476 2696 amovendi,
1495 2660 1536 2689 ad
1552 2660 1754 2690 amotionem
1773 2660 1922 2697 illorum,
1940 2661 2143 2700 quicumque
2162 2662 2298 2697 fuerint,

1286 2722 1432 2752 persona
1445 2713 1525 2742 dicti
1554 2712 1685 2743 abbatis
1699 2713 1875 2743 dumtaxat
1891 2717 2040 2752 excepta,
2060 2714 2165 2745 libere
2186 2723 2300 2753 proce-

1288 2766 1486 2805 dant,prout
1500 2765 1587 2796 bono
1603 2766 1713 2804 ipsius
1727 2766 1868 2796 ecclesie
1881 2767 1984 2796 statui
1994 2768 2179 2797 secundum
2190 2768 2298 2797 Deum

1287 2820 1434 2850 viderint
1460 2819 1631 2857 expedire,
1652 2827 1718 2849 non
1740 2818 1894 2849 obstante
1917 2820 2158 2858 cujuscumque
2179 2820 2298 2850 frivole

1289 2872 1529 2912 appellationis
1554 2871 1696 2910 obJ'ectu.
1722 2872 1786 2902 llla
1810 2881 1888 2902 vero
1916 2881 1981 2911 que
2007 2872 2161 2902 abbatom
2187 2873 2298 2912 ipsum

1289 2935 1349 2956 seu
1366 2927 1492 2956 statum
1508 2925 1580 2963 ejus
1593 2928 1728 2963 tangere
1741 2925 1955 2961 videbuntur,
1974 2925 2071 2955 nobis
2091 2926 2234 2956 fideliter
2251 2927 2299 2955 in-

1289 2980 1425 3010 sinuare
1456 2980 1647 3018 procurent,
1672 2981 1706 3008 ut
1731 2986 1772 3008 ex
1789 2978 1951 3008 relatione
1974 2979 2125 3016 ipsorum
2142 2979 2298 3008 instructi
