2519 3262
1026 274 1265 313 TROISIEME
1286 275 1449 312 ΑΝΝΕΕ.

191 370 254 399 etc.
286 377 392 407 usque
427 369 688 399 communimus.
723 367 883 398 Exhibita
909 366 1078 405 siquidem
1105 365 1202 396 nobis

189 423 247 452 tua
275 421 394 460 petitio
419 421 612 452 continebat
637 421 738 461 quod,
767 429 843 451 cum
868 428 929 449 nos
956 419 990 449 in
1020 428 1119 449 causa
1139 428 1203 457 que

192 475 279 505 inter
306 476 337 504 te
365 476 396 505 et
421 475 632 506 Bernardum
657 475 696 504 de
725 473 883 504 Fornello
915 473 934 508 ¹,
964 471 1202 511 presbyterum

191 528 430 567 Lugdunensis
453 528 610 564 diocesis,
631 535 732 565 super
754 526 897 556 ecclesia
915 526 953 555 de
977 527 1080 561 Ansa,
1103 533 1202 564 quam

188 583 330 620 uterque
360 583 509 611 vestrum
529 581 571 611 ad
595 589 630 610 se
649 580 800 618 spectare
822 578 964 613 dicebat,
990 580 1061 608 orta
1078 578 1201 610 extitit,

189 642 249 673 per
279 634 542 673 appellationem
577 633 618 663 ad
652 632 766 662 sedem
798 631 1019 670 apostolicam
1051 631 1202 670 legitime

190 687 358 723 devoluta,
379 687 540 717 dilectum
567 686 676 715 filium
700 686 854 715 nostrum
877 685 934 721 M„
960 686 1073 714 sancte
1097 684 1202 714 Marie

190 740 223 769 in
239 740 376 770 Porticu
390 739 568 769 diaconum
582 738 800 774 cardinalem,
817 737 1031 768 dedissemus
1048 737 1202 776 partibus

188 793 376 823 auditorem
407 792 565 830 idemque
588 791 771 821 cardinalis
796 791 918 821 dilecto
942 791 1013 821 filio
1040 791 1201 829 magistro

187 845 344 881 Johanni,
365 844 600 875 archidiacono
616 844 838 880 Tricastrino,
858 844 1056 883 cappellano
1074 845 1200 879 nostro,

188 898 418 929 commisisset
445 906 582 928 causam
605 897 799 937 hujusmodi
826 897 1040 931 audiendam,
1065 897 1201 927 tandem

187 951 393 981 venerabilis
412 951 516 981 frater
528 952 643 981 noster
660 951 715 993 H.‚
733 951 904 982 Ostiensis
926 952 957 981 et
979 950 1201 981 Velletrensis

187 1006 377 1043 episcopus,
405 1005 444 1034 de
474 1004 614 1043 speciali
646 1004 805 1034 mandato
834 1006 950 1034 nostro
980 1003 1046 1034 sibi
1071 1003 1157 1034 facto
1184 1013 1201 1034 a

188 1057 286 1088 nobis
314 1058 450 1088 oraculo
478 1058 553 1088 vive
577 1058 681 1092 vocis,
710 1058 943 1088 archidiacono
973 1057 1145 1088 commisit
1170 1058 1201 1087 et

188 1111 404 1141 demandavit
420 1111 528 1141 eidem
552 1112 587 1141 ut
605 1120 707 1150 super
724 1111 813 1141 dicta
830 1111 973 1141 ecclesia
993 1111 1133 1150 ejusque
1149 1111 1201 1149 ju-

185 1163 280 1194 ribus
298 1173 335 1194 ac
351 1164 568 1203 pertinentiis
588 1164 676 1194 inter
691 1166 804 1203 partes
823 1164 1003 1200 ordinaret,
1024 1165 1199 1200 statueret,

184 1217 377 1256 provideret
395 1219 427 1247 et
445 1217 639 1248 decerneret
660 1217 700 1248 de
716 1218 817 1256 plano
835 1219 866 1247 et
891 1217 963 1248 sine
979 1217 1098 1256 judicii
1116 1218 1201 1247 stre-

184 1269 270 1308 pitu,
301 1271 401 1308 prout
427 1269 492 1300 sibi
515 1271 701 1309 expediens
723 1270 905 1304 videretur,
933 1270 1048 1309 sicque
1069 1272 1104 1300 tu
1127 1278 1201 1309 pre-

187 1323 377 1353 sentialiter
404 1332 462 1362 pro
488 1325 519 1354 te
544 1333 580 1353 ac
604 1324 726 1354 Petrus
747 1324 786 1354 de
811 1324 970 1354 Fornello
995 1332 1055 1362 pro
1084 1324 1200 1354 eodem

186 1376 369 1412 Bernardo,
397 1385 416 1406 a
435 1385 500 1415 quo
524 1385 624 1415 super
642 1377 703 1406 hoc
724 1376 871 1416 speciale
885 1376 1082 1406 mandatum
1102 1376 1201 1406 habe-

186 1428 254 1463 bat,
273 1429 306 1458 in
325 1429 468 1459 eundem
486 1429 759 1460 archidiaconum
778 1432 951 1469 tamquam
969 1430 1003 1460 in
1020 1429 1198 1466 arbitrum,

187 1481 422 1512 arbitratorem
442 1484 473 1512 et
492 1483 706 1513 amicabilem
733 1483 994 1522 compositorem
1012 1491 1114 1521 super
1133 1482 1200 1512 11113

187 1537 306 1574 sponte
323 1537 354 1565 et
364 1536 574 1567 concorditer
586 1537 857 1575 compromittere
872 1536 1065 1566 curavistis.
1082 1536 1200 1566 Dictus

186 1596 265 1618 vero
285 1588 554 1625 archidiaconus,
575 1589 770 1628 hujusmodi
788 1589 1034 1627 compromisso
1052 1590 1197 1627 recepto,

186 1641 270 1670 visis
287 1642 317 1671 et
340 1641 522 1672 intellectis
541 1642 730 1672 rationibus
747 1644 778 1672 et
795 1641 1058 1680 allegationibus
1075 1641 1200 1671 utrius-

187 1702 250 1732 que
272 1694 391 1732 partis,
407 1695 594 1733 peritorum
617 1695 757 1725 consilio
780 1695 892 1725 habito
908 1695 1063 1734 jurisque
1083 1695 1199 1724 ordine

187 1747 375 1783 observato,
406 1749 437 1778 te
463 1757 595 1787 quoque
623 1750 655 1779 et
681 1748 822 1778 alterius
852 1749 958 1786 partis
982 1749 1199 1787 procuratore

185 1800 413 1838 presentibus,
432 1801 645 1839 declarando,
672 1802 870 1838 ordinando,
889 1801 1108 1840 providendo,
1134 1802 1199 1830 sta-

184 1853 320 1890 tuendo,
338 1854 558 1890 decernendo,
578 1854 773 1885 arbitrando
789 1856 889 1893 atque
906 1855 1095 1885 mandando
1111 1853 1198 1883 diffi-

183 1906 267 1936 nivit
283 1908 314 1936 et
330 1907 546 1938 sententiavit
559 1908 788 1946 supradictam
806 1908 982 1938 ecclesiam
1002 1916 1077 1937 cum
1095 1908 1200 1937 omni-

182 1958 246 1989 bus
260 1959 396 1997 juribus
409 1961 439 1990 et
454 1960 672 1999 pertinentiis
691 1961 764 1990 suis
775 1961 816 1990 ad
832 1962 863 1991 te
881 1961 920 1990 de
932 1961 1008 1999 jure
1027 1962 1195 1999 spectare:

183 2020 285 2051 quam
304 2012 546 2043 nichilominus
568 2013 630 2043 tibi
651 2013 860 2052 adjudicans,
880 2014 1009 2052 prefato
1025 2015 1196 2045 Bernardo

183 2066 345 2101 quantum
360 2065 400 2095 ad
410 2066 589 2096 rectoriam
602 2066 712 2105 ipsius
727 2067 868 2097 ecclesie
884 2067 981 2097 duxit
994 2069 1196 2106 perpetuum

182 2117 356 2148 silentium
375 2119 631 2157 imponendum,
650 2122 748 2158 prout
768 2120 801 2150 in
818 2119 953 2159 publico
968 2121 1195 2151 instrumento

182 2171 333 2201 confecto
350 2172 471 2202 exinde
491 2181 526 2202 ac
545 2172 659 2211 sigillo
678 2172 904 2204 archidiaconi
921 2174 1043 2212 prefati
1062 2174 1195 2213 signato

180 2224 316 2262 plenius
341 2225 544 2256 continetur.
568 2226 639 2256 Nos
662 2226 775 2265 itaque
798 2227 867 2257 tuis
887 2227 1194 2266 supplicationibus

180 2276 346 2314 inclinati,
366 2279 455 2317 quod
475 2279 515 2309 ab
533 2279 651 2310 eodem
669 2280 904 2311 archidiacono
923 2289 1024 2319 super
1042 2280 1109 2311 hiis
1130 2281 1194 2311 fac—

179 2331 251 2360 tum
281 2333 343 2366 est,
376 2333 487 2362 ratum
517 2334 549 2363 et
579 2333 714 2363 firmum
730 2333 905 2370 habentes,
934 2334 969 2364 id
994 2335 1194 2365 auctoritate

180 2384 366 2422 apostolica
383 2383 623 2416 confirmamus
637 2388 668 2417 et
682 2387 852 2426 presentis
869 2387 987 2426 scripti
1005 2388 1194 2426 patrocinio

182 2445 445 2468 communimus.

221 2490 387 2521 Tenorem
414 2493 528 2522 autem
559 2493 776 2523 instrumenti
807 2494 917 2532 ipsius
947 2494 987 2524 de
1021 2495 1123 2525 verbo
1152 2495 1192 2525 ad

180 2542 322 2573 verbum
362 2545 580 2582 presentibus
627 2546 770 2576 fecimus
805 2547 976 2584 annotari,
1016 2548 1073 2586 qui
1114 2548 1192 2579 talis

180 2600 231 2626 est
252 2605 258 2625 :

222 2659 237 2678 «
256 2649 295 2679 In
314 2650 450 2680 nomine
470 2651 607 2681 Domini
634 2661 744 2683 amen.
766 2653 901 2683 Dudum
920 2653 1008 2684 inter
1026 2654 1192 2685 discretos

179 2702 272 2732 viros
300 2703 500 2742 magistrum
523 2704 661 2734 Petrum
679 2705 843 2743 Corderii,
862 2707 991 2737 domini
1008 2716 1093 2746 pape
1119 2717 1193 2747 cap·

178 2755 364 2794 pellanum,
383 2758 414 2787 et
430 2756 614 2795 dompnum
633 2758 843 2789 Bernardum
862 2760 902 2790 de
916 2760 1086 2797 Fornello,
1101 2770 1193 2800 pres-

178 2808 337 2847 byterum
346 2809 585 2848 Lugdunensis
601 2810 758 2848 diocesis,
769 2820 869 2850 super
882 2813 1024 2843 ecclesia
1037 2814 1076 2844 de
1086 2814 1190 2850 Ansa,

179 2862 331 2901 ejusdem
349 2862 507 2900 diocesis,
527 2872 628 2902 quam
647 2865 788 2903 uterque
811 2864 963 2904 ipsorum
987 2867 1028 2896 ad
1042 2875 1077 2897 se
1100 2876 1192 2906 spec·
1222 2893 1223 2909 1

212 2977 233 3000 1.
252 2976 294 3001 On
311 2977 443 3008 pourrait
461 2977 515 3001 lire
532 2977 612 3002 aussi
630 2977 770 3002 Fomellis.

2236 289 2271 316 31

1265 367 1336 395 tare
1364 365 1505 402 dicebat,
1536 368 1608 397 orta
1635 367 1775 397 materia
1801 369 2003 406 questionis,
2019 370 2151 399 tandem
2174 380 2275 399 causa

1266 418 1339 457 ipsa
1351 419 1392 449 ad
1405 419 1517 449 sedem
1534 420 1753 458 apostolicam
1773 428 1830 458 per
1848 421 2109 459 appellationem
2128 422 2274 461 legitimo

1265 471 1435 507 devoluta,
1464 473 1702 502 sanctissinum
1732 475 1827 511 pater
1854 475 1884 503 et
1912 474 2070 504 dominus
2088 475 2141 510 11,
2162 475 2273 505 divina

1264 525 1478 562 providentia
1514 534 1669 555 summus
1700 526 1863 564 pontifex.
1885 527 2114 557 venerabilem
2147 530 2275 565 patrem

1265 577 1439 607 dominum
1459 578 1639 611 M.,sancte
1659 579 1763 608 Marie
1781 579 1811 608 in
1830 580 1965 609 Porticu
1982 580 2160 609 diaconum
2174 581 2275 610 cardi-

1264 630 1385 667 nalem,
1403 631 1492 660 dedit
1513 631 1545 660 in
1563 640 1663 661 causa
1689 632 1763 670 ipsa
1786 632 1940 670 partibus
1959 633 2158 663 auditorem.
2179 634 2274 663 Cum-

1264 691 1328 721 que
1346 684 1561 722 postmodum
1580 684 1667 713 idem
1694 684 1851 714 (lominus
1875 685 2058 715 cardinalis
2082 685 2189 719 nohis,
2210 694 2275 715 nia-

1263 736 1368 775 gistro
1384 737 1540 773 Johanni,
1560 737 1794 768 archidiacono
1808 738 2028 768 Tricastrino.
2047 739 2174 768 domini
2193 748 2276 777 pape

1263 789 1472 827 cappellano,
1495 790 1653 820 familiari
1672 790 1781 829 ipsius
1796 791 1990 824 cardinalis,
2011 800 2145 821 causam
2167 792 2275 829 ipsam

1263 843 1473 873 commiserit
1505 844 1718 877 audiendam,
1761 844 1895 874 tandem
1932 844 2072 883 prefatis
2114 845 2275 883 magistro

1263 895 1362 925 Petro
1385 904 1445 934 pro
1471 905 1506 926 se
1529 899 1559 926 et
1588 897 1733 935 dompno
1753 897 1853 927 Petro
1877 898 1916 927 de
1936 897 2101 927 Fornellis
2120 907 2275 936 len-octua-

1262 949 1333 978 tore
1350 949 1458 987 ipsius
1477 950 1615 988 dompni
1630 950 1792 980 Bernardi
1809 959 1867 988 pro
1878 950 1951 989 ipso
1967 951 2147 985 Bernardo,
2163 959 2274 980 coram

1263 1001 1361 1031 nohis
1385 1011 1486 1041 super
1509 1003 1596 1033 dicte
1615 1012 1713 1033 cause
1733 1004 1968 1042 prosecutione
1987 1004 2138 1042 legitime
2155 1005 2275 1034 consti-

1262 1055 1358 1091 tutis,
1376 1055 1528 1094 prefatus
1547 1056 1708 1095 magister
1726 1057 1847 1087 Petrus
1864 1056 2018 1087 libellum
2038 1056 2135 1087 nobis
2153 1057 2273 1087 obtulit

1262 1107 1297 1137 in
1312 1107 1399 1138 hunc
1416 1109 1553 1139 modum
1575 1120 1580 1139 :

1303 1172 1317 1189 «
1337 1162 1458 1192 Coram
1480 1161 1588 1196 vobis,
1606 1163 1789 1193 reverendo
1812 1164 1906 1201 patre
1928 1163 2064 1193 domino
2085 1163 2141 1199 M„
2162 1165 2275 1193 sancte

1265 1224 1278 1242 1)
1296 1214 1401 1245 Marie
1420 1215 1453 1245 in
1474 1216 1610 1246 Porticu
1627 1216 1767 1246 diacono
1785 1216 1960 1246 cardinali.
1977 1216 2133 1254 proponit
2154 1216 2184 1245 in
2200 1216 2275 1255 jure

1265 1278 1278 1296 1)
1297 1268 1459 1307 magister
1477 1269 1599 1299 Petrus
1616 1269 1781 1305 Corderii‚
1798 1269 1926 1299 domini
1943 1278 2027 1308 pape
2043 1269 2272 1308 cappellanus,

1264 1330 1278 1349 1)
1298 1322 1414 1351 contra
1436 1322 1620 1360 dompnum
1638 1323 1846 1353 Bernardum
1866 1322 1905 1352 de
1929 1322 2097 1352 Fornellis
2121 1330 2178 1352 sen
2202 1323 2274 1362 ejus

1264 1384 1278 1403 1)
1297 1375 1487 1413 legitimum
1506 1377 1759 1414 procuratorem
1792 1375 1906 1405 dicens
1940 1376 2039 1414 quod,
2075 1385 2149 1405 cuni
2184 1376 2273 1406 idem

1264 1438 1278 1456 )>
1298 1428 1456 1458 dominus
1472 1437 1558 1467 papa
1576 1428 1724 1467 predicto
1737 1429 1898 1467 magistro
1916 1428 2092 1458 ecclesiam
2112 1429 2151 1458 de
2170 1429 2272 1463 Ausa,

1263 1491 1277 1509 »
1296 1481 1535 1519 Lugdunensis
1560 1481 1717 1515 diocesis,
1735 1482 1908 1511 vacantem
1935 1490 1993 1520 per
2014 1483 2156 1511 mortem
2180 1482 2272 1511 Petri

1263 1544 1277 1562 »
1296 1534 1453 1570 Pachout,
1479 1535 1620 1565 rectoris
1637 1535 1801 1573 ejusdem,
1818 1534 1999 1564 contulerit
2014 1537 2044 1564 et
2072 1535 2196 1564 annulo
2213 1543 2272 1564 suo

1264 1598 1277 1615 ι)
1298 1596 1374 1617 911111
1393 1588 1581 1618 investierit
1600 1588 1851 1626 11›i·esentialiter
1869 1588 1908 1617 de
1926 1588 2052 1622 eadem,
2070 1589 2099 1617 et
2121 1587 2272 1617 decreve-

1263 1640 1338 1670 »rit
1362 1640 1496 1670 irritum
1521 1642 1552 1670 ct
1578 1641 1676 1670 inane
1701 1641 1730 1669 si
1756 1649 1854 1670 secus
1877 1641 1916 1670 de
1939 1640 2026 1670 dicta
2052 1640 2194 1669 ecclesia
2212 1648 2272 1678 per

1262 1702 1276 1720 ))
1297 1701 1543 1731 quemcumque
1558 1694 1614 1723 aut
1631 1702 1861 1732 quoscumque
1879 1693 2063 1731 apostolica
2082 1693 2132 1722 vel
2151 1692 2271 1731 quavis

1262 1755 1275 1773 11
1296 1746 1361 1775 alia
1380 1746 1578 1776 auctoritate
1603 1746 1778 1785 ‹ja-nitigerit
1805 1745 2009 1784 attelnptaii,
2031 1746 2185 1784 idemque
2204 1754 2271 1774 ina-

1262 1810 1275 1827 »
1295 1799 1399 1838 gister
1432 1799 1469 1828 P.
1502 1799 1754 1836 possessionem
1780 1799 1866 1828 dicte
1893 1798 2033 1828 ecclesie
2061 1798 2271 1836 corporalem

1262 1863 1275 1881 11
1294 1853 1451 1883 canonice
1471 1853 1571 1883 fuerit
1591 1853 1744 1891 adeptus,
1766 1855 1800 1883 ut
1823 1852 1856 1882 in
1876 1852 2002 1882 litteris
2025 1852 2222 1890 apostolicis
2240 1854 2271 1882 et

1261 1916 1275 1934 11
1295 1906 1441 1944 publicis
1463 1906 1700 1936 instrumentis
1726 1906 1801 1935 inde
1827 1905 1989 1935 consectis
2007 1905 2142 1944 plenius
2169 1905 2273 1935 conti—

1260 1969 1275 1987 »
1296 1962 1403 1996 netur,
1429 1960 1539 1989 dictus
1561 1960 1729 1998 dompnus
1751 1959 1944 1990 Bernardus
1969 1967 2089 1997 gerens
2109 1967 2143 1988 se
2170 1960 2272 1988 recto-

1261 2023 1275 2041 »
1295 2022 1364 2043 reni
1384 2013 1470 2044 dicte
1498 2013 1637 2043 ecclesie
1664 2013 1774 2051 ipsam
1800 2021 1875 2042 cum
1901 2012 1973 2050 ejus
1999 2011 2214 2050 pertinentiis
2239 2014 2270 2041 et

1260 2076 1274 2095 »
1294 2066 1499 2105 appenditiis
1515 2066 1627 2096 minus
1641 2065 1731 2104 juste
1746 2066 1901 2095 detinens
1916 2066 2123 2103 occupatam,
2143 2064 2271 2094 dictum

1259 2129 1274 2147 ))
1295 2119 1496 2158 mag1strum
1520 2120 1556 2148 P.
1588 2128 1646 2148 seu
1672 2118 1743 2157 ejus
1772 2120 2024 2157 procuratorem
2053 2118 2186 2147 nomine
2209 2126 2270 2148 suo

1259 2183 1273 2201 »
1292 2173 1433 2211 impedit
1453 2175 1484 2202 et
1504 2171 1676 2211 perturbat
1696 2175 1728 2202 et
1747 2180 1782 2202 se
1803 2171 1939 2210 opponit
1962 2171 2090 2201 eisdem
2110 2170 2270 2206 indebite,

1260 2226 1474 2265 »quominus
1498 2226 1630 2264 possint
1656 2226 1742 2255 dicte
1767 2225 1908 2255 ecclesie
1934 2226 1965 2254 et
1988 2223 2270 2262 pertinentiarum

1259 2290 1273 2308 »
1293 2280 1365 2319 ejus
1381 2280 1519 2318 pacifica
1535 2279 1750 2318 possessione
1763 2278 1919 2317 gaudere.
1935 2278 2045 2313 Quare
2058 2277 2141 2315 petit
2159 2277 2270 2306 dictus

1258 2344 1272 2362 »
1291 2333 1453 2372 magister
1467 2333 1591 2363 dictam
1605 2332 1782 2362 ecclesiam
1799 2341 1873 2362 cum
1889 2330 2103 2369 pertinentiis
2118 2330 2191 2359 suis
2203 2329 2270 2359 sibi

1258 2398 1272 2416 »
1292 2387 1489 2426 adjudicari,
1512 2388 1544 2416 et
1572 2386 1660 2416 dicto
1682 2386 1828 2423 dompno
1855 2384 2025 2414 Bernardo
2050 2392 2151 2421 super
2175 2392 2213 2412 ea
2238 2384 2270 2412 et

1257 2451 1272 2470 1)
1290 2441 1363 2480 ejus
1381 2439 1597 2479 pertinentiis
1617 2439 1791 2469 silentium
1814 2439 2014 2477 perpetuum
2034 2436 2174 2475 imponi,
2192 2444 2267 2466 cum

1257 2494 1344 2533 »jus
1362 2502 1428 2524 non
1450 2493 1569 2523 habeat
1588 2493 1621 2522 111
1646 2492 1784 2528 eisdem,
1805 2493 1836 2522 et
1856 2500 1895 2521 ne
1921 2491 2049 2520 dictum
2067 2489 2268 2528 magistrum

1256 2557 1270 2576 >i
1291 2548 1430 2578 Petrum
1464 2546 1623 2585 impediat
1656 2545 1839 2584 quominus
1870 2544 1978 2582 possit
2013 2543 2101 2572 dicta
2127 2542 2267 2580 pacifica

1256 2611 1271 2630 1)
1291 2601 1508 2640 possessione
1526 2600 1683 2639 gaudere,
1704 2601 1735 2629 et
1757 2606 1831 2628 eam
1848 2597 2025 2628 ecclesiam
2045 2595 2268 2634 cumjuribus

1256 2664 1270 2683 1)
1289 2656 1320 2685 et
1338 2653 1554 2693 pertinentiis
1574 2653 1646 2683 suis
1674 2653 1705 2682 et
1732 2650 1898 2681 fructibus
1919 2652 1951 2681 et
1969 2647 2229 2680 obventionibus
2249 2656 2267 2678 a

1256 2718 1270 2737 »
1288 2708 1376 2738 dicto
1392 2707 1537 2746 dompno
1547 2705 1718 2737 Bernardo
1734 2705 1786 2735 vel
1796 2704 1837 2734 ab
1854 2704 1933 2740 alio,
1947 2703 2019 2742 ejus
2035 2702 2191 2732 mandato
2206 2709 2266 2730 seu

1256 2771 1270 2791 »
1289 2761 1424 2791 nomine
1437 2759 1618 2799 perceptis,
1633 2768 1718 2798 quos
1738 2758 1880 2788 extimat
1895 2755 2146 2787 centumlibras
2164 2754 2266 2784 Vien-

1256 2825 1270 2843 1)
1289 2814 1418 2844 niensis
1445 2815 1589 2849 monete,
1607 2811 1673 2842 sibi
1694 2810 1839 2846 restitui,
1854 2810 1888 2840 in
1907 2808 2030 2848 quibus
2050 2807 2207 2838 omnibus
2233 2808 2266 2836 et

1256 2878 1270 2897 ))
1289 2867 1434 2906 singulis
1448 2866 1532 2905 petit
1550 2865 1663 2904 ipsum
1680 2865 1865 2902 dompnum
1880 2864 1916 2893 B.
1935 2870 1994 2901 per
2010 2870 2068 2891 vos
2086 2859 2266 2890 sententia·

1256 2931 1270 2950 1)
1288 2921 1366 2951 liter
1379 2918 1605 2950 condemnari.
1620 2918 1689 2948 Hec
1704 2917 1787 2956 petit
1802 2916 1896 2946 salvo
1911 2915 1986 2953 jure
2005 2915 2078 2947 etc,
2091 2915 2120 2943 et
2137 2913 2265 2951 protes—

1256 2984 1271 3003 »
1289 2974 1380 3004 tatur
1396 2972 1435 3003 de
1458 2971 1619 3011 expensis
1635 2972 1667 3001 et
1684 2969 1773 3008 quod
1790 2977 1855 2998 non
1874 2966 2030 3005 astringit
2045 2974 2079 2995 se
2097 2965 2136 2994 ad
2151 2964 2264 2995 onmia
