2659 3242
157 472 233 503 1264
318 475 443 504 orvieto.

135 523 216 552 avril
238 519 287 551 22.
359 540 399 544 -

165 863 177 879 »
250 865 261 880 ‚,
354 872 393 876 -

162 1196 174 1212 »
213 1183 264 1214 23.
346 1203 384 1207 ——

159 1772 171 1788 n
223 1759 274 1790 24.
345 1777 385 1782 -—

156 2448 169 2464 1>
238 2447 250 2462 ))
344 2452 383 2457 -“

204 2767 245 2798 25
254 2792 260 2799 .
280 2744 290 2748 -
331 2785 371 2790 -

927 257 1098 289 TABLES
1124 259 1432 294 DU.REGISTRE
1457 261 1668 292 D’URBAIN
1695 264 1739 294 IV
2469 276 2534 309 205

1068 352 1154 378 Pages.
1176 353 1305 375 Numeros.

501 405 600 431 cutor.
1101 420 1164 440 tome
1180 421 1210 442 lll

541 478 686 506 Rolando
713 480 752 506 de
778 481 954 514 Ferentino,
975 482 1088 508 rectori
1107 480 1186 521 1253
1208 481 1213 521 1
1232 483 1308 510 1666

505 526 652 554 ecclesiae
669 534 692 555 S.
710 529 737 555 V
741 529 855 556 allerici
874 530 912 557 de
930 530 1098 565 Wallectis‚

500 575 767 610 Rothomagensis
779 578 918 610 diocesis,
934 579 1096 613 capellano

500 625 540 656 J.y
564 631 602 651 ss.
624 625 756 652 Cosmae
776 627 808 652 et
829 626 976 654 Damiani
996 627 1098 654 diaco-

500 672 532 698 ni
555 673 730 706 cardinalis‚
756 675 979 702 canonicatum
1002 676 1096 702 eccle-

499 720 563 747 siae
602 722 846 750 Herlebecensis.
889 725 1096 751 Tornacensis

498 769 637 803 diocesis,
656 772 687 798 et
707 772 920 805 praebendam
944 773 1075 801 confert.
1096 786 1160 806 tom<—
1176 786 1206 808 m

539 858 701 885 ,Iohannes
722 859 760 885 de
780 859 965 892 Sarmineto,
980 860 1080 894 capel-
1101 858 1181 898 [254
1203 859 1208 899 1
1226 861 1303 889 1667

495 906 587 932 lanus
617 907 817 941 apostolicus,
850 908 1033 935 parisiensis
1062 910 1095 936 et

494 955 654 982 Jordanus
675 955 817 989 Signorili
849 956 1095 984 Gerboradensis

493 1003 693 1030 Belvacensis
712 1004 911 1031 ecclesiarum
930 1007 1108 1040 canonicos,

493 1051 675 1085 praedictae
707 1052 883 1079 collationis
908 1054 1104 1088 deputantur

495 1101 687 1128 executores,
1094 1116 1158 1135 tome
1173 1116 1204 1137 ιιι

531 1188 716 1222 Praeposito
743 1188 890 1216 ecclesiae
915 1196 937 1217 s,
957 1190 1081 1224 Georgii
1101 1189 1179 1229 [332
1201 1189 1302 1230 12067

492 1236 714 1270 Strigoniensis
744 1238 877 1264 mandat
908 1239 945 1264 ut
975 1238 1087 1272 Egidio

493 1285 679 1319 presbytero
715 1286 875 1313 „lauriensi
919 1287 975 1321 qui
1021 1295 1093 1314 cum

494 1333 646 1367 magistro
675 1334 778 1367 Xisto,
810 1335 972 1369 capellano
1002 1343 1091 1370 apos-

493 1382 596 1415 tolieo,
624 1382 734 1409 clerico
759 1384 791 1410 et
814 1384 928 1410 nuntio
959 1384 1038 1418 regis
1062 1386 1094 1412 et

494 1431 620 1465 reginae
639 1432 829 1466 Hungariae‚
851 1439 914 1458 non
934 1433 1095 1460 modicum

492 1479 652 1506 laboravit
675 1487 731 1514 pro
754 1481 937 1507 corumdem
959 1481 1039 1516 regis
1061 1483 1094 1509 et

493 1528 618 1562 reginae
639 1529 806 1563 obsequiis,
831 1529 862 1555 in
885 1529 1013 1557 ecclesia
1033 1531 1091 1558 Ba-

492 1577 588 1609 densi,
608 1577 871 1612 Wesprumiensis
895 1578 1035 1612 diocesis,
1060 1579 1092 1606 in

493 1626 680 1653 canonicum
736 1627 793 1652 sub
849 1628 1089 1661 exspectatione

494 1675 694 1709 praebendae
725 1675 821 1709 recipi
852 1675 959 1703 saciat.
1093 1689 1157 1709 tome
1172 1690 1202 1712 111

529 1762 738 1789 Thesaurario
771 1762 1021 1789 Cathalaunensi
1045 1765 1077 1791 et
1098 1763 1178 1802 1427
1199 1764 1299 1804 12534

493 1810 659 1837 scolastico
684 1811 896 1844 Palatiolensi,
922 1814 1091 1840 Treveren-

493 1859 534 1885 sis
565 1859 705 1892 diocesis,
740 1860 872 1887 mandat
904 1861 939 1886 ut
970 1861 1090 1888 Johan-

494 1915 565 1935 nem
600 1909 638 1935 de
671 1910 926 1941 Franzeremont‚
964 1910 1090 1936 canoni-

492 1965 564 1984 cum
605 1960 838 1990 Treverensem,
883 1958 922 1983 ob
964 1959 1089 1991 gratam

491 2006 677 2032 memoriam
717 2006 880 2041 quondam
923 2007 1088 2040 Symeonis

490 2055 529 2081 de
551 2054 823 2087 Franchiremont,
839 2055 982 2081 canonici
1005 2058 1077 2084 Tre-

488 2103 636 2136 verensis‚
659 2103 758 2137 ipsius
778 2103 893 2137 patrui,
916 2103 949 2129 in
968 2110 1088 2138 posses-

492 2152 611 2178 sionem
647 2151 780 2178 mittant
816 2151 1021 2178 canonicatus
1055 2154 1088 2180 et

488 2201 688 2235 praebendae
713 2200 900 2227 vacantium
925 2207 980 2235 per
1005 2208 1085 2228 mor—

487 2251 551 2276 tem
565 2249 708 2283 magistri
721 2249 879 2275 Guillelmi
893 2250 931 2275 de
941 2249 1087 2277 Chanan-

487 2298 561 2331 ceio‚
584 2297 617 2324 in
636 2297 765 2324 ecclesia
785 2304 807 2325 s,
830 2297 994 2332 symeonis
1013 2302 1084 2327 Tre-

485 2346 633 2374 verensis.

530 2436 576 2462 De
606 2434 791 2462 roborandis
821 2435 980 2461 nonnullis
1015 2442 1086 2463 con-
1108 2434 1189 2475 1383
1211 2435 1292 2476 1793

485 2485 642 2512 tractibus
655 2484 765 2511 contra
779 2483 983 2510 inhibitiones
995 2491 1084 2519 apos-

486 2533 599 2561 tolicas
632 2532 664 2558 in
696 2531 859 2567 provincia
890 2531 1085 2567 Campaniae

485 2583 518 2609 et
549 2581 729 2608 Maritimae
760 2580 848 2607 initis
879 2580 911 2607 in
940 2580 1084 2608 favorem

485 2631 534 2664 R,
563 2630 673 2658 Sancti
697 2629 809 2664 Angeli
834 2629 959 2657 diaconi
984 2629 1083 2657 cardi-

483 2679 573 2707 nalis.

518 2768 565 2795 Ne
599 2768 640 2795 ad
678 2767 892 2802 praesentiam
933 2766 1088 2802 apostoli·
1110 2765 1188 2806 1384
1209 2764 1290 2807 1794

482 2824 560 2850 cam,
574 2816 699 2844 ratione
713 2815 875 2844 citationis
891 2815 950 2842 sibi
964 2815 1079 2849 iactae,

481 2866 612 2894 veniant
650 2864 794 2900 indulget
835 2864 998 2892 nobilibus
1034 2865 1082 2892 vi-

1363 752 1442 781 avril
1463 751 1512 782 25.

1387 2153 1398 2167 ))

1474 998 1485 1011 J)

1474 1476 1485 1491 >J

1454 1854 1503 1884 27.

1468 2153 1478 2166 ))

1445 2763 1496 2793 28.

2294 366 2378 393 Panes.
2401 368 2531 391 Numeros.

1726 430 1770 456 ris
1791 431 1929 458 Johanni
1950 432 2077 466 Rogerii
2095 434 2132 459 de
2148 433 2325 462 Vallemon-

1728 479 1810 513 tone,
1822 486 1941 506 necnon
1955 481 2048 508 Petro
2062 482 2197 516 Imgerii,
2207 483 2325 510 Johan-

1726 527 1993 555 nideCanturano
2002 531 2217 557 acheredibus
2227 539 2325 566 quon-

1727 575 1800 601 dam
1817 577 1980 604 Tholomei
1995 580 2030 605 de
2044 579 2282 606 Vailcmentone
2294 581 2327 607 et

1727 625 1865 651 Johanni
1902 626 1940 651 (le
1978 627 2165 662 Sarmineto‚
2200 629 2327 656 civibus

1724 674 1912 706 Anagninis.

1732 758 1891 785 Diffinitio
1910 760 1992 785 inter
2009 760 2121 786 fratres
2138 768 2230 795 super
2246 769 2331 789 sena-
2354 763 2357 801 1
2373 764 2432 791 386
2453 764 2458 803 1
2476 765 2534 793 798

1724 808 1759 832 tu
1789 807 1881 833 Urbis
1904 809 1935 834 et
1956 815 2050 839 regno
2072 809 2193 836 Siciliae
2220 811 2324 837 dando

1723 855 1819 881 nobili
1835 855 1902 881 viro
1915 857 2118 889 Anclegaviae
2138 864 2173 883 ac
2195 859 2323 885 Provin—

1723 904 1789 930 ciae
1804 904 1920 931 comiti.
2326 921 2389 940 tome
2404 921 2435 942 ιιι

1762 992 1913 1025 Magistro
1931 993 2090 1019 Bernardo
2116 994 2154 1019 de
2178 995 2308 1028 Littera,
2333 994 2412 1033 {252
2434 995 2439 1035 1
2458 995 2534 1024 1662

1725 1041 1876 1067 canonico
1910 1041 2122 1068 Ambianensi.
2160 1043 2322 1077 capellano

1724 1090 1763 1122 J.y
1788 1096 1810 1116 s.
1836 1089 1955 1116 Nicolai
1977 1090 2007 1116 in
2027 1092 2158 1117 ‹larccre
2178 1092 2322 1119 Tulliano

1724 1138 1848 1164 diaconi
1875 1139 2051 1166 cardinalis.
2082 1142 2258 1167 trecensum
2286 1142 2325 1168 de

1728 1187 1907 1220 Syroucort.
1932 1188 2085 1215 'tullensis
2107 1189 2246 1217 diocesis,
2270 1197 2324 1216 va-

1725 1237 1850 1262 cantem
1877 1242 1931 1270 per
1957 1238 2090 1262 mortem
2117 1237 2246 1266 Juliani,
2276 1245 2321 1264 ar-

1724 1284 1901 1310 chidiaconi
1931 1285 2089 1317 Metcnsisy
2120 1286 2175 1320 qui
2204 1293 2275 1312 eum
2305 1294 2321 1313 a

1726 1333 1916 1359 monasterio
1941 1333 2157 1359 Homaricensi
2180 1335 2320 1368 tenebat,

1726 1381 1857 1408 confert.
2323 1397 2386 1416 tome
2402 1397 2432 1418 111

1766 1468 1893 1501 Hugoni
1919 1469 2039 1501 Rubeoy
2060 1470 2240 1504 praeposito
2260 1477 2306 1497 ec—
2328 1469 2408 1509 1427
2430 1469 2530 1510 [2535

1724 1516 1835 1543 clesiae
1858 1518 2044 1550 Parmensis,
2064 1519 2195 1545 mandat
2219 1520 2264 1551 ut,
2282 1520 2321 1546 ab

1720 1566 1852 1598 Agnete⁷
1883 1566 2044 1593 abbatissa
2079 1567 2262 1593 monasterii
2296 1574 2319 1595 s.

1720 1614 1810 1640 Pauli
1843 1614 2029 1647 Parmensis,
2055 1615 2150 1641 libera
2182 1615 2318 1649 resigna-

1720 1663 1806 1689 tione
1833 1664 1968 1697 recepta,
1998 1664 2099 1689 eidem
2126 1664 2318 1690 monasterio

1720 1717 1887 1746 personam
1909 1712 2054 1738 idoneam
2077 1712 2248 1746 praeficere
2269 1720 2319 1740 cu-

1720 1762 1777 1787 ret.

1762 1858 1807 1883 De
1828 1858 1987 1883 nonnullis
2008 1858 2157 1887 religiosis
2183 1859 2324 1892 personis
2345 1858 2348 1898 1
2365 1859 2426 1886 400
2446 1858 2451 1899 1
2468 1857 2528 1887 828

1720 1913 1737 1932 a
1781 1906 1938 1932 sententia
1984 1907 2320 1934 excommunicationis

1720 1955 1920 1981 absolvendis
1956 1956 2156 1989 privilegium
2190 1956 2317 1989 Simoni,

1721 2003 1805 2030 tituli
1833 2010 1855 2030 s.
1882 2004 2016 2031 ceciliae
2042 2005 2226 2039 presbytero
2253 2012 2317 2032 car-

1719 2053 1825 2087 dinan,
1854 2053 2045 2080 conceditur.
2319 2068 2383 2086 tome
2398 2067 2428 2088 ιιι

1758 2141 1945 2175 Magistrum
1974 2141 2162 2167 Hiccardum
2183 2142 2221 2168 de
2247 2143 2303 2168 Po-
2326 2142 2404 2181 {436
2426 2141 2522 2182 12591

1716 2190 1755 2216 fis
1773 2191 1810 2216 de
1828 2190 2001 2224 capellania
2018 2192 2184 2224 spectante
2201 2191 2240 2217 ad
2257 2192 2316 2218 col-

1715 2239 1867 2265 lationem
1885 2238 2025 2272 episcopi
2041 2239 2200 2270 Mctensis„
2218 2247 2314 2274 quam

1714 2287 1878 2322 quondam
1905 2287 2060 2318 Julianus,
2091 2287 2241 2313 Metensis
2268 2295 2314 2314 ar-

1715 2336 1929 2367 chidiaconus,
1970 2335 2152 2369 capellanus
2189 2338 2315 2370 aposto-

1713 2385 1799 2415 licus
1826 2390 1926 2417 nuper
1950 2384 2035 2417 apud
2060 2384 2164 2409 sedem
2188 2386 2314 2418 aposto-

1713 2433 1806 2461 licam
1845 2433 1914 2458 vita
1952 2432 2092 2464 functus,
2135 2433 2310 2466 obtinebat,

1713 2488 1834 2508 necnon
1853 2482 1891 2507 de
1909 2482 1994 2508 curia
2013 2488 2065 2507 seu
2086 2483 2167 2508 terra
2185 2482 2224 2507 de
2242 2481 2311 2508 Die-

1712 2531 1840 2561 veleres,
1869 2530 1907 2556 de
1934 2531 2082 2556 Pandons
2107 2532 2139 2556 et
2165 2530 2204 2556 de
2228 2530 2311 2557 Juri-

1713 2581 1812 2610 mont,
1831 2586 1930 2613 quarn
1947 2578 2030 2605 idem
2048 2578 2195 2605 Julianus
2213 2585 2230 2606 a
2247 2585 2311 2605 mo-

1711 2627 1850 2654 nasterio
1870 2634 1895 2664 s.¹
1915 2627 2070 2661 Arnulphi
2089 2627 2240 2653 Metensis
2259 2627 2311 2653 ob-

1712 2676 1819 2709 tinuit,
1836 2682 1891 2710 per
1904 2676 2056 2702 annulum
2070 2676 2211 2703 investit.

1741 2763 1950 2793 caniensibus
1962 2762 2119 2797 significat
2132 2769 2206 2790 suae
2218 2763 2317 2790 inten-
2338 2761 2343 2802 1
2358 2761 2419 2791 279
2439 2761 2445 2803 1
2460 2763 2518 2791 553

1710 2812 1807 2839 tionis
1836 2818 1900 2838 non
1930 2811 2075 2838 extitisse
2104 2811 2230 2846 privare
2259 2817 2312 2838 eos

1710 2860 1882 2896 episcopali
1912 2860 2070 2895 dignitate
2099 2860 2152 2887 sed
2182 2861 2310 2888 tantum
