2519 3262
200 227 240 258 60

199 308 422 348 procedamus
451 308 491 337 ad
511 307 714 337 amotionem
730 305 802 343 ejus
817 304 869 334 vel
888 303 954 333 alia
972 302 1210 342 provideamus

201 362 235 392 in
253 361 318 391 hiis
345 361 431 391 sicut
458 360 643 390 viderimus
663 358 863 388 faciendum,
885 356 979 386 Nulli
999 364 1077 393 ergo
1098 355 1211 384 nostre
1241 392 1243 401 ,

200 414 467 444 confirmationis
485 415 517 443 et
533 412 678 451 precepti
698 412 758 441 etc.
780 411 903 440 Datum
922 409 1009 447 apud
1030 407 1212 438 Urbemve-
1241 434 1242 439 ,

1241 463 1242 484 3
1272 459 1350 489 vina
1373 459 1602 489 Tusculanum
1631 459 1839 497 episcopum.
1857 458 1947 489 dedit
1977 459 2131 497 partibus
2158 459 2288 490 audito—

200 469 318 503 terem,
338 477 366 496 vi
385 466 547 496 kalendas
566 465 696 503 aprilis,
712 472 798 493 anno
817 462 927 492 tertio.
950 472 965 490 i)

801 612 925 651 Orvielo,
941 621 975 648 23
987 619 1045 646 mai
1063 619 1138 647 1264.

291 626 385 657 1063

234 709 320 736 Ebolo
347 707 484 739 Dornbac,
511 706 648 733 canonico
674 705 881 736 Lemovicensi,
908 704 1102 739 praebendam
1121 703 1148 730 in
1164 710 1208 730 ec-

197 757 285 785 clesia
296 755 491 783 Lemovicensi
509 757 544 782 ab
566 756 691 787 Gildone,
714 756 848 789 episcopo
872 754 1032 781 Tusculano
1061 753 1208 788 adjudica-

197 808 268 837 tam,
287 806 448 833 confirmat.
469 805 549 835 (nm.
571 805 615 834 29,
638 803 687 831 tol.
704 804 747 835 ol,
766 809 796 830 n‘²
816 804 888 835 112.)

239 914 253 933 ((
286 902 384 933 Ebolo
410 902 551 932 Dornlzccc
580 906 600 938 1,
630 902 813 932 subdiacono
836 906 951 938 nostro,
982 901 1127 930 canonico
1153 899 1208 930 Le-

197 957 368 986 movicensi.
391 957 435 986 Ea
453 964 517 994 que
535 955 663 994 judicio
688 956 750 986 etc.
769 972 808 976 -
827 955 913 986 Sane
936 954 1055 993 petitio
1074 956 1131 984 tua
1150 962 1209 984 no-

197 1009 250 1040 his
276 1009 427 1040 exhibita
443 1008 634 1039 continebat
656 1008 755 1047 quod,
771 1017 845 1038 cum
867 1008 900 1037 in
916 1016 1018 1038 causa
1040 1016 1104 1046 que
1124 1007 1209 1038 inter

197 1063 241 1099 te,
258 1071 299 1093 ex
317 1063 411 1101 parte
424 1071 500 1096 una,
521 1063 553 1092 et
570 1061 712 1092 dilectos
727 1061 816 1091 filios
833 1084 856 1091 ..
877 1061 1052 1097 decanum,
1071 1062 1103 1091 et
1121 1060 1209 1099 capi-

196 1116 306 1146 tulum
319 1115 459 1146 ecclesie
470 1114 723 1145 Lemovicensis
734 1123 835 1153 super
846 1114 1040 1153 provisione
1051 1113 1112 1144 tibi
1122 1113 1209 1144 facta

197 1169 236 1200 de
249 1169 456 1199 canomicatu
471 1167 580 1206 ipsius
593 1168 733 1198 ecclesie
748 1176 808 1206 per
826 1167 1053 1198 venerabilem
1070 1168 1207 1197 fratrem

197 1224 349 1253 nostrum
373 1245 394 1251 ..
425 1221 718 1260 archiepiscopum
735 1221 1032 1260 Burdegalensem,
1065 1220 1208 1251 auctori-

195 1276 262 1306 tate
273 1274 469 1314 apostolica,
480 1283 520 1304 ex
533 1273 859 1310 altera,vertebatur,
868 1282 926 1312 per
934 1274 1206 1312 appellationem,

195 1329 348 1368 ipsorum
380 1327 495 1357 decani
516 1328 547 1357 et
567 1327 705 1365 capituli
724 1327 765 1356 ad
781 1327 894 1357 sedem
915 1327 1134 1365 apostolicam
1164 1327 1207 1356 le-

195 1382 311 1421 gitime
329 1381 497 1416 devoluta,
512 1380 740 1410 venerabilem
755 1380 892 1410 fratrem
910 1382 1063 1410 nostrum
1079 1405 1083 1410 .
1100 1405 1104 1410 .
1122 1380 1208 1418 epis-

195 1443 315 1473 copum
343 1433 586 1470 Tusculanum⁷
606 1433 800 1463 dederimus
826 1433 979 1471 partibus
1007 1433 1206 1467 auditorem,

195 1487 285 1517 idem
306 1486 497 1525 episcopus,
516 1486 659 1524 cognitis
676 1486 784 1524 ipsius
805 1494 903 1515 cause
921 1486 1051 1516 meritis
1071 1487 1103 1515 et
1119 1486 1207 1525 Juris

194 1540 312 1570 ordine
336 1539 526 1574 observato,
541 1539 790 1569 sententialiter
807 1539 1037 1577 pronuntiavit
1061 1539 1207 1577 appella-

194 1592 562 1631 tionempredictorum
582 1592 698 1622 decani
711 1593 743 1621 et
761 1591 899 1630 capituli
917 1591 1131 1630 illegitimam
1151 1600 1205 1622 ex-

193 1646 317 1681 titisse,
342 1648 372 1676 et
395 1645 624 1684 provisionem
642 1645 764 1675 factam
780 1644 841 1674 tibi
861 1645 900 1674 de
915 1644 1112 1674 canonicatu
1134 1653 1206 1683 pre-

193 1699 281 1729 dicto
306 1700 338 1729 et
361 1706 557 1737 processum
583 1707 684 1736 super
716 1698 776 1728 hoc
803 1697 953 1727 habitum
975 1698 1082 1728 fuisse
1098 1698 1207 1737 legIti-

194 1760 298 1789 mum,
321 1753 352 1782 et
377 1751 451 1790 ipsa
470 1751 572 1782 etiam
591 1751 803 1781 confirmavit
818 1751 994 1781 declarans
1016 1760 1074 1790 per
1090 1751 1205 1790 liujus-

193 1805 284 1836 modi
303 1805 504 1835 sententiam
522 1807 551 1836 te
568 1804 690 1835 babere
703 1804 759 1843 jus
777 1805 810 1834 in
825 1805 1022 1834 canonicatu
1042 1805 1203 1842 predicto,

193 1859 292 1897 teque
315 1858 436 1888 debere
464 1858 567 1896 recipi
586 1858 619 1887 in
633 1858 831 1887 canonicum
852 1859 883 1887 et
902 1858 934 1887 in
949 1858 1087 1887 l'ratreni
1104 1858 1206 1888 eccle-

194 1911 243 1941 sie
271 1911 474 1949 supradicte,
504 1911 674 1949 predictos
701 1911 862 1941 decanum
896 1912 926 1940 et
957 1911 1142 1948 capitulum
1164 1911 1205 1941 ad

192 1964 253 1995 hoc
274 1966 305 1994 et
334 1964 366 1994 in
395 1964 538 2003 quadam
569 1973 702 1994 summa
718 1965 859 2003 pecunie
881 1964 952 1999 tibi,
978 1974 1204 2002 expensarum

192 2018 339 2053 nominc,
353 2017 521 2047 taxatione
538 2017 709 2056 prehabita
725 2020 753 2047 el
776 2019 834 2047 ate
850 2018 1041 2056 juramento
1058 2019 1201 2056 recepto⁷

192 2070 432 2100 nichilominus
462 2071 749 2108 condempnando,
779 2072 876 2108 prout
910 2071 943 2100 in
977 2071 1203 2101 instrumento

190 2123 326 2162 publico
347 2123 422 2153 inde
439 2123 762 2161 confecto‚sigillato
779 2123 893 2159 sigillo
913 2123 1020 2162 ipsius
1039 2124 1200 2163 episcopi,
1234 2139 1235 2172 ᾗ
1266 2168 1281 2187 »
1300 2167 1327 2188 n*
1345 2168 1374 2188 m
1405 2167 1521 2188 (mum
1560 2158 1716 2187 mmmm
1731 2167 1775 2187 uu
1805 2158 1938 2188 dfflfflni
1995 2161 2003 2188 t
2023 2167 2081 2188 effi
2098 2159 2130 2188 in
2150 2167 2258 2196 expes}

1233 2184 1234 2187 ,
1324 2169 1338 2187 ι·
1415 2170 1421 2187 3
1457 2168 1462 2174 ‘
1611 2168 1638 2197 ¹0
1722 2169 1727 2187 ε
1859 2168 1863 2174 ·
1898 2168 1902 2173 '
1946 2183 1951 2188 .
1974 2169 1990 2187 c
2066 2181 2070 2185 .
2262 2175 2277 2181 -

190 2177 325 2216 plenius
352 2176 552 2206 continetur.
572 2177 641 2207 Nos
664 2176 788 2215 itaque,
810 2177 877 2207 tuis
896 2177 1202 2215 supplicationibus

190 2230 353 2265 inclinati,
368 2230 552 2268 predictam
578 2230 781 2260 sententiam
808 2232 913 2260 ratam
942 2232 971 2260 et
997 2230 1129 2260 firmam
1149 2231 1203 2261 ha-
1233 2238 1234 2244 ¹

188 2282 318 2319 nentes,
349 2292 422 2313 eam
452 2283 649 2313 auctoritato
683 2283 868 2321 apostolica
897 2284 1138 2314 conlirmamus
1170 2286 1202 2315 et

188 2336 356 2375 presentis
374 2336 490 2375 scripti
510 2336 697 2375 patrocinio
712 2337 974 2366 conununiinus.

228 2390 393 2420 Tenorcm
417 2389 525 2428 ipsius
552 2389 767 2420 instrumenti
793 2389 832 2419 dc
860 2389 961 2420 verbo
988 2390 1029 2420 ad
1061 2391 1200 2421 verbum

187 2442 403 2482 presentibus
422 2442 526 2472 inseri
551 2442 725 2477 facienteS,
744 2443 801 2481 qui
820 2443 899 2473 talis
916 2444 967 2473 cst
986 2453 992 2472 :

227 2505 243 2526 «
264 2496 301 2525 In
318 2495 452 2525 nominc
470 2495 608 2525 Domini
625 2504 733 2525 amen.
755 2496 836 2527 Orta
857 2496 983 2526 dudum
1003 2497 1091 2527 inter
1108 2497 1199 2527 deca-
1230 2506 1232 2530 J

186 2556 267 2578 num
277 2550 308 2578 et
327 2548 513 2587 capitulum
524 2548 664 2578 ecclesie
684 2549 1000 2585 Lemoviceiisis,ex
1015 2558 1080 2579 una
1091 2553 1196 2588 parte,

187 2602 220 2632 et
235 2601 379 2631 Ebolum
398 2601 562 2637 Dornhac,
582 2601 826 2632 subdiaconum
842 2602 970 2633 domini
984 2611 1081 2641 pape,
1095 2612 1135 2633 ex
1154 2604 1197 2633 al-

185 2655 268 2691 tera,
283 2663 384 2692 super
406 2654 513 2693 ipsius
528 2654 623 2685 Eboli
637 2655 831 2694 provisione
850 2656 1049 2686 auctoritate
1065 2659 1198 2694 aposto-

185 2705 251 2737 lica
269 2706 333 2737 sibi
356 2707 451 2743 sacta,
469 2707 508 2737 de
521 2707 718 2738 canonicatu
735 2708 949 2747 etprebenda
967 2708 1076 2747 ipsius
1095 2709 1196 2739 eccle-

186 2759 235 2790 sie
245 2760 387 2790 materia
397 2760 597 2798 questionis,
610 2762 640 2791 et
655 2769 756 2791 causa
769 2770 870 2800 super
888 2762 1064 2800 questione
1081 2761 1194 2801 hujus-

184 2813 275 2843 modi
294 2821 351 2851 per
368 2813 628 2851 appellationem
644 2814 796 2853 ipsorum
815 2815 932 2845 decani
952 2816 982 2845 et
997 2815 1135 2853 capituli
1155 2816 1194 2845 ad

218 2910 238 2934 l.
253 2910 297 2934 ΜΒ
313 2917 318 2933 :
331 2909 496 2933 Daornalzao.

954 218 1198 252 REGISTRES
1229 217 1444 249 D'URBAIN
1476 217 1534 247 IV.

1273 300 1387 330 sedem
1415 299 1636 338 apostolicam
1670 299 1821 338 legitime
1854 299 2022 335 devoluta⁷
2050 301 2288 331 sanctissimus

1272 355 1367 392 pater
1399 353 1556 383 dominus
1588 352 1757 383 Urbanus.
1776 361 1862 391 papa
1897 355 2049 391 quartus,
2068 354 2101 384 in
2124 362 2225 384 causa
2256 355 2289 384 et

1272 406 1446 444 questione
1472 405 1665 444 hujusmodi
1694 414 1766 441 nos,
1798 405 1972 436 Oddoneni
2000 406 2219 437 miseratione
2239 406 2287 436 di-

1272 520 1354 541 rem.
1381 511 1664 550 Comparentibus
1683 511 1786 550 igitur
1807 511 1896 542 dicto
1914 511 2019 541 Ebolo
2034 521 2094 550 pro
2115 521 2150 542 se
2167 521 2203 542 ac
2220 520 2289 542 ma-

1271 564 1378 603 gistro
1397 564 1599 595 Rolandode
1619 565 1751 600 Parma,
1767 567 1984 603 procuratore
2003 565 2153 603 ipsorum
2170 564 2288 595 decani

1240 603 1241 625 ἶ
1271 619 1302 647 et
1320 617 1472 655 capituli,
1488 626 1548 656 pro
1564 618 1649 656 ipsis
1668 617 1793 648 decano
1813 620 1844 648 et
1864 618 2022 656 capitulo.
2043 617 2076 647 in
2093 618 2220 655 judicio
2238 626 2289 648 co-

1270 679 1341 700 ram
1363 669 1473 707 nobis,
1493 672 1610 701 contra
1628 671 1797 709 predictos
1816 671 1979 701 decanum
1997 673 2026 700 et
2050 670 2236 709 capitulum
2254 671 2287 701 et

1269 731 1384 753 eorum
1396 723 1584 762 predictum
1599 725 1850 762 procuratorem
1861 724 1970 753 dictus
1987 723 2115 754 Ebolus
2131 723 2287 754 libellum

1270 776 1391 807 obtulit
1407 776 1610 807 continentie
1628 776 1861 815 infrascripte:

1308 839 1325 860 «
1345 831 1467 859 (loram
1502 829 1598 859 vobis
1632 829 1814 859 reverendo
1842 832 1946 867 patre,
1979 830 2115 859 domino
2156 829 2284 866 Odone,

1270 883 1363 912 »Dei
1394 883 1503 921 gratia
1528 883 1687 921 episcopo
1715 883 1920 917 Tusculano,
1950 882 2103 920 partibus
2133 882 2286 913 auditore

1271 945 1287 964 »
1306 944 1476 971 concesso,
1496 936 1577 966 dicit
1597 938 1627 966 et
1644 935 1802 974 proponit
1824 936 1855 965 iu
1872 936 1947 974 jure
1975 935 2102 965 Ebolus
2116 935 2286 972 Dornhac,

1270 998 1286 1017 »
1305 989 1486 1019 canonicus
1503 989 1765 1019 Lemovicensis.
1787 988 2016 1019 subdiaconus
2037 989 2166 1019 domini
2185 996 2283 1027 pape,

1272 1053 1285 1068 »
1303 1044 1418 1073 contra
1444 1042 1607 1072 decanum
1624 1044 1655 1072 et
1675 1042 1859 1080 capitulum
1879 1042 2140 1072 Lemovicenses
2155 1043 2186 1072 et
2208 1050 2284 1072 con-

1269 1103 1287 1124 »
1304 1097 1355 1125 tra
1369 1095 1520 1134 ipsorum
1542 1095 1731 1134 legitimum
1751 1095 1975 1129 defensorem,
2001 1103 2116 1125 eorum
2135 1095 2284 1131 nomine,

1270 1156 1287 1177 »
1305 1149 1404 1187 quod,
1439 1158 1514 1178 cum
1547 1148 1586 1179 de
1617 1148 1815 1179 canonicatu
1855 1148 2108 1178 Lemovicensis
2143 1147 2286 1179 ecclesie

1269 1201 1367 1231 »sibi
1395 1201 1437 1232 sit
1467 1201 1664 1232 auctoritate
1695 1201 1879 1240 apostolica
1900 1201 2087 1240 provisum,
2118 1204 2147 1232 et
2167 1201 2284 1231 eadem

1270 1263 1287 1284 »
1305 1255 1502 1285 auctoritate
1525 1255 1653 1284 eisdem
1670 1255 1794 1284 decano
1817 1256 1847 1284 et
1866 1254 2014 1292 capitulo
2029 1256 2071 1284 sit
2087 1255 2284 1284 mandatum

1271 1310 1340 1338 »ut
1366 1317 1441 1338 eum
1469 1308 1657 1346 reciperent
1683 1308 1717 1337 in
1736 1308 1934 1337 canonicum
1965 1310 1993 1338 et
2024 1308 2057 1337 in
2080 1308 2230 1343 fratrem,
2251 1309 2283 1338 et

1270 1361 1408 1391 »eidem
1428 1361 1642 1399 providerent
1666 1361 1706 1391 de
1730 1361 1908 1399 prebenda,
1929 1361 1956 1390 si
1975 1370 2040 1399 «gua
2065 1361 2202 1391 vacabat
2220 1360 2284 1391 ibi-

1270 1422 1287 1443 »
1303 1414 1378 1444 dem
1404 1414 1444 1444 ad
1470 1423 1623 1452 presens,
1640 1414 1691 1444 vel
1712 1422 1813 1452 quam
1831 1414 1895 1444 cito
1914 1414 1955 1443 ad
1976 1414 2006 1443 id
2034 1415 2166 1445 oti'erret
2183 1424 2218 1444 se
2237 1414 2284 1444 fa-

1269 1476 1286 1496 »
1304 1467 1424 1503 cultas.
1448 1467 1481 1496 in
1506 1467 1770 1497 contradictores
1792 1471 1823 1497 et
1846 1466 1991 1497 rebelles
2009 1467 2042 1497 in
2065 1468 2203 1506 scriptis
2228 1476 2286 1497 ex-

1269 1529 1285 1549 »
1301 1520 1619 1550 communicat.ionis
1643 1520 2047 1559 sententiapromulgata,
2071 1521 2136 1559 ipsi
2160 1520 2220 1551 hoc
2236 1520 2283 1550 fa-

1268 1582 1284 1602 »
1301 1581 1375 1603 cere
1399 1575 1593 1603 recusantes
1621 1573 1662 1603 ad
1687 1574 1801 1603 sedem
1825 1573 2047 1612 ap‹.›stolican·1
2066 1574 2213 1604 indebite
2249 1574 2284 1603 in

1268 1635 1284 1655 »
1301 1626 1437 1665 scriptis
1460 1626 1683 1665 appellarunt.
1702 1626 1797 1657 ¹(nde
1825 1627 1906 1665 petit
1931 1635 1988 1665 per
2008 1635 2079 1661 vos,
2098 1627 2280 1657 reverende

1267 1689 1283 1709 »
1303 1682 1409 1718 pater,
1433 1680 1594 1719 quicquid
1624 1681 1749 1710 lactum
1774 1682 1825 1710 est
1849 1680 1888 1710 de
1914 1680 2111 1710 carwnicatu
2131 1680 2281 1719 predicto

1267 1742 1283 1762 >)
1298 1734 1332 1763 in
1352 1742 1532 1772 personam
1552 1733 1661 1772 ipsius
1679 1733 1789 1767 lilioli,
1816 1735 1847 1763 et
1873 1742 2070 1772 processum
2090 1742 2192 1772 super
2207 1741 2283 1772 pre-

1267 1795 1283 1815 »
1301 1786 1418 1816 missis
1451 1786 1603 1816 habitum
1634 1795 1694 1824 pro
1727 1786 1844 1816 eodem
1886 1786 1991 1816 Ebolo
2028 1786 2279 1817 sententialiter

1266 1848 1283 1868 »
1300 1839 1491 1869 contii-mari
1510 1841 1540 1869 et
1556 1839 1726 1877 predictos
1740 1839 1903 1869 decanum
1923 1841 1953 1870 et
1971 1839 2157 1878 capitulum
2175 1842 2205 1869 et
2226 1847 2279 1869 eo-

1267 1901 1283 1921 »
1302 1901 1376 1922 rum
1392 1892 1583 1931 legitimum
1602 1893 1829 1927 defensorem,
1850 1901 1967 1922 eorum
1986 1893 2132 1926 nomine.
2151 1895 2284 1923 senten-

1266 1954 1282 1973 »
1302 1945 1428 1975 tialitcr
1458 1945 1697 1983 condempnari
1732 1948 1766 1975 ut
1796 1945 1909 1984 ipsum
1935 1945 2079 1975 Ebolnm
2115 1946 2280 1984 recipiant

1266 2006 1282 2026 »
1302 1999 1333 2027 in
1360 1998 1555 2028 canonicum
1584 2001 1613 2028 et
1640 2000 1671 2028 in
1693 1998 1831 2027 fratrem
1857 1998 1998 2028 ecclesie
2023 1998 2170 2036 predicte
2189 2002 2217 2028 et
2238 1998 2279 2029 de

1235 2050 1236 2071 ἕ
1266 2064 1279 2078 υ
1298 2051 1467 2090 prebenda
1489 2052 1554 2081 sibi
1575 2052 1785 2090 provideant,
1808 2051 1906 2090 juxta
1931 2052 2125 2081 mandatum
2146 2055 2278 2090 aposto-

1266 2105 1398 2135 »licum
1426 2105 1624 2135 auctoritate
1644 2104 1830 2143 apostolica
1848 2105 1898 2135 eis
1923 2104 2060 2140 factum,
2079 2105 2276 2143 appellatio-

1266 2223 1279 2241 »
1296 2212 1344 2241 sis
1366 2211 1461 2241 l'actis
1482 2211 1732 2249 condempnari.
1749 2213 1941 2249 protestans
1957 2211 1996 2240 de
2011 2211 2174 2241 faciendis
2186 2215 2278 2242 etc.»

1304 2264 1378 2294 Lite
1404 2272 1482 2294 vero
1511 2273 1613 2302 super
1636 2263 1829 2302 hujusmodi
1848 2263 1964 2293 libello
1982 2263 2131 2302 legitime
2150 2268 2277 2295 contes-

1263 2319 1332 2347 tata
1361 2317 1571 2356 prestitoque
1591 2326 1608 2347 a
1630 2316 1784 2355 partibus
1803 2317 1843 2347 de
1864 2317 2006 2347 veritate
2030 2317 2169 2347 dicenda
2185 2318 2277 2356 jura-

1264 2373 1387 2408 mento,
1415 2371 1511 2401 t'actis
1538 2369 1767 2409 positionibus
1793 2372 1823 2400 et
1841 2370 2122 2408 responsionibus
2148 2371 2188 2400 ud
2204 2379 2276 2401 eas-

1262 2424 1350 2461 dem,
1382 2424 1470 2454 datis
1497 2423 1650 2454 articulis
1678 2423 1755 2453 hinc
1782 2425 1813 2453 et
1843 2423 1919 2453 inde
1937 2426 1967 2453 et
1986 2424 2156 2453 concessis
2180 2424 2276 2454 indu-

1261 2477 1324 2507 ciis
1344 2477 1384 2507 ad
1408 2476 1619 2516 probamium
1642 2477 1770 2506 interea
1789 2476 1885 2506 datos
1909 2476 2071 2507 articulos
2091 2480 2206 2507 contra
2226 2477 2275 2516 ip·

1261 2539 1335 2560 sum
1356 2530 1509 2566 Elmnnn,
1526 2539 1566 2560 ex
1583 2532 1677 2568 parte
1691 2529 1808 2559 decani
1826 2531 1856 2559 et
1874 2529 2014 2568 capituli
2029 2530 2271 2568 predictorum,

1259 2585 1394 2614 tandem
1423 2584 1605 2614 remissum
1624 2583 1685 2613 l‘uit
1706 2583 1746 2612 ad
1766 2583 1893 2613 curiam
1913 2583 2083 2622 negotium
2103 2583 2274 2622 supradic-

1260 2640 1341 2668 tum.
1352 2637 1510 2668 Partibus
1519 2637 1620 2667 etiam
1633 2645 1750 2675 compa
1758 2635 1907 2666 rentibus
1917 2645 2029 2666 coram
2039 2636 2137 2667 nobis
2147 2639 2177 2667 et
2187 2637 2274 2667 sacta

1257 2690 1470 2721 discussione
1487 2699 1588 2729 super
1598 2690 1799 2720 remissione
1817 2689 2023 2728 hujusmodi,
2045 2690 2272 2729 comperimus

1257 2744 1346 2783 quod
1357 2752 1422 2774 non
1440 2743 1502 2774 fuit
1521 2743 1697 2782 probatum
1713 2743 1855 2782 aliquid,
1875 2751 1933 2773 uec
1949 2742 2055 2782 aliqui
2076 2745 2180 2774 testes
2198 2752 2272 2782 pro-

1256 2797 1346 2827 ducti
1366 2806 1467 2836 super
1495 2797 1595 2827 dictis
1615 2796 1769 2826 articulis
1788 2805 1830 2826 ex
1853 2799 1947 2835 parte
1965 2795 2132 2826 dictorum
2152 2796 2269 2827 decani

1255 2853 1285 2880 et
1305 2850 1445 2888 capituli
1474 2850 1574 2880 datis,
1592 2858 1677 2889 quos
1707 2858 1818 2879 eoram
1841 2848 1937 2879 uobis
1961 2848 2081 2879 obtulit
2103 2857 2138 2879 se
2154 2857 2271 2887 procu-

1257 2906 1346 2933 rator
1369 2911 1484 2933 eorum
1512 2903 1683 2942 predictus
1710 2902 1861 2941 legitime
1883 2901 2115 2940 probaturum.
2134 2902 2171 2932 Et
2192 2902 2270 2933 licet
