2519 3262
199 266 238 294 30

241 358 255 375 «
271 346 309 376 In
325 343 459 375 nomine
474 340 608 373 Domini
627 337 824 369 amen.Orta
842 336 927 365 inter
938 335 1076 365 Petrum
1091 332 1205 364 Domi-

199 400 265 430 nici
284 399 324 429 de
342 396 498 436 VayelIo,
515 392 690 424 Palentine
713 389 870 423 diocesis,
897 396 938 418 ex
961 388 1055 426 parte
1078 395 1155 421 una,
1175 387 1206 416 et

199 451 408 483 Antoninum
421 447 552 482 Garsie,
575 446 732 476 clericum
751 442 841 473 chori
861 441 1002 472 ecclesie
1018 439 1206 474 Palentine,

199 515 241 537 ex
253 505 370 540 altera,
383 510 484 541 super
500 500 651 540 portione
667 506 731 537 que
744 504 880 526 vacasse
899 493 1071 524 dicebatur
1086 493 1119 523 in
1134 493 1208 531 ipsa

200 557 343 590 ecclesia
359 555 536 587 Palentina
555 562 612 591 per
631 551 773 581 liberam
794 547 1057 587 resignationem
1074 545 1207 577 Alfonsi

199 606 561 649 Ordonii,portionarii
583 604 724 636 ecclesie
740 603 936 636 memorate,
951 600 1092 631 materia
1112 608 1207 638 ques-

199 665 315 701 tionis,
333 663 527 700 eademque,
550 660 647 698 prout
668 658 702 687 in
722 655 855 695 publico
870 653 1054 689 dicebatur,
1075 661 1133 692 per
1153 661 1209 690 ap-

201 718 418 758 pellationem
446 714 486 744 ad
515 713 628 743 sedem
663 709 883 749 apostolicam
899 707 1068 741 devoluta,
1098 706 1209 735 dictus

201 772 323 802 Petrus
347 777 458 799 coram
476 766 584 801 nobis,
606 764 770 803 magistro
793 763 956 793 Navarra
977 759 1104 790 domini
1123 767 1208 798 pape

201 824 433 863 cappellanoet
446 821 554 859 ipsius
564 818 681 857 palatii
692 816 840 856 generali
852 815 1004 845 auditore
1018 820 1208 847 causarum,

200 884 394 916 comparere
407 873 547 909 curavit,
561 872 725 901 instanter
741 871 858 908 petens
871 870 905 898 ut
920 868 952 897 in
970 867 1058 896 dicto
1075 865 1209 904 negotio

200 930 381 970 procedere
398 926 582 957 secundum
603 924 691 963 juris
716 923 868 953 ordinem
890 920 1101 951 deberemus,
1125 918 1208 949 Cum

201 985 314 1022 itaque
340 982 466 1012 dictum
495 978 704 1009 Antoninum
730 977 761 1006 et
784 983 900 1006 omnes
924 975 955 1004 et
976 972 1127 1012 singulos
1152 970 1210 1010 qui

201 1046 262 1067 sua
278 1035 452 1066 crederent
470 1033 646 1066 iuteresse,
659 1030 699 1060 ad
717 1027 965 1068 procedendum
977 1026 1009 1056 in
1023 1026 1097 1064 ipsa
1109 1033 1211 1055 causa

201 1089 330 1130 pluries
350 1089 381 1118 et
408 1086 544 1117 tandem
573 1082 799 1123 peremptorie
826 1081 922 1111 citari
949 1079 1150 1110 fecissemus
1175 1078 1210 1108 in

203 1142 373 1174 audientia
390 1139 534 1179 publica,
553 1139 588 1168 ut
608 1138 659 1167 est
682 1135 798 1171 1110113,
817 1135 927 1164 dictus
944 1132 1136 1163 Antoninus
1154 1131 1211 1170 qui

203 1195 343 1227 eandem
375 1193 565 1233 portionem
594 1190 635 1220 ad
663 1198 697 1219 se
730 1188 897 1227 pertinere
926 1185 1069 1221 dicebat,
1085 1193 1212 1224 prod-se

202 1247 391 1288 comparuit
419 1255 531 1276 (foram
556 1243 665 1279 nobis,
688 1243 796 1272 dictus
821 1250 899 1270 vero
918 1240 1039 1270 Petrus
1057 1238 1212 1269 libellum

204 1311 303 1333 suum
322 1300 444 1332 obtulit
462 1299 496 1329 in
510 1298 597 1328 hunc
614 1296 750 1326 modum
772 1305 777 1324 2

247 1368 261 1383 «
280 1356 401 1386 Coram
428 1352 523 1382 vobis
543 1351 678 1381 domino
695 1349 861 1382 Navarro,
879 1346 1005 1377 domini
1030 1354 1114 1385 pape
1139 1353 1213 1383 cap-

206 1420 221 1437 ))
241 1408 373 1447 pellano
404 1415 439 1436 ac
466 1412 644 1435 causarum
672 1402 781 1441 ipsius
805 1400 922 1440 palatii
947 1398 1095 1438 generali
1122 1397 1215 1428 audi-

207 1472 221 1491 »
240 1464 323 1495 tore,
343 1460 421 1490 dicit
449 1460 479 1488 et
498 1456 650 1495 proponit
673 1455 794 1485 Petrus
814 1453 981 1483 Dominici
1001 1452 1040 1482 de
1057 1450 1214 1490 Vayello‚

207 1526 221 1545 ))
242 1513 416 1544 Palentine
434 1510 590 1544 diocesis,
610 1511 725 1539 contra
743 1507 950 1537 Antoninum
969 1505 1100 1541 Garsie,
1120 1504 1214 1534 cleri-

207 1580 222 1597 »
241 1577 315 1598 cum
344 1566 434 1596 chori
466 1563 606 1594 ecclesie
629 1561 859 1593 Patentine‚et
887 1560 1003 1589 contra
1030 1557 1214 1596 quemlibet

207 1632 222 1651 1)
242 1621 346 1651 alium
360 1619 416 1658 qui
443 1626 503 1647 sua
521 1615 661 1646 extimat
686 1615 860 1647 interesse,
876 1612 975 1651 quod,
1000 1620 1075 1641 cum
1091 1611 1215 1641 Petrus

208 1686 222 1705 »
244 1675 276 1704 in
301 1672 442 1703 ecclesia
464 1669 639 1700 Patentina
664 1669 818 1705 receptus
837 1666 879 1696 sit
897 1665 1095 1695 auctoritate
1121 1673 1215 1702 apos-

208 1737 223 1757 »
244 1727 345 1758 tolica
372 1726 402 1755 in
430 1721 675 1763 portionarium
694 1720 780 1750 dicte
802 1718 942 1749 ecclesie
959 1719 989 1748 et
1011 1718 1044 1747 in
1063 1717 1213 1753 fratrem,

209 1791 223 1810 »
244 1779 351 1819 portio
369 1787 431 1817 que
451 1775 581 1806 vacavit
594 1777 626 1804 in
640 1774 727 1804 dicta
743 1772 885 1803 ecclesia
900 1780 958 1810 per
976 1770 1117 1801 liberam
1136 1771 1215 1800 resi-

210 1844 224 1863 ))
243 1833 435 1872 guntionem
454 1829 587 1860 Alsonsi
606 1827 759 1860 Ordouii,
780 1824 1129 1864 portionariiecclesie
1151 1832 1216 1853 nie-

211 1898 225 1916 »
247 1888 385 1921 nior-ate,
399 1884 507 1914 eidem
530 1882 628 1912 Petro
646 1881 705 1910 suit
727 1880 921 1910 auctoritate
935 1877 1083 1916 predicta
1097 1877 1218 1907 collata

210 1950 223 1969 )¹
245 1942 275 1969 et
292 1940 330 1969 ‹le
344 1938 459 1967 eadem
476 1935 536 1965 suit
556 1933 748 1967 investitus,
765 1932 875 1961 ‹lu-uis
894 1930 1084 1961 Antoninus
1096 1930 1217 1968 portio-

210 2004 225 2021 n
245 2001 319 2022 nem
358 1990 496 2020 eandem
534 1986 707 2025 occupavit
737 1987 767 2015 et
798 1994 870 2014 eain
907 1986 1021 2013 contra
1049 1983 1218 2022 justitiam

212 2058 225 2075 »ι
247 2045 374 2075 detinet
393 2044 597 2080 occupat-tun.
611 2040 643 2069 in
661 2039 712 2068 sui
732 2037 954 2077 prejudicium
974 2039 1003 2066 et
1025 2044 1218 2075 gravamen,

212 2111 225 2127 1)
248 2106 451 2138 quamquam
471 2095 599 2125 nullum
611 2094 666 2132 ι1115
687 2092 805 2122 habeat
826 2091 857 2120 in
875 2091 1002 2120 eadem.
1024 2090 1117 2120 Unde
1136 2089 1218 2128 petit

212 2163 226 2181 »
247 2161 304 2191 per
323 2160 391 2183 vos.
412 2147 670 2186 ‹10x11i11‹=judex‚
686 2146 795 2175 dietus
815 2145 932 2174 Petrus
952 2143 1075 2172 ‹lit-tam
1098 2143 1220 2181 portio-

213 2216 227 2235 »
247 2214 321 2235 nem
350 2213 422 2233 cuni
454 2200 610 2231 omnibus
637 2198 772 2238 juribus
796 2200 824 2227 et
852 2196 1067 2236 pertinentiis
1093 2195 1165 2225 suis
1190 2197 1219 2225 et

214 2268 227 2287 11
248 2267 321 2287 euin
360 2254 525 2286 fructibus
559 2253 634 2283 inde
671 2251 838 2290 perceptis
876 2249 939 2279 sibi
974 2248 1221 2279 sententialiter

214 2322 228 2339 1)
249 2309 445 2349 adjiulivuri,
463 2310 493 2338 et
521 2307 561 2337 ud
581 2315 656 2336 eum
675 2306 825 2344 spei-ture
845 2304 884 2333 (10
900 2303 974 2342 jure
993 2312 1050 2341 per
1070 2312 1130 2332 vos
1148 2310 1220 2332 sen-

215 2376 228 2391 n
249 2363 432 2394 tentialiter
450 2359 667 2394 (1001011111,οί
690 2359 815 2387 dictum
835 2357 1041 2386 Antoninum
1060 2358 1089 2385 et
1108 2364 1221 2394 quem-

215 2427 229 2446 1)
250 2416 331 2446 libet
348 2415 452 2445 alium
470 2424 487 2443 a
504 2413 589 2443 dictu
608 2411 760 2450 portione
777 2419 833 2448 per
846 2409 1048 2439 sententiam
1059 2409 1221 2443 amoveri,

215 2481 230 2499 b
250 2471 279 2500 et
308 2469 434 2499 eisdem
457 2475 557 2505 super
586 2474 623 2495 ea
648 2465 847 2503 perpetuum
876 2462 1050 2492 silentium
1080 2461 1220 2500 imponi,

216 2534 230 2552 η
250 2531 325 2552 cum
355 2521 485 2551 nullum
513 2519 568 2558 jus
602 2517 743 2548 habeant
776 2517 808 2546 in
840 2516 972 2549 eadem;
1007 2515 1090 2554 petit
1121 2515 1222 2544 etiam

217 2585 231 2605 n
251 2583 418 2613 expensas
437 2573 540 2603 sau-tas
561 2574 591 2602 et
609 2572 813 2610 protestatur
839 2568 1020 2604 faciendas,
1041 2567 1135 2598 salvo
1148 2568 1223 2606 jure

217 2638 232 2658 1)
251 2630 311 2659 etc.
337 2639 350 2656 n

256 2692 271 2711 «
296 2681 368 2711 Lite
389 2679 489 2718 igitur
510 2687 610 2716 super
629 2677 717 2707 dicto
737 2676 853 2705 libello
872 2675 1021 2713 legitime
1039 2675 1225 2705 contestata

218 2734 426 2773 prestitoque
446 2731 485 2761 ab
506 2732 566 2765 eis,
587 2730 769 2760 secundum
792 2730 879 2769 juris
909 2727 1225 2767 exigentiam,jura-

218 2789 342 2822 mento,
369 2785 519 2823 visisque
543 2783 676 2819 litteris,
694 2782 930 2812 instrumentis
951 2784 980 2812 et
1004 2781 1110 2819 partis
1127 2780 1226 2810 ratio-

219 2839 319 2870 nibus
340 2839 528 2876 ntriusque.
553 2837 777 2874 conclusoque
796 2836 828 2865 in
853 2844 953 2865 causa
972 2833 1113 2873 prefata,
1138 2833 1226 2863 diem
1256 2848 1257 2857 1

218 2892 419 2932 pretixilnus
449 2890 600 2929 partibus
632 2890 671 2919 ad
699 2889 915 2918 ‹lit'linitivuin
944 2887 1145 2917 sententiam
1175 2895 1229 2915 au—

219 2946 387 2979 diendam,
411 2944 451 2974 ad
479 2951 578 2982 quem
603 2951 719 2972 omnes
738 2944 767 2972 et
787 2941 939 2979 singulos
961 2940 1018 2979 qni
1040 2949 1100 2969 sua
1117 2940 1228 2970 crede-

950 249 1194 282 REGISTRES
1223 247 1439 279 D’URBAIN
1469 246 1528 276 IV.

1266 332 1341 362 rent.
1356 331 1532 366 interesse,
1552 329 1587 359 in
1601 329 1774 359 audientia
1786 327 1923 367 publica
1940 329 2166 368 peremptorie
2181 330 2280 361 citari

1268 384 1410 414 fecimus
1440 383 1549 421 ipsam
1580 381 1783 413 sententiam
1816 381 2004 412 audituros.
2036 381 2146 412 Dictis
2176 382 2279 421 igitur

1268 438 1367 468 Petro
1385 438 1415 467 et
1431 436 1614 472 Antonino,
1627 435 1825 465 adveniente
1844 435 1918 473 ipso
1939 434 2096 471 termino,
2113 435 2147 465 in
2165 437 2282 466 nostra

1269 490 1439 529 presentia
1459 488 1653 519 constitutis
1680 487 1862 526 habitoque
1883 496 1985 526 super
2006 487 2073 518 hiis
2093 488 2280 526 peritorum

1269 543 1412 573 consilio
1446 544 1478 572 et
1509 542 1609 581 plena
1637 541 1880 571 deliberatione
1916 540 2091 570 nobiscum
2123 541 2279 580 jurisque

1269 596 1386 626 ordine
1404 595 1592 631 observato,
1607 595 1669 625 Dei
1685 594 1820 625 nomine
1834 594 2000 627 invocato,
2019 593 2143 624 dictam
2155 594 2282 633 portio-

1270 658 1346 679 nem
1366 648 1407 678 ad
1424 648 1551 678 dictum
1568 648 1705 678 Petrum
1721 649 1873 686 spectare
1889 647 2017 685 dejure
2032 647 2281 677 sententialiter

1270 701 1494 738 declaramus,
1511 701 1620 740 ipsam
1650 709 1725 731 cum
1749 700 1885 739 juribus
1903 702 1934 730 et
1962 699 2180 739 pertinentiis
2208 700 2282 730 suis

1270 763 1329 793 per
1345 754 1563 785 diffinitivam
1576 753 1779 784 sententiam
1797 753 1896 783 Petro
1907 752 2138 791 adjudicantes
2157 752 2280 789 eidem,

1270 808 1396 838 dictum
1414 807 1622 838 Antoninum
1640 815 1699 845 per
1715 806 1855 837 eandem
1869 806 2071 836 sententiani
2085 813 2284 836 amovemus

1270 861 1311 892 ab
1330 862 1415 900 ipsa,
1434 861 1543 891 eidem
1561 869 1662 899 super
1680 860 1755 899 ipsa
1771 861 1972 898 perpetuum
1985 859 2161 889 silentium
2180 861 2284 897 impo-

1271 914 1390 945 nendo.
1411 915 1493 944 Lata
1511 916 1542 944 et
1564 913 1782 952 pronuntiata
1798 912 1862 943 suit
1879 920 2020 951 presens
2039 911 2208 942 sententia
2225 919 2285 950 per

1270 968 1398 998 dictum
1416 967 1590 997 dominum
1614 966 1803 997 auditorem
1823 965 1912 1005 apud
1934 965 2225 1000 Urbemveterem,
2251 965 2286 995 in

1270 1020 1397 1060 palatio
1410 1020 1539 1050 domini
1558 1028 1655 1059 pape,
1669 1028 1755 1050 anno
1773 1018 1911 1049 Domini
1922 1017 2285 1056 M⁰CC⁰LXIIII⁰‚pon-

1271 1074 1419 1104 tificatus
1440 1073 1569 1104 domini
1592 1072 1720 1104 Urbani
1746 1080 1832 1111 pape
1852 1071 1918 1102 1111
1938 1080 2025 1101 anno
2043 1071 2155 1105 tertio,
2180 1070 2287 1101 indic-

1272 1127 1363 1158 tione
1391 1136 1446 1162 νη,
1466 1135 1581 1157 mense
1607 1126 1721 1156 martii
1745 1125 1798 1156 die
1823 1125 1954 1161 ultima,
1978 1123 2195 1163 presentibus
2217 1131 2287 1154 ma·

1273 1181 1378 1220 gistro
1391 1180 1569 1210 Dominico
1583 1179 1723 1213 Sanctii,
1737 1179 1839 1209 Petro
1854 1178 1942 1208 dicto
1954 1177 2083 1213 Αόἱιαιε,
2096 1177 2285 1208 palentinis

1274 1233 1456 1269 canonici&
1469 1233 1611 1263 Alfonso
1620 1231 1930 1267 ι101111111113,0101100
1940 1231 2114 1267 Ovetensi,
2123 1230 2287 1269 magistro

1274 1286 1477 1318 Thomasino
1502 1286 1615 1325 Spata,
1645 1285 1779 1320 clerico,
1805 1284 1988 1315 Thomasio
2010 1284 2050 1314 de
2071 1283 2287 1314 Insula-Mar-

1274 1343 1363 1377 tana,
1382 1339 1516 1376 cleriCO,
1539 1340 1571 1369 et
1593 1339 1741 1369 Berardo
1765 1338 1806 1368 de
1829 1337 1996 1373 Mevania,
2021 1337 2152 1367 notario
2175 1336 2286 1375 ipsius

1275 1393 1402 1424 domini
1421 1391 1598 1430 auditoris,
1616 1393 1647 1421 et
1668 1390 1824 1429 pluribus
1839 1390 1916 1420 aliis
1932 1390 2079 1420 testibus
2096 1389 2172 1419 inde
2191 1397 2286 1419 voca·

1275 1447 1330 1477 tis.
1360 1447 1398 1476 In
1421 1446 1517 1483 cujus
1535 1445 1582 1475 rei
1609 1444 1855 1479 testimonium,
1874 1445 2067 1481 presentem
2085 1442 2288 1473 sententiam

1276 1499 1377 1531 scribi
1397 1500 1425 1529 ei
1449 1497 1615 1537 publicari
1639 1497 1876 1527 mandavimus
1893 1505 1953 1535 per
1980 1495 2150 1526 notarium
2168 1495 2290 1525 infras-

1276 1554 1421 1592 criptum
1439 1554 1471 1582 et
1490 1551 1595 1581 nostri
1624 1550 1730 1590 sigilli
1754 1550 1943 1580 munimine
1961 1549 2127 1580 roborari,
2157 1549 2198 1579 Et
2215 1557 2287 1588 ego,

1274 1606 1421 1638 Jacobus
1448 1606 1488 1635 de
1507 1605 1644 1640 Marsi-a,
1664 1604 1850 1643 apostolice
1869 1603 1961 1633 sedis
1980 1603 2180 1633 auctoritate
2198 1604 2290 1632 nota-

1276 1661 1360 1696 rius,
1392 1658 1554 1698 predictis
1585 1657 1724 1688 interfui
1754 1665 1859 1696 eaque
1890 1656 1930 1686 de
1954 1656 2110 1686 mandato
2145 1655 2288 1694 predicti

1277 1713 1405 1744 domini
1432 1711 1597 1742 auditoris
1622 1710 1745 1749 scripsi
1763 1711 1795 1741 et
1816 1710 1850 1740 in
1873 1709 2045 1748 publicam
2073 1708 2215 1739 sormam
2239 1716 2289 1739 re-

1277 1767 1351 1806 degi
1369 1774 1510 1804 meoque
1529 1765 1625 1803 signo
1641 1763 1772 1803 signavi
1789 1765 1937 1803 rogatus.
1958 1773 1972 1792 »

1316 1819 1410 1851 Nulli
1431 1827 1509 1857 ergo
1528 1820 1641 1848 nostre
1661 1817 1940 1852 confirmationis,
1966 1818 2027 1847 etc.
2058 1816 2183 1846 Datum
2203 1814 2291 1854 apud

1278 1873 1569 1905 Urbemveterem,
1589 1881 1607 1901 v
1625 1872 1700 1901 idus
1720 1870 1853 1910 aprilis,
1873 1878 1959 1900 anno
1982 1869 2093 1900 tertio.
2116 1880 2130 1898 υ

1372 2037 1463 2068 1031
1877 2032 2001 2064 Orvieto,
2019 2032 2036 2059 9
2052 2031 2124 2059 avril
2142 2032 2218 2058 lssot.

1317 2119 1508 2154 lnsraseriptis
1535 2119 1696 2153 praedictae
1715 2116 1873 2144 committit
1900 2115 2099 2143 executionem
2120 2114 2290 2142 sententiae.

1282 2170 1362 2205 (REu.
1380 2170 1424 2199 239,
1443 2169 1490 2195 t'ol.
1507 2169 1553 2200 3¹³,
1570 2173 1599 2193 u⁰
1618 2168 1677 2195 80.»

1322 2288 1336 2305 «
1355 2276 1582 2306 :lrclzidiacono
1602 2274 1637 2304 de
1655 2272 1866 2304 Tria-castella
1886 2273 1915 2302 in
1931 2272 2055 2302 ecclesia
2076 2271 2255 2311 Leyionensi
2267 2276 2295 2301 et

1282 2331 1427 2369 mayiszro
1454 2329 1601 2361 johanni,
1624 2328 1768 2358 canonico
1799 2326 1978 2357 conchensi.
2012 2325 2167 2356 Exhibita
2198 2324 2295 2355 nohis

1282 2384 1396 2414 dilecti
1410 2401 1460 2411 —.
1477 2383 1600 2413 Datum
1618 2381 1706 2420 apud
1724 2380 2009 2413 Urbemveterem,
2029 2388 2049 2407 v
2067 2378 2144 2408 idus
2160 2378 2294 2417 aprilis,

1283 2446 1369 2467 anno
1385 2437 1496 2467 tertio.
1519 2447 1533 2464 n

1378 2607 1472 2638 1032
1881 2600 2005 2632 Orvieto,
2023 2600 2040 2626 3
2058 2599 2129 2627 avril
2148 2599 2224 2626 1264.

1321 2686 1457 2721 Magistro
1471 2686 1554 2712 Petro
1570 2684 1696 2711 Corderii
1714 2683 1867 2710 rectoriam
1884 2682 2023 2709 ecelesiae
2037 2682 2071 2709 dc
2088 2683 2177 2713 Ausa,
2189 2681 2300 2716 Lugdu-

1255 2738 1256 2773 ]
1286 2735 1384 2762 nensis
1397 2734 1530 2762 diocesis,
1547 2734 1582 2761 ab
1601 2734 1645 2765 1{.,
1663 2733 1796 2767 episcopo
1811 2731 1936 2759 Ostiensi
1954 2734 1981 2758 ct
1994 2730 2174 2761 Velletrcusi,
2189 2729 2299 2765 adjudi-

1255 2782 1257 2814 ]
1287 2787 1393 2815 cutam,
1409 2783 1572 2811 contii-inat.
1587 2783 1670 2816 illi-jc.
1687 2783 1731 2813 29,
1754 2781 1800 2808 t'ol.
1817 2779 1908 2811 39,“11ο
1923 2780 1982 2812 81.)

1329 2896 1343 2913 α
1368 2884 1516 2924 Jlayisero
1545 2882 1638 2912 Petro
1668 2880 1819 2915 Corderii,
1843 2878 2022 2920 cappellano
2050 2884 2161 2915 nosti-0,
2185 2879 2303 2908 rector-i

1289 2937 1409 2968 ecclesie
1429 2937 1465 2967 dc
1485 2937 1578 2972 Ausa,
1602 2934 1810 2975 Luydunensis
1835 2932 1970 2963 diocesis.
1998 2932 2044 2963 Ea
2070 2940 2134 2971 que
2158 2931 2298 2971 judicio,
