<?xml version="1.0" encoding="UTF-8"?>
<!DOCTYPE html PUBLIC "-//W3C//DTD XHTML 1.0 Transitional//EN"
    "http://www.w3.org/TR/xhtml1/DTD/xhtml1-transitional.dtd">
<html xmlns="http://www.w3.org/1999/xhtml" xml:lang="en" lang="en">
 <head>
  <title>
</title>
<meta http-equiv="Content-Type" content="text/html;charset=utf-8" />
  <meta name='ocr-system' content='tesseract 3.04.00' />
  <meta name='ocr-capabilities' content='ocr_page ocr_carea ocr_par ocr_line ocrx_word'/>
</head>
<body>
  <div class='ocr_page' id='page_1' title='image "./lesregistresdurb34cath/lesregistresdurb34cath_0183.png"; bbox 0 0 2519 3262; ppageno 0'>
   <div class='ocr_carea' id='block_1_1' title="bbox 1072 210 1503 248">
    <p class='ocr_par' dir='ltr' id='par_1_1' title="bbox 1072 210 1503 248">
     <span class='ocr_line' id='line_1_1' title="bbox 1072 210 1503 248; baseline -0.002 -1"><span class='ocrx_word' id='word_1_1' title='bbox 1072 210 1311 248; x_wconf 71' lang='lat' dir='ltr'>TROISIEME</span> <span class='ocrx_word' id='word_1_2' title='bbox 1338 211 1503 248; x_wconf 75' lang='lat' dir='ltr'>ANNEE.</span> 
     </span>
    </p>
   </div>
   <div class='ocr_carea' id='block_1_2' title="bbox 241 298 1254 496">
    <p class='ocr_par' dir='ltr' id='par_1_2' title="bbox 241 298 1254 496">
     <span class='ocr_line' id='line_1_2' title="bbox 243 298 1254 338; baseline 0.002 -11"><span class='ocrx_word' id='word_1_3' title='bbox 243 298 386 328; x_wconf 73' lang='lat' dir='ltr'>facultas</span> <span class='ocrx_word' id='word_1_4' title='bbox 410 298 581 333; x_wconf 80' lang='lat' dir='ltr'>obtulerit,</span> <span class='ocrx_word' id='word_1_5' title='bbox 613 299 794 338; x_wconf 86' lang='lat' dir='ltr'>provideri.</span> <span class='ocrx_word' id='word_1_6' title='bbox 824 300 898 329; x_wconf 81' lang='lat' dir='ltr'>Non</span> <span class='ocrx_word' id='word_1_7' title='bbox 924 299 1076 329; x_wconf 82' lang='lat' dir='ltr'>obstante</span> <span class='ocrx_word' id='word_1_8' title='bbox 1095 317 1145 328; x_wconf 94' lang='lat'>—.</span> <span class='ocrx_word' id='word_1_9' title='bbox 1171 299 1254 330; x_wconf 91' lang='lat' dir='ltr'>Con-</span> 
     </span>
     <span class='ocr_line' id='line_1_3' title="bbox 241 351 1252 391; baseline 0.002 -11"><span class='ocrx_word' id='word_1_10' title='bbox 241 351 453 386; x_wconf 86' lang='lat' dir='ltr'>tradictores,</span> <span class='ocrx_word' id='word_1_11' title='bbox 476 353 550 384; x_wconf 67' lang='lat' dir='ltr'>etc,</span> <span class='ocrx_word' id='word_1_12' title='bbox 571 361 677 391; x_wconf 85' lang='lat' dir='ltr'>usque</span> <span class='ocrx_word' id='word_1_13' title='bbox 700 352 953 390; x_wconf 87' lang='lat' dir='ltr'>compescendo.</span> <span class='ocrx_word' id='word_1_14' title='bbox 977 352 1047 382; x_wconf 89' lang='lat' dir='ltr'>Nos</span> <span class='ocrx_word' id='word_1_15' title='bbox 1067 352 1156 382; x_wconf 87' lang='lat' dir='ltr'>enim</span> <span class='ocrx_word' id='word_1_16' title='bbox 1179 352 1252 382; x_wconf 87' lang='lat' dir='ltr'>irri-</span> 
     </span>
     <span class='ocr_line' id='line_1_4' title="bbox 241 404 1254 444; baseline 0.002 -11"><span class='ocrx_word' id='word_1_17' title='bbox 241 406 312 434; x_wconf 91' lang='lat' dir='ltr'>tum</span> <span class='ocrx_word' id='word_1_18' title='bbox 331 407 363 434; x_wconf 90' lang='lat' dir='ltr'>et</span> <span class='ocrx_word' id='word_1_19' title='bbox 387 405 485 435; x_wconf 87' lang='lat' dir='ltr'>inane</span> <span class='ocrx_word' id='word_1_20' title='bbox 503 405 716 435; x_wconf 86' lang='lat' dir='ltr'>decernimus</span> <span class='ocrx_word' id='word_1_21' title='bbox 733 405 762 434; x_wconf 90' lang='lat' dir='ltr'>si</span> <span class='ocrx_word' id='word_1_22' title='bbox 780 413 876 435; x_wconf 89' lang='lat' dir='ltr'>secus</span> <span class='ocrx_word' id='word_1_23' title='bbox 893 405 932 434; x_wconf 89' lang='lat' dir='ltr'>de</span> <span class='ocrx_word' id='word_1_24' title='bbox 949 404 1119 443; x_wconf 88' lang='lat' dir='ltr'>prebenda</span> <span class='ocrx_word' id='word_1_25' title='bbox 1139 405 1254 444; x_wconf 84' lang='lat' dir='ltr'>hujus-</span> 
     </span>
     <span class='ocr_line' id='line_1_5' title="bbox 242 457 1253 496; baseline 0.002 -10"><span class='ocrx_word' id='word_1_26' title='bbox 242 457 329 487; x_wconf 85' lang='lat' dir='ltr'>modi</span> <span class='ocrx_word' id='word_1_27' title='bbox 357 458 543 496; x_wconf 84' lang='lat' dir='ltr'>apostolica</span> <span class='ocrx_word' id='word_1_28' title='bbox 561 458 613 488; x_wconf 84' lang='lat' dir='ltr'>vel</span> <span class='ocrx_word' id='word_1_29' title='bbox 631 458 750 496; x_wconf 84' lang='lat' dir='ltr'>quavis</span> <span class='ocrx_word' id='word_1_30' title='bbox 769 457 835 486; x_wconf 86' lang='lat' dir='ltr'>alia</span> <span class='ocrx_word' id='word_1_31' title='bbox 853 457 1051 487; x_wconf 84' lang='lat' dir='ltr'>auctoritate</span> <span class='ocrx_word' id='word_1_32' title='bbox 1076 457 1253 496; x_wconf 86' lang='lat' dir='ltr'>contigerit</span> 
     </span>
    </p>
   </div>
   <div class='ocr_carea' id='block_1_3' title="bbox 241 505 1280 549">
    <p class='ocr_par' dir='ltr' id='par_1_3' title="bbox 241 505 1280 549">
     <span class='ocr_line' id='line_1_6' title="bbox 241 505 1280 549; baseline 0.001 -10"><span class='ocrx_word' id='word_1_33' title='bbox 241 511 446 549; x_wconf 73' lang='lat' dir='ltr'>attemptari.</span> <span class='ocrx_word' id='word_1_34' title='bbox 471 511 595 541; x_wconf 88' lang='lat' dir='ltr'>Datum</span> <span class='ocrx_word' id='word_1_35' title='bbox 621 510 709 549; x_wconf 87' lang='lat' dir='ltr'>apud</span> <span class='ocrx_word' id='word_1_36' title='bbox 728 509 1017 545; x_wconf 70' lang='lat' dir='ltr'>Urbemveterem,</span> <span class='ocrx_word' id='word_1_37' title='bbox 1045 519 1116 539; x_wconf 83' lang='lat' dir='ltr'>vnn</span> <span class='ocrx_word' id='word_1_38' title='bbox 1139 511 1253 541; x_wconf 86' lang='lat' dir='ltr'>kalen·</span> <span class='ocrx_word' id='word_1_39' title='bbox 1278 505 1280 525; x_wconf 69' lang='lat'><strong>³</strong></span> 
     </span>
    </p>
   </div>
   <div class='ocr_carea' id='block_1_4' title="bbox 241 563 759 599">
    <p class='ocr_par' dir='ltr' id='par_1_4' title="bbox 241 563 759 599">
     <span class='ocr_line' id='line_1_7' title="bbox 241 563 759 599; baseline 0 -8"><span class='ocrx_word' id='word_1_40' title='bbox 241 564 300 593; x_wconf 75' lang='lat' dir='ltr'>das</span> <span class='ocrx_word' id='word_1_41' title='bbox 319 563 492 599; x_wconf 83' lang='lat' dir='ltr'>februarii,</span> <span class='ocrx_word' id='word_1_42' title='bbox 510 573 596 594; x_wconf 88' lang='lat' dir='ltr'>anno</span> <span class='ocrx_word' id='word_1_43' title='bbox 613 563 724 594; x_wconf 88' lang='lat' dir='ltr'>tertio.</span> <span class='ocrx_word' id='word_1_44' title='bbox 746 575 759 592; x_wconf 87' lang='lat'>»</span> 
     </span>
    </p>
   </div>
   <div class='ocr_carea' id='block_1_5' title="bbox 334 764 428 793">
    <p class='ocr_par' dir='ltr' id='par_1_5' title="bbox 334 764 428 793">
     <span class='ocr_line' id='line_1_8' title="bbox 334 764 428 793; baseline 0 0"><span class='ocrx_word' id='word_1_45' title='bbox 334 764 428 793; x_wconf 79' lang='lat'>1210</span> 
     </span>
    </p>
   </div>
   <div class='ocr_carea' id='block_1_6' title="bbox 768 760 1178 796">
    <p class='ocr_par' dir='ltr' id='par_1_6' title="bbox 768 760 1178 796">
     <span class='ocr_line' id='line_1_9' title="bbox 768 760 1178 796; baseline 0.005 -9"><span class='ocrx_word' id='word_1_46' title='bbox 768 760 896 791; x_wconf 78' lang='lat' dir='ltr'>Orvicto,</span> <span class='ocrx_word' id='word_1_47' title='bbox 922 762 952 787; x_wconf 79' lang='lat'>13</span> <span class='ocrx_word' id='word_1_48' title='bbox 969 761 1082 796; x_wconf 84' lang='lat' dir='ltr'>janvicr</span> <span class='ocrx_word' id='word_1_49' title='bbox 1103 763 1178 789; x_wconf 67' lang='lat'>1204.</span> 
     </span>
    </p>
   </div>
   <div class='ocr_carea' id='block_1_7' title="bbox 277 845 1282 880">
    <p class='ocr_par' dir='ltr' id='par_1_7' title="bbox 277 845 1282 880">
     <span class='ocr_line' id='line_1_10' title="bbox 277 845 1282 880; baseline 0.001 -9"><span class='ocrx_word' id='word_1_50' title='bbox 277 845 433 880; x_wconf 72' lang='lat' dir='ltr'>l&#39;rwposilo</span> <span class='ocrx_word' id='word_1_51' title='bbox 450 845 578 872; x_wconf 74' lang='lat' dir='ltr'>ecclesire</span> <span class='ocrx_word' id='word_1_52' title='bbox 596 846 964 876; x_wconf 71' lang='lat' dir='ltr'>insulensis,&#39;tornacensis</span> <span class='ocrx_word' id='word_1_53' title='bbox 983 847 1117 880; x_wconf 82' lang='lat' dir='ltr'>diocesis,</span> <span class='ocrx_word' id='word_1_54' title='bbox 1134 849 1255 875; x_wconf 81' lang='lat' dir='ltr'>mandat</span> <span class='ocrx_word' id='word_1_55' title='bbox 1281 866 1282 872; x_wconf 66' lang='grc'>,</span> 
     </span>
    </p>
   </div>
   <div class='ocr_carea' id='block_1_8' title="bbox 241 894 1253 927">
    <p class='ocr_par' dir='ltr' id='par_1_8' title="bbox 241 894 1253 927">
     <span class='ocr_line' id='line_1_11' title="bbox 241 894 1253 927; baseline 0.003 -6"><span class='ocrx_word' id='word_1_56' title='bbox 241 898 271 922; x_wconf 84' lang='grc'>111</span> <span class='ocrx_word' id='word_1_57' title='bbox 285 904 301 921; x_wconf 84' lang='lat' dir='ltr'>a</span> <span class='ocrx_word' id='word_1_58' title='bbox 318 895 472 922; x_wconf 83' lang='lat' dir='ltr'>Guillclmo</span> <span class='ocrx_word' id='word_1_59' title='bbox 486 895 520 921; x_wconf 91' lang='lat' dir='ltr'>de</span> <span class='ocrx_word' id='word_1_60' title='bbox 536 895 681 926; x_wconf 70' lang='lat' dir='ltr'>Alvernia,</span> <span class='ocrx_word' id='word_1_61' title='bbox 694 894 897 922; x_wconf 83' lang='lat' dir='ltr'>archidiacono</span> <span class='ocrx_word' id='word_1_62' title='bbox 914 896 1074 927; x_wconf 80' lang='lat' dir='ltr'>Lcodiensi‚</span> <span class='ocrx_word' id='word_1_63' title='bbox 1088 897 1115 922; x_wconf 95' lang='lat' dir='ltr'>in</span> <span class='ocrx_word' id='word_1_64' title='bbox 1132 897 1253 924; x_wconf 83' lang='lat' dir='ltr'>ecelesia</span> 
     </span>
    </p>
   </div>
   <div class='ocr_carea' id='block_1_9' title="bbox 241 944 1282 980">
    <p class='ocr_par' dir='ltr' id='par_1_9' title="bbox 241 944 1282 980">
     <span class='ocr_line' id='line_1_12' title="bbox 241 944 1282 980; baseline 0.002 -9"><span class='ocrx_word' id='word_1_65' title='bbox 241 944 382 971; x_wconf 86' lang='lat' dir='ltr'>Insulensi</span> <span class='ocrx_word' id='word_1_66' title='bbox 409 944 558 974; x_wconf 80' lang='lat' dir='ltr'>canonico,</span> <span class='ocrx_word' id='word_1_67' title='bbox 589 944 751 978; x_wconf 66' lang='lat' dir='ltr'>praebendffl</span> <span class='ocrx_word' id='word_1_68' title='bbox 789 944 877 970; x_wconf 89' lang='lat' dir='ltr'>libera</span> <span class='ocrx_word' id='word_1_69' title='bbox 905 944 1100 979; x_wconf 68' lang='lat' dir='ltr'>resignatione</span> <span class='ocrx_word' id='word_1_70' title='bbox 1128 949 1253 980; x_wconf 84' lang='lat' dir='ltr'>recepta,</span> <span class='ocrx_word' id='word_1_71' title='bbox 1280 953 1282 956; x_wconf 84' lang='lat'>·</span> 
     </span>
    </p>
   </div>
   <div class='ocr_carea' id='block_1_10' title="bbox 240 993 1253 1073">
    <p class='ocr_par' dir='ltr' id='par_1_10' title="bbox 240 993 1253 1073">
     <span class='ocr_line' id='line_1_13' title="bbox 240 993 1253 1029; baseline 0.003 -10"><span class='ocrx_word' id='word_1_72' title='bbox 240 993 373 1020; x_wconf 84' lang='lat' dir='ltr'>eamdem</span> <span class='ocrx_word' id='word_1_73' title='bbox 398 993 584 1027; x_wconf 63' lang='lat' dir='ltr'>praebendam</span> <span class='ocrx_word' id='word_1_74' title='bbox 609 993 719 1028; x_wconf 77' lang='lat' dir='ltr'>Hugoni</span> <span class='ocrx_word' id='word_1_75' title='bbox 748 994 782 1020; x_wconf 85' lang='lat' dir='ltr'>de</span> <span class='ocrx_word' id='word_1_76' title='bbox 806 993 912 1019; x_wconf 78' lang='lat' dir='ltr'>Messes</span> <span class='ocrx_word' id='word_1_77' title='bbox 938 993 1078 1022; x_wconf 69' lang='lat' dir='ltr'>conserat.</span> <span class='ocrx_word' id='word_1_78' title='bbox 1107 995 1187 1029; x_wconf 48' lang='lat' dir='ltr'>(REG.</span> <span class='ocrx_word' id='word_1_79' title='bbox 1209 996 1253 1028; x_wconf 60' lang='lat'>29,</span> 
     </span>
     <span class='ocr_line' id='line_1_14' title="bbox 240 1041 499 1073; baseline -0.004 -5"><span class='ocrx_word' id='word_1_80' title='bbox 240 1041 288 1068; x_wconf 80' lang='lat' dir='ltr'>fol.</span> <span class='ocrx_word' id='word_1_81' title='bbox 307 1042 350 1069; x_wconf 81' lang='lat'>93.</span> <span class='ocrx_word' id='word_1_82' title='bbox 378 1046 409 1067; x_wconf 79' lang='grc' dir='ltr'>11ο</span> <span class='ocrx_word' id='word_1_83' title='bbox 425 1041 499 1073; x_wconf 79' lang='grc'>258.)</span> 
     </span>
    </p>
   </div>
   <div class='ocr_carea' id='block_1_11' title="bbox 239 1151 1254 1242">
    <p class='ocr_par' dir='ltr' id='par_1_11' title="bbox 239 1151 1254 1242">
     <span class='ocr_line' id='line_1_15' title="bbox 281 1151 1254 1192; baseline 0.004 -12"><span class='ocrx_word' id='word_1_84' title='bbox 281 1162 295 1181; x_wconf 76' lang='lat' dir='ltr'>t(</span> <span class='ocrx_word' id='word_1_85' title='bbox 318 1177 323 1182; x_wconf 86' lang='lat'>.</span> <span class='ocrx_word' id='word_1_86' title='bbox 343 1175 348 1180; x_wconf 90' lang='lat'>.</span> <span class='ocrx_word' id='word_1_87' title='bbox 369 1153 526 1192; x_wconf 75' lang='lat' dir='ltr'>preposito</span> <span class='ocrx_word' id='word_1_88' title='bbox 550 1151 671 1182; x_wconf 81' lang='lat' dir='ltr'>ecclesie</span> <span class='ocrx_word' id='word_1_89' title='bbox 688 1152 866 1186; x_wconf 62' lang='lat' dir='ltr'>lundensis,</span> <span class='ocrx_word' id='word_1_90' title='bbox 895 1153 1092 1183; x_wconf 80' lang='lat' dir='ltr'>Tornacensis</span> <span class='ocrx_word' id='word_1_91' title='bbox 1119 1154 1254 1187; x_wconf 77' lang='lat' dir='ltr'>diocesis.</span> 
     </span>
     <span class='ocr_line' id='line_1_16' title="bbox 239 1205 1254 1242; baseline 0.002 -6"><span class='ocrx_word' id='word_1_92' title='bbox 239 1206 307 1236; x_wconf 86' lang='lat' dir='ltr'>Sua</span> <span class='ocrx_word' id='word_1_93' title='bbox 324 1205 422 1235; x_wconf 89' lang='lat' dir='ltr'>nobis</span> <span class='ocrx_word' id='word_1_94' title='bbox 449 1205 593 1235; x_wconf 90' lang='lat' dir='ltr'>dilectus</span> <span class='ocrx_word' id='word_1_95' title='bbox 611 1205 704 1235; x_wconf 88' lang='lat' dir='ltr'>filius</span> <span class='ocrx_word' id='word_1_96' title='bbox 727 1206 934 1236; x_wconf 86' lang='lat' dir='ltr'>Guillelmus</span> <span class='ocrx_word' id='word_1_97' title='bbox 952 1207 992 1236; x_wconf 89' lang='lat' dir='ltr'>de</span> <span class='ocrx_word' id='word_1_98' title='bbox 1013 1207 1185 1242; x_wconf 84' lang='lat' dir='ltr'>Alvernia,</span> <span class='ocrx_word' id='word_1_99' title='bbox 1204 1217 1254 1238; x_wconf 88' lang='lat' dir='ltr'>ar-</span> 
     </span>
    </p>
   </div>
   <div class='ocr_carea' id='block_1_12' title="bbox 239 1258 1282 1298">
    <p class='ocr_par' dir='ltr' id='par_1_12' title="bbox 239 1258 1282 1298">
     <span class='ocr_line' id='line_1_17' title="bbox 239 1258 1282 1298; baseline 0.005 -11"><span class='ocrx_word' id='word_1_100' title='bbox 239 1258 457 1288; x_wconf 89' lang='lat' dir='ltr'>chidiaconus</span> <span class='ocrx_word' id='word_1_101' title='bbox 474 1258 685 1295; x_wconf 88' lang='lat' dir='ltr'>Leodiensis‚</span> <span class='ocrx_word' id='word_1_102' title='bbox 699 1261 878 1290; x_wconf 88' lang='lat' dir='ltr'>canonicus</span> <span class='ocrx_word' id='word_1_103' title='bbox 896 1259 1037 1290; x_wconf 80' lang='lat' dir='ltr'>ecclesie</span> <span class='ocrx_word' id='word_1_104' title='bbox 1052 1260 1255 1298; x_wconf 85' lang='lat' dir='ltr'>Insulensis,</span> <span class='ocrx_word' id='word_1_105' title='bbox 1280 1277 1282 1284; x_wconf 47' lang='grc' dir='ltr'><strong><em>ι</em></strong></span> 
     </span>
    </p>
   </div>
   <div class='ocr_carea' id='block_1_13' title="bbox 240 1311 1255 1353">
    <p class='ocr_par' dir='ltr' id='par_1_13' title="bbox 240 1311 1255 1353">
     <span class='ocr_line' id='line_1_18' title="bbox 240 1311 1255 1353; baseline 0.004 -12"><span class='ocrx_word' id='word_1_106' title='bbox 240 1312 468 1342; x_wconf 86' lang='lat' dir='ltr'>Tornacensis</span> <span class='ocrx_word' id='word_1_107' title='bbox 490 1311 648 1347; x_wconf 77' lang='lat' dir='ltr'>diocesis,</span> <span class='ocrx_word' id='word_1_108' title='bbox 669 1313 831 1351; x_wconf 88' lang='lat' dir='ltr'>petitione</span> <span class='ocrx_word' id='word_1_109' title='bbox 851 1314 1053 1344; x_wconf 88' lang='lat' dir='ltr'>monstravit</span> <span class='ocrx_word' id='word_1_110' title='bbox 1074 1315 1163 1353; x_wconf 87' lang='lat' dir='ltr'>quod</span> <span class='ocrx_word' id='word_1_111' title='bbox 1182 1315 1255 1352; x_wconf 73' lang='lat' dir='ltr'>ipse</span> 
     </span>
    </p>
   </div>
   <div class='ocr_carea' id='block_1_14' title="bbox 239 1365 1282 1406">
    <p class='ocr_par' dir='ltr' id='par_1_14' title="bbox 239 1365 1282 1406">
     <span class='ocr_line' id='line_1_19' title="bbox 239 1365 1282 1406; baseline 0.004 -12"><span class='ocrx_word' id='word_1_112' title='bbox 239 1365 445 1403; x_wconf 87' lang='lat' dir='ltr'>prebendam</span> <span class='ocrx_word' id='word_1_113' title='bbox 464 1373 565 1404; x_wconf 87' lang='lat' dir='ltr'>quam</span> <span class='ocrx_word' id='word_1_114' title='bbox 584 1365 618 1395; x_wconf 91' lang='lat' dir='ltr'>in</span> <span class='ocrx_word' id='word_1_115' title='bbox 645 1366 761 1396; x_wconf 86' lang='lat' dir='ltr'>eadem</span> <span class='ocrx_word' id='word_1_116' title='bbox 782 1366 925 1397; x_wconf 88' lang='lat' dir='ltr'>ecclesia</span> <span class='ocrx_word' id='word_1_117' title='bbox 948 1366 1088 1403; x_wconf 79' lang='lat' dir='ltr'>obtinet,</span> <span class='ocrx_word' id='word_1_118' title='bbox 1115 1369 1255 1406; x_wconf 86' lang='lat' dir='ltr'>paratus</span> <span class='ocrx_word' id='word_1_119' title='bbox 1280 1385 1282 1391; x_wconf 90' lang='lat'>·</span> 
     </span>
    </p>
   </div>
   <div class='ocr_carea' id='block_1_15' title="bbox 242 1418 1255 1458">
    <p class='ocr_par' dir='ltr' id='par_1_15' title="bbox 242 1418 1255 1458">
     <span class='ocr_line' id='line_1_20' title="bbox 242 1418 1255 1458; baseline 0.003 -11"><span class='ocrx_word' id='word_1_120' title='bbox 242 1420 292 1447; x_wconf 87' lang='lat' dir='ltr'>est</span> <span class='ocrx_word' id='word_1_121' title='bbox 307 1418 412 1448; x_wconf 79' lang='lat' dir='ltr'>libere</span> <span class='ocrx_word' id='word_1_122' title='bbox 431 1419 615 1457; x_wconf 85' lang='lat' dir='ltr'>resignare.</span> <span class='ocrx_word' id='word_1_123' title='bbox 634 1419 798 1454; x_wconf 75' lang='lat' dir='ltr'>Quocirca</span> <span class='ocrx_word' id='word_1_124' title='bbox 816 1419 1017 1449; x_wconf 76' lang='lat' dir='ltr'>mandamus</span> <span class='ocrx_word' id='word_1_125' title='bbox 1032 1420 1205 1458; x_wconf 81' lang='lat' dir='ltr'>quatinus,</span> <span class='ocrx_word' id='word_1_126' title='bbox 1227 1420 1255 1450; x_wconf 91' lang='lat' dir='ltr'>si</span> 
     </span>
    </p>
   </div>
   <div class='ocr_carea' id='block_1_16' title="bbox 241 1471 1283 1511">
    <p class='ocr_par' dir='ltr' id='par_1_16' title="bbox 241 1471 1283 1511">
     <span class='ocr_line' id='line_1_21' title="bbox 241 1471 1283 1511; baseline 0.002 -10"><span class='ocrx_word' id='word_1_127' title='bbox 241 1473 291 1501; x_wconf 88' lang='lat' dir='ltr'>est</span> <span class='ocrx_word' id='word_1_128' title='bbox 310 1471 366 1507; x_wconf 84' lang='lat' dir='ltr'>ita,</span> <span class='ocrx_word' id='word_1_129' title='bbox 385 1471 426 1501; x_wconf 91' lang='lat' dir='ltr'>ab</span> <span class='ocrx_word' id='word_1_130' title='bbox 448 1472 564 1501; x_wconf 88' lang='lat' dir='ltr'>eodem</span> <span class='ocrx_word' id='word_1_131' title='bbox 583 1471 814 1502; x_wconf 83' lang='lat' dir='ltr'>archidiacono</span> <span class='ocrx_word' id='word_1_132' title='bbox 836 1472 984 1510; x_wconf 82' lang='lat' dir='ltr'>predicte</span> <span class='ocrx_word' id='word_1_133' title='bbox 1005 1473 1173 1511; x_wconf 86' lang='lat' dir='ltr'>prebende</span> <span class='ocrx_word' id='word_1_134' title='bbox 1196 1482 1256 1511; x_wconf 87' lang='lat' dir='ltr'>per</span> <span class='ocrx_word' id='word_1_135' title='bbox 1281 1481 1283 1487; x_wconf 66' lang='lat'><em>‘</em></span> 
     </span>
    </p>
   </div>
   <div class='ocr_carea' id='block_1_17' title="bbox 241 1524 1256 1564">
    <p class='ocr_par' dir='ltr' id='par_1_17' title="bbox 241 1524 1256 1564">
     <span class='ocr_line' id='line_1_22' title="bbox 241 1524 1256 1564; baseline 0.002 -10"><span class='ocrx_word' id='word_1_136' title='bbox 241 1526 272 1554; x_wconf 89' lang='lat' dir='ltr'>te</span> <span class='ocrx_word' id='word_1_137' title='bbox 292 1525 344 1554; x_wconf 85' lang='lat' dir='ltr'>vel</span> <span class='ocrx_word' id='word_1_138' title='bbox 364 1533 422 1562; x_wconf 88' lang='lat' dir='ltr'>per</span> <span class='ocrx_word' id='word_1_139' title='bbox 448 1525 552 1554; x_wconf 87' lang='lat' dir='ltr'>alium</span> <span class='ocrx_word' id='word_1_140' title='bbox 572 1524 680 1554; x_wconf 89' lang='lat' dir='ltr'>libera</span> <span class='ocrx_word' id='word_1_141' title='bbox 702 1525 930 1564; x_wconf 76' lang='lat' dir='ltr'>resignatione</span> <span class='ocrx_word' id='word_1_142' title='bbox 951 1528 1097 1564; x_wconf 86' lang='lat' dir='ltr'>recepta,</span> <span class='ocrx_word' id='word_1_143' title='bbox 1117 1526 1256 1564; x_wconf 86' lang='lat' dir='ltr'>preben-</span> 
     </span>
    </p>
   </div>
   <div class='ocr_carea' id='block_1_18' title="bbox 242 1577 1283 1617">
    <p class='ocr_par' dir='ltr' id='par_1_18' title="bbox 242 1577 1283 1617">
     <span class='ocr_line' id='line_1_23' title="bbox 242 1577 1283 1617; baseline 0.004 -12"><span class='ocrx_word' id='word_1_144' title='bbox 242 1577 317 1607; x_wconf 84' lang='lat' dir='ltr'>dam</span> <span class='ocrx_word' id='word_1_145' title='bbox 337 1577 445 1616; x_wconf 86' lang='lat' dir='ltr'>ipsam</span> <span class='ocrx_word' id='word_1_146' title='bbox 460 1578 582 1608; x_wconf 86' lang='lat' dir='ltr'>dilecto</span> <span class='ocrx_word' id='word_1_147' title='bbox 599 1578 670 1608; x_wconf 84' lang='lat' dir='ltr'>filio</span> <span class='ocrx_word' id='word_1_148' title='bbox 684 1578 818 1616; x_wconf 84' lang='lat' dir='ltr'>Hugoni</span> <span class='ocrx_word' id='word_1_149' title='bbox 833 1578 872 1608; x_wconf 86' lang='lat' dir='ltr'>de</span> <span class='ocrx_word' id='word_1_150' title='bbox 888 1578 1029 1614; x_wconf 87' lang='lat' dir='ltr'>Messes,</span> <span class='ocrx_word' id='word_1_151' title='bbox 1044 1579 1101 1617; x_wconf 84' lang='lat' dir='ltr'>qui</span> <span class='ocrx_word' id='word_1_152' title='bbox 1117 1579 1151 1608; x_wconf 91' lang='lat' dir='ltr'>in</span> <span class='ocrx_word' id='word_1_153' title='bbox 1165 1579 1255 1609; x_wconf 81' lang='lat' dir='ltr'>dicta</span> <span class='ocrx_word' id='word_1_154' title='bbox 1281 1589 1283 1596; x_wconf 70' lang='lat'><strong>⁴</strong></span> 
     </span>
    </p>
   </div>
   <div class='ocr_carea' id='block_1_19' title="bbox 243 1630 1259 1829">
    <p class='ocr_par' dir='ltr' id='par_1_19' title="bbox 243 1630 1259 1829">
     <span class='ocr_line' id='line_1_24' title="bbox 243 1630 1255 1670; baseline 0.002 -10"><span class='ocrx_word' id='word_1_155' title='bbox 243 1631 386 1660; x_wconf 87' lang='lat' dir='ltr'>ecclesia</span> <span class='ocrx_word' id='word_1_156' title='bbox 402 1631 436 1660; x_wconf 92' lang='lat' dir='ltr'>in</span> <span class='ocrx_word' id='word_1_157' title='bbox 460 1640 526 1669; x_wconf 87' lang='lat' dir='ltr'>qua</span> <span class='ocrx_word' id='word_1_158' title='bbox 547 1630 793 1669; x_wconf 82' lang='lat' dir='ltr'>prebendarum</span> <span class='ocrx_word' id='word_1_159' title='bbox 813 1631 949 1661; x_wconf 83' lang='lat' dir='ltr'>collatio</span> <span class='ocrx_word' id='word_1_160' title='bbox 972 1632 1013 1662; x_wconf 89' lang='lat' dir='ltr'>ad</span> <span class='ocrx_word' id='word_1_161' title='bbox 1036 1633 1068 1662; x_wconf 86' lang='lat' dir='ltr'>te</span> <span class='ocrx_word' id='word_1_162' title='bbox 1086 1633 1255 1670; x_wconf 87' lang='lat' dir='ltr'>pertinere</span> 
     </span>
     <span class='ocr_line' id='line_1_25' title="bbox 244 1683 1252 1723; baseline 0.002 -10"><span class='ocrx_word' id='word_1_163' title='bbox 244 1683 443 1719; x_wconf 83' lang='lat' dir='ltr'>dinoscitur,</span> <span class='ocrx_word' id='word_1_164' title='bbox 463 1684 496 1713; x_wconf 89' lang='lat' dir='ltr'>in</span> <span class='ocrx_word' id='word_1_165' title='bbox 515 1684 712 1714; x_wconf 90' lang='lat' dir='ltr'>canonicum</span> <span class='ocrx_word' id='word_1_166' title='bbox 731 1685 931 1714; x_wconf 87' lang='lat' dir='ltr'>auctoritate</span> <span class='ocrx_word' id='word_1_167' title='bbox 950 1685 1147 1723; x_wconf 81' lang='lat' dir='ltr'>apostolica,</span> <span class='ocrx_word' id='word_1_168' title='bbox 1162 1687 1196 1715; x_wconf 91' lang='lat' dir='ltr'>ut</span> <span class='ocrx_word' id='word_1_169' title='bbox 1207 1686 1252 1715; x_wconf 87' lang='lat' dir='ltr'>di-</span> 
     </span>
     <span class='ocr_line' id='line_1_26' title="bbox 244 1737 1255 1776; baseline 0.001 -9"><span class='ocrx_word' id='word_1_170' title='bbox 244 1739 341 1773; x_wconf 77' lang='lat' dir='ltr'>citur,</span> <span class='ocrx_word' id='word_1_171' title='bbox 362 1739 412 1768; x_wconf 88' lang='lat' dir='ltr'>est</span> <span class='ocrx_word' id='word_1_172' title='bbox 430 1740 584 1776; x_wconf 87' lang='lat' dir='ltr'>receptus</span> <span class='ocrx_word' id='word_1_173' title='bbox 605 1746 664 1768; x_wconf 89' lang='lat' dir='ltr'>nec</span> <span class='ocrx_word' id='word_1_174' title='bbox 679 1737 884 1775; x_wconf 78' lang='lat' dir='ltr'>prebendam</span> <span class='ocrx_word' id='word_1_175' title='bbox 900 1738 1048 1776; x_wconf 82' lang='lat' dir='ltr'>aliquam</span> <span class='ocrx_word' id='word_1_176' title='bbox 1067 1740 1255 1773; x_wconf 84' lang='lat' dir='ltr'>assecutus,</span> 
     </span>
     <span class='ocr_line' id='line_1_27' title="bbox 244 1791 1259 1829; baseline 0.002 -9"><span class='ocrx_word' id='word_1_177' title='bbox 244 1791 295 1821; x_wconf 78' lang='lat' dir='ltr'>vel</span> <span class='ocrx_word' id='word_1_178' title='bbox 316 1791 372 1820; x_wconf 91' lang='lat' dir='ltr'>alii</span> <span class='ocrx_word' id='word_1_179' title='bbox 389 1800 532 1829; x_wconf 80' lang='lat' dir='ltr'>persone</span> <span class='ocrx_word' id='word_1_180' title='bbox 550 1791 691 1829; x_wconf 69' lang='lat' dir='ltr'>ydonee,</span> <span class='ocrx_word' id='word_1_181' title='bbox 714 1793 813 1829; x_wconf 87' lang='lat' dir='ltr'>prout</span> <span class='ocrx_word' id='word_1_182' title='bbox 837 1791 995 1829; x_wconf 84' lang='lat' dir='ltr'>expedire</span> <span class='ocrx_word' id='word_1_183' title='bbox 1018 1791 1156 1827; x_wconf 86' lang='lat' dir='ltr'>videris,</span> <span class='ocrx_word' id='word_1_184' title='bbox 1182 1800 1259 1822; x_wconf 82' lang='grc'>3110-</span> 
     </span>
    </p>
   </div>
   <div class='ocr_carea' id='block_1_20' title="bbox 244 1844 1285 1883">
    <p class='ocr_par' dir='ltr' id='par_1_20' title="bbox 244 1844 1285 1883">
     <span class='ocr_line' id='line_1_28' title="bbox 244 1844 1285 1883; baseline 0.001 -9"><span class='ocrx_word' id='word_1_185' title='bbox 244 1845 379 1874; x_wconf 84' lang='lat' dir='ltr'>toritate</span> <span class='ocrx_word' id='word_1_186' title='bbox 410 1846 526 1874; x_wconf 88' lang='lat' dir='ltr'>nostra</span> <span class='ocrx_word' id='word_1_187' title='bbox 552 1844 705 1874; x_wconf 83' lang='lat' dir='ltr'>conferas</span> <span class='ocrx_word' id='word_1_188' title='bbox 733 1846 765 1874; x_wconf 92' lang='lat' dir='ltr'>et</span> <span class='ocrx_word' id='word_1_189' title='bbox 797 1844 964 1883; x_wconf 70' lang='lat' dir='ltr'>assignes,</span> <span class='ocrx_word' id='word_1_190' title='bbox 992 1845 1172 1883; x_wconf 85' lang='lat' dir='ltr'>ipsumque</span> <span class='ocrx_word' id='word_1_191' title='bbox 1205 1845 1258 1875; x_wconf 88' lang='lat' dir='ltr'>vel</span> <span class='ocrx_word' id='word_1_192' title='bbox 1283 1862 1285 1869; x_wconf 76' lang='lat'>›</span> 
     </span>
    </p>
   </div>
   <div class='ocr_carea' id='block_1_21' title="bbox 244 1896 1262 2456">
    <p class='ocr_par' dir='ltr' id='par_1_21' title="bbox 244 1896 1262 2456">
     <span class='ocr_line' id='line_1_29' title="bbox 244 1896 1257 1935; baseline 0.001 -9"><span class='ocrx_word' id='word_1_193' title='bbox 244 1905 423 1935; x_wconf 83' lang='lat' dir='ltr'>personam</span> <span class='ocrx_word' id='word_1_194' title='bbox 432 1896 627 1934; x_wconf 86' lang='lat' dir='ltr'>hujusmodi</span> <span class='ocrx_word' id='word_1_195' title='bbox 638 1896 671 1925; x_wconf 92' lang='lat' dir='ltr'>in</span> <span class='ocrx_word' id='word_1_196' title='bbox 685 1896 995 1934; x_wconf 85' lang='lat' dir='ltr'>illiuscorporalem</span> <span class='ocrx_word' id='word_1_197' title='bbox 1005 1897 1257 1935; x_wconf 85' lang='lat' dir='ltr'>possessionem</span> 
     </span>
     <span class='ocr_line' id='line_1_30' title="bbox 245 1949 1258 1981; baseline 0.001 -2"><span class='ocrx_word' id='word_1_198' title='bbox 245 1950 385 1980; x_wconf 87' lang='lat' dir='ltr'>inducas</span> <span class='ocrx_word' id='word_1_199' title='bbox 401 1952 430 1980; x_wconf 89' lang='lat' dir='ltr'>et</span> <span class='ocrx_word' id='word_1_200' title='bbox 450 1950 625 1980; x_wconf 89' lang='lat' dir='ltr'>inductum</span> <span class='ocrx_word' id='word_1_201' title='bbox 644 1950 697 1979; x_wconf 89' lang='lat' dir='ltr'>vel</span> <span class='ocrx_word' id='word_1_202' title='bbox 716 1949 888 1979; x_wconf 88' lang='lat' dir='ltr'>inductam</span> <span class='ocrx_word' id='word_1_203' title='bbox 907 1950 1009 1980; x_wconf 87' lang='lat' dir='ltr'>etiam</span> <span class='ocrx_word' id='word_1_204' title='bbox 1026 1951 1165 1980; x_wconf 88' lang='lat' dir='ltr'>tuearis.</span> <span class='ocrx_word' id='word_1_205' title='bbox 1183 1951 1258 1981; x_wconf 90' lang='lat' dir='ltr'>Non</span> 
     </span>
     <span class='ocr_line' id='line_1_31' title="bbox 246 2002 1258 2042; baseline 0.003 -11"><span class='ocrx_word' id='word_1_206' title='bbox 246 2002 411 2038; x_wconf 83' lang='lat' dir='ltr'>obstante⁷</span> <span class='ocrx_word' id='word_1_207' title='bbox 438 2020 476 2024; x_wconf 92' lang='lat'>—-</span> <span class='ocrx_word' id='word_1_208' title='bbox 503 2003 555 2032; x_wconf 86' lang='lat' dir='ltr'>vel</span> <span class='ocrx_word' id='word_1_209' title='bbox 574 2003 662 2041; x_wconf 84' lang='lat' dir='ltr'>quod</span> <span class='ocrx_word' id='word_1_210' title='bbox 681 2003 769 2032; x_wconf 88' lang='lat' dir='ltr'>idem</span> <span class='ocrx_word' id='word_1_211' title='bbox 796 2003 894 2042; x_wconf 88' lang='lat' dir='ltr'>Hugo</span> <span class='ocrx_word' id='word_1_212' title='bbox 922 2003 1007 2033; x_wconf 86' lang='lat' dir='ltr'>alias</span> <span class='ocrx_word' id='word_1_213' title='bbox 1035 2003 1258 2034; x_wconf 88' lang='lat' dir='ltr'>beneficiatus</span> 
     </span>
     <span class='ocr_line' id='line_1_32' title="bbox 246 2056 1258 2095; baseline 0 -10"><span class='ocrx_word' id='word_1_214' title='bbox 246 2056 363 2086; x_wconf 77' lang='lat' dir='ltr'>existit</span> <span class='ocrx_word' id='word_1_215' title='bbox 388 2073 436 2085; x_wconf 90' lang='lat'>—.</span> <span class='ocrx_word' id='word_1_216' title='bbox 463 2056 737 2085; x_wconf 84' lang='lat' dir='ltr'>Contradictores</span> <span class='ocrx_word' id='word_1_217' title='bbox 760 2057 835 2092; x_wconf 79' lang='lat' dir='ltr'>etc,</span> <span class='ocrx_word' id='word_1_218' title='bbox 864 2064 972 2094; x_wconf 85' lang='lat' dir='ltr'>nsque</span> <span class='ocrx_word' id='word_1_219' title='bbox 1003 2057 1258 2095; x_wconf 86' lang='lat' dir='ltr'>compescendo.</span> 
     </span>
     <span class='ocr_line' id='line_1_33' title="bbox 249 2109 1259 2148; baseline 0.002 -10"><span class='ocrx_word' id='word_1_220' title='bbox 249 2109 352 2138; x_wconf 86' lang='lat' dir='ltr'>Porro</span> <span class='ocrx_word' id='word_1_221' title='bbox 368 2109 447 2147; x_wconf 85' lang='lat' dir='ltr'>quia</span> <span class='ocrx_word' id='word_1_222' title='bbox 466 2118 531 2139; x_wconf 87' lang='lat' dir='ltr'>non</span> <span class='ocrx_word' id='word_1_223' title='bbox 552 2109 740 2139; x_wconf 88' lang='lat' dir='ltr'>verisimile</span> <span class='ocrx_word' id='word_1_224' title='bbox 762 2109 836 2148; x_wconf 39' lang='lat' dir='ltr'>sest]</span> <span class='ocrx_word' id='word_1_225' title='bbox 859 2110 947 2147; x_wconf 78' lang='lat' dir='ltr'>quod</span> <span class='ocrx_word' id='word_1_226' title='bbox 966 2110 1042 2148; x_wconf 86' lang='lat' dir='ltr'>quis</span> <span class='ocrx_word' id='word_1_227' title='bbox 1058 2109 1259 2140; x_wconf 82' lang='lat' dir='ltr'>beneficium</span> 
     </span>
     <span class='ocr_line' id='line_1_34' title="bbox 248 2161 1262 2202; baseline 0.003 -12"><span class='ocrx_word' id='word_1_228' title='bbox 248 2162 286 2191; x_wconf 87' lang='lat' dir='ltr'>de</span> <span class='ocrx_word' id='word_1_229' title='bbox 312 2171 376 2200; x_wconf 88' lang='lat' dir='ltr'>quo</span> <span class='ocrx_word' id='word_1_230' title='bbox 402 2162 469 2192; x_wconf 85' lang='lat' dir='ltr'>vite</span> <span class='ocrx_word' id='word_1_231' title='bbox 492 2161 646 2191; x_wconf 85' lang='lat' dir='ltr'>subsidia</span> <span class='ocrx_word' id='word_1_232' title='bbox 670 2162 813 2200; x_wconf 78' lang='lat' dir='ltr'>percipit</span> <span class='ocrx_word' id='word_1_233' title='bbox 838 2162 877 2192; x_wconf 89' lang='lat' dir='ltr'>de</span> <span class='ocrx_word' id='word_1_234' title='bbox 905 2162 1010 2197; x_wconf 87' lang='lat' dir='ltr'>facili,</span> <span class='ocrx_word' id='word_1_235' title='bbox 1040 2163 1112 2193; x_wconf 84' lang='lat' dir='ltr'>sine</span> <span class='ocrx_word' id='word_1_236' title='bbox 1140 2172 1262 2202; x_wconf 86' lang='lat' dir='ltr'>magna</span> 
     </span>
     <span class='ocr_line' id='line_1_35' title="bbox 248 2215 1262 2255; baseline 0.002 -11"><span class='ocrx_word' id='word_1_237' title='bbox 248 2223 350 2244; x_wconf 84' lang='lat' dir='ltr'>causa</span> <span class='ocrx_word' id='word_1_238' title='bbox 366 2223 427 2244; x_wconf 83' lang='lat' dir='ltr'>sua</span> <span class='ocrx_word' id='word_1_239' title='bbox 442 2216 560 2253; x_wconf 84' lang='lat' dir='ltr'>sponte</span> <span class='ocrx_word' id='word_1_240' title='bbox 579 2215 740 2253; x_wconf 73' lang='lat' dir='ltr'>resignat,</span> <span class='ocrx_word' id='word_1_241' title='bbox 756 2215 892 2244; x_wconf 90' lang='lat' dir='ltr'>omnino</span> <span class='ocrx_word' id='word_1_242' title='bbox 902 2215 1083 2253; x_wconf 79' lang='lat' dir='ltr'>provideas</span> <span class='ocrx_word' id='word_1_243' title='bbox 1101 2224 1141 2246; x_wconf 89' lang='lat' dir='ltr'>ne</span> <span class='ocrx_word' id='word_1_244' title='bbox 1160 2225 1262 2255; x_wconf 87' lang='lat' dir='ltr'>super</span> 
     </span>
     <span class='ocr_line' id='line_1_36' title="bbox 248 2267 1261 2307; baseline 0.002 -10"><span class='ocrx_word' id='word_1_245' title='bbox 248 2267 308 2297; x_wconf 86' lang='lat' dir='ltr'>hoc</span> <span class='ocrx_word' id='word_1_246' title='bbox 334 2276 376 2297; x_wconf 80' lang='lat' dir='ltr'>ex</span> <span class='ocrx_word' id='word_1_247' title='bbox 405 2269 498 2306; x_wconf 82' lang='lat' dir='ltr'>parte</span> <span class='ocrx_word' id='word_1_248' title='bbox 525 2267 691 2297; x_wconf 87' lang='lat' dir='ltr'>dictorum</span> <span class='ocrx_word' id='word_1_249' title='bbox 718 2267 945 2298; x_wconf 81' lang='lat' dir='ltr'>archidiaconi</span> <span class='ocrx_word' id='word_1_250' title='bbox 971 2270 1003 2298; x_wconf 91' lang='lat' dir='ltr'>et</span> <span class='ocrx_word' id='word_1_251' title='bbox 1025 2268 1180 2307; x_wconf 88' lang='lat' dir='ltr'>Hugonis</span> <span class='ocrx_word' id='word_1_252' title='bbox 1208 2269 1261 2299; x_wconf 91' lang='lat' dir='ltr'>vel</span> 
     </span>
     <span class='ocr_line' id='line_1_37' title="bbox 249 2320 1262 2361; baseline 0.003 -12"><span class='ocrx_word' id='word_1_253' title='bbox 249 2329 390 2358; x_wconf 82' lang='lat' dir='ltr'>persone</span> <span class='ocrx_word' id='word_1_254' title='bbox 415 2329 475 2350; x_wconf 84' lang='lat' dir='ltr'>seu</span> <span class='ocrx_word' id='word_1_255' title='bbox 504 2321 589 2350; x_wconf 89' lang='lat' dir='ltr'>alias</span> <span class='ocrx_word' id='word_1_256' title='bbox 614 2320 868 2359; x_wconf 82' lang='lat' dir='ltr'>quomodolibet</span> <span class='ocrx_word' id='word_1_257' title='bbox 901 2320 1014 2360; x_wconf 84' lang='lat' dir='ltr'>aliqua</span> <span class='ocrx_word' id='word_1_258' title='bbox 1036 2322 1187 2361; x_wconf 82' lang='lat' dir='ltr'>pravitas</span> <span class='ocrx_word' id='word_1_259' title='bbox 1212 2322 1262 2352; x_wconf 90' lang='lat' dir='ltr'>in-</span> 
     </span>
     <span class='ocr_line' id='line_1_38' title="bbox 250 2372 1261 2413; baseline 0.002 -10"><span class='ocrx_word' id='word_1_260' title='bbox 250 2373 408 2403; x_wconf 82' lang='lat' dir='ltr'>tercedat.</span> <span class='ocrx_word' id='word_1_261' title='bbox 438 2373 564 2403; x_wconf 82' lang='lat' dir='ltr'>Datum</span> <span class='ocrx_word' id='word_1_262' title='bbox 583 2373 671 2411; x_wconf 85' lang='lat' dir='ltr'>apud</span> <span class='ocrx_word' id='word_1_263' title='bbox 696 2372 984 2408; x_wconf 74' lang='lat' dir='ltr'>Urbemveterem,</span> <span class='ocrx_word' id='word_1_264' title='bbox 1008 2374 1085 2404; x_wconf 90' lang='lat' dir='ltr'>idus</span> <span class='ocrx_word' id='word_1_265' title='bbox 1101 2374 1261 2413; x_wconf 80' lang='lat' dir='ltr'>januarii,</span> 
     </span>
     <span class='ocr_line' id='line_1_39' title="bbox 250 2426 502 2456; baseline -0.004 -1"><span class='ocrx_word' id='word_1_266' title='bbox 250 2434 336 2455; x_wconf 82' lang='lat' dir='ltr'>anno</span> <span class='ocrx_word' id='word_1_267' title='bbox 354 2426 466 2456; x_wconf 85' lang='lat' dir='ltr'>tertio.</span> <span class='ocrx_word' id='word_1_268' title='bbox 485 2434 502 2455; x_wconf 86' lang='grc'>))</span> 
     </span>
    </p>
   </div>
   <div class='ocr_carea' id='block_1_22' title="bbox 346 2622 437 2653">
    <p class='ocr_par' dir='ltr' id='par_1_22' title="bbox 346 2622 437 2653">
     <span class='ocr_line' id='line_1_40' title="bbox 346 2622 437 2653; baseline -0.011 0"><span class='ocrx_word' id='word_1_269' title='bbox 346 2622 437 2653; x_wconf 79' lang='grc'>1211</span> 
     </span>
    </p>
   </div>
   <div class='ocr_carea' id='block_1_23' title="bbox 787 2620 1190 2657">
    <p class='ocr_par' dir='ltr' id='par_1_23' title="bbox 787 2620 1190 2657">
     <span class='ocr_line' id='line_1_41' title="bbox 787 2620 1190 2657; baseline 0.007 -12"><span class='ocrx_word' id='word_1_270' title='bbox 787 2620 911 2652; x_wconf 75' lang='lat' dir='ltr'>Orvieto,</span> <span class='ocrx_word' id='word_1_271' title='bbox 929 2621 964 2648; x_wconf 77' lang='lat'>23</span> <span class='ocrx_word' id='word_1_272' title='bbox 980 2621 1092 2657; x_wconf 82' lang='lat' dir='ltr'>janvier</span> <span class='ocrx_word' id='word_1_273' title='bbox 1109 2621 1190 2649; x_wconf 72' lang='lat'><strong>1264.</strong></span> 
     </span>
    </p>
   </div>
   <div class='ocr_carea' id='block_1_24' title="bbox 253 2703 1269 2981">
    <p class='ocr_par' dir='ltr' id='par_1_24' title="bbox 253 2703 1269 2935">
     <span class='ocr_line' id='line_1_42' title="bbox 290 2703 1265 2742; baseline 0.002 -10"><span class='ocrx_word' id='word_1_274' title='bbox 290 2706 405 2732; x_wconf 74' lang='lat' dir='ltr'>&#39;l&#39;liomze</span> <span class='ocrx_word' id='word_1_275' title='bbox 422 2706 455 2732; x_wconf 83' lang='lat' dir='ltr'>de</span> <span class='ocrx_word' id='word_1_276' title='bbox 474 2704 609 2736; x_wconf 71' lang='lat' dir='ltr'>(iraham,</span> <span class='ocrx_word' id='word_1_277' title='bbox 634 2707 772 2738; x_wconf 78' lang='lat' dir='ltr'>perpetuo</span> <span class='ocrx_word' id='word_1_278' title='bbox 796 2703 903 2732; x_wconf 81' lang='lat' dir='ltr'>vicario</span> <span class='ocrx_word' id='word_1_279' title='bbox 923 2705 1051 2733; x_wconf 72' lang='lat' dir='ltr'>ecclesiae</span> <span class='ocrx_word' id='word_1_280' title='bbox 1070 2707 1104 2733; x_wconf 86' lang='lat' dir='ltr'>de</span> <span class='ocrx_word' id='word_1_281' title='bbox 1126 2707 1265 2742; x_wconf 79' lang='lat' dir='ltr'>Tykeilla,</span> 
     </span>
     <span class='ocr_line' id='line_1_43' title="bbox 255 2753 1267 2787; baseline 0.002 -6"><span class='ocrx_word' id='word_1_282' title='bbox 255 2755 442 2782; x_wconf 85' lang='lat' dir='ltr'>Eboraccnsis</span> <span class='ocrx_word' id='word_1_283' title='bbox 463 2753 596 2784; x_wconf 80' lang='lat' dir='ltr'>diocesis,</span> <span class='ocrx_word' id='word_1_284' title='bbox 617 2753 778 2787; x_wconf 88' lang='lat' dir='ltr'>portionem</span> <span class='ocrx_word' id='word_1_285' title='bbox 796 2761 860 2779; x_wconf 87' lang='lat' dir='ltr'>cum</span> <span class='ocrx_word' id='word_1_286' title='bbox 878 2754 966 2780; x_wconf 85' lang='lat' dir='ltr'>certis</span> <span class='ocrx_word' id='word_1_287' title='bbox 983 2755 1116 2782; x_wconf 86' lang='lat' dir='ltr'>domibus</span> <span class='ocrx_word' id='word_1_288' title='bbox 1135 2758 1162 2782; x_wconf 88' lang='lat' dir='ltr'>et</span> <span class='ocrx_word' id='word_1_289' title='bbox 1180 2756 1267 2783; x_wconf 89' lang='lat' dir='ltr'>terris</span> 
     </span>
     <span class='ocr_line' id='line_1_44' title="bbox 253 2802 1269 2838; baseline 0 -8"><span class='ocrx_word' id='word_1_290' title='bbox 253 2804 385 2838; x_wconf 78' lang='lat' dir='ltr'>assignat</span> <span class='ocrx_word' id='word_1_291' title='bbox 410 2811 495 2837; x_wconf 82' lang='lat' dir='ltr'>quam</span> <span class='ocrx_word' id='word_1_292' title='bbox 518 2802 596 2836; x_wconf 87' lang='lat' dir='ltr'>prior</span> <span class='ocrx_word' id='word_1_293' title='bbox 615 2804 642 2828; x_wconf 89' lang='lat' dir='ltr'>et</span> <span class='ocrx_word' id='word_1_294' title='bbox 661 2804 821 2828; x_wconf 80' lang='lat' dir='ltr'>conventus</span> <span class='ocrx_word' id='word_1_295' title='bbox 839 2802 1007 2829; x_wconf 82' lang='lat' dir='ltr'>monasterii</span> <span class='ocrx_word' id='word_1_296' title='bbox 1025 2804 1052 2829; x_wconf 92' lang='lat' dir='ltr'>S.</span> <span class='ocrx_word' id='word_1_297' title='bbox 1069 2803 1204 2838; x_wconf 82' lang='lat' dir='ltr'>Oswaldi,</span> <span class='ocrx_word' id='word_1_298' title='bbox 1222 2813 1269 2831; x_wconf 89' lang='lat' dir='ltr'>or·</span> 
     </span>
     <span class='ocr_line' id='line_1_45' title="bbox 255 2849 1268 2886; baseline 0.003 -9"><span class='ocrx_word' id='word_1_299' title='bbox 255 2853 330 2879; x_wconf 85' lang='lat' dir='ltr'>dinis</span> <span class='ocrx_word' id='word_1_300' title='bbox 352 2853 378 2878; x_wconf 85' lang='lat' dir='ltr'>S.</span> <span class='ocrx_word' id='word_1_301' title='bbox 399 2851 561 2886; x_wconf 70' lang='lat' dir='ltr'>Augustini,</span> <span class='ocrx_word' id='word_1_302' title='bbox 583 2851 712 2886; x_wconf 84' lang='lat' dir='ltr'>ejusdem</span> <span class='ocrx_word' id='word_1_303' title='bbox 729 2849 864 2883; x_wconf 75' lang='lat' dir='ltr'>diocesiS‚</span> <span class='ocrx_word' id='word_1_304' title='bbox 880 2850 908 2877; x_wconf 91' lang='lat' dir='ltr'>in</span> <span class='ocrx_word' id='word_1_305' title='bbox 924 2851 1024 2878; x_wconf 80' lang='lat' dir='ltr'>eadem</span> <span class='ocrx_word' id='word_1_306' title='bbox 1040 2852 1162 2879; x_wconf 84' lang='lat' dir='ltr'>ecclesia</span> <span class='ocrx_word' id='word_1_307' title='bbox 1177 2855 1205 2880; x_wconf 89' lang='lat' dir='ltr'>et</span> <span class='ocrx_word' id='word_1_308' title='bbox 1223 2861 1268 2880; x_wconf 78' lang='lat' dir='ltr'>ca-</span> 
     </span>
     <span class='ocr_line' id='line_1_46' title="bbox 258 2898 1268 2935; baseline 0.002 -8"><span class='ocrx_word' id='word_1_309' title='bbox 258 2901 332 2935; x_wconf 82' lang='lat' dir='ltr'>pella</span> <span class='ocrx_word' id='word_1_310' title='bbox 345 2901 379 2927; x_wconf 85' lang='lat' dir='ltr'>de</span> <span class='ocrx_word' id='word_1_311' title='bbox 393 2901 543 2927; x_wconf 82' lang='lat' dir='ltr'>Stamtone</span> <span class='ocrx_word' id='word_1_312' title='bbox 555 2899 701 2934; x_wconf 84' lang='lat' dir='ltr'>percipere</span> <span class='ocrx_word' id='word_1_313' title='bbox 716 2899 819 2926; x_wconf 85' lang='lat' dir='ltr'>solent.</span> <span class='ocrx_word' id='word_1_314' title='bbox 837 2898 912 2932; x_wconf 67' lang='lat' dir='ltr'>(Bne.</span> <span class='ocrx_word' id='word_1_315' title='bbox 925 2900 969 2931; x_wconf 77' lang='lat'>29,</span> <span class='ocrx_word' id='word_1_316' title='bbox 987 2899 1035 2926; x_wconf 84' lang='lat' dir='ltr'>fol.</span> <span class='ocrx_word' id='word_1_317' title='bbox 1050 2900 1085 2928; x_wconf 86' lang='lat'>93</span> <span class='ocrx_word' id='word_1_318' title='bbox 1096 2906 1133 2932; x_wconf 59' lang='grc' dir='ltr'>ν’,</span> <span class='ocrx_word' id='word_1_319' title='bbox 1152 2907 1183 2927; x_wconf 85' lang='lat' dir='ltr'>n0</span> <span class='ocrx_word' id='word_1_320' title='bbox 1193 2902 1268 2935; x_wconf 78' lang='lat'>259.)</span> 
     </span>
    </p>

    <p class='ocr_par' dir='ltr' id='par_1_25' title="bbox 378 2947 886 2981">
     <span class='ocr_line' id='line_1_47' title="bbox 378 2947 886 2981; baseline -0.004 -5"><span class='ocrx_word' id='word_1_321' title='bbox 378 2949 518 2977; x_wconf 56' lang='lat' dir='ltr'>Uarum</span> <span class='ocrx_word' id='word_1_322' title='bbox 541 2948 594 2981; x_wconf 87' lang='lat' dir='ltr'>IV,</span> <span class='ocrx_word' id='word_1_323' title='bbox 616 2950 637 2975; x_wconf 87' lang='lat' dir='ltr'>t.</span> <span class='ocrx_word' id='word_1_324' title='bbox 659 2948 714 2981; x_wconf 82' lang='grc' dir='ltr'>ΙΙΙ,</span> <span class='ocrx_word' id='word_1_325' title='bbox 737 2949 802 2981; x_wconf 70' lang='lat' dir='ltr'>Beq.</span> <span class='ocrx_word' id='word_1_326' title='bbox 825 2947 886 2974; x_wconf 81' lang='lat' dir='ltr'>ord.</span> 
     </span>
    </p>
   </div>
   <div class='ocr_carea' id='block_1_25' title="bbox 1279 303 1295 2923">
    <p class='ocr_par' dir='ltr' id='par_1_26' title="bbox 1279 303 1295 2923">
     <span class='ocr_line' id='line_1_48' title="bbox 1279 303 1295 2923; baseline 0 0"><span class='ocrx_word' id='word_1_327' title='bbox 1279 303 1295 2923; x_wconf 95' lang='lat' dir='ltr'> </span> 
     </span>
    </p>
   </div>
   <div class='ocr_carea' id='block_1_26' title="bbox 2265 224 2320 253">
    <p class='ocr_par' dir='ltr' id='par_1_27' title="bbox 2265 224 2320 253">
     <span class='ocr_line' id='line_1_49' title="bbox 2265 224 2320 253; baseline 0.036 -2"><span class='ocrx_word' id='word_1_328' title='bbox 2265 224 2320 253; x_wconf 67' lang='lat'>143</span> 
     </span>
    </p>
   </div>
   <div class='ocr_carea' id='block_1_27' title="bbox 1309 300 2339 2976">
    <p class='ocr_par' dir='ltr' id='par_1_28' title="bbox 1309 300 2339 2937">
     <span class='ocr_line' id='line_1_50' title="bbox 1352 300 2319 343; baseline 0.005 -15"><span class='ocrx_word' id='word_1_329' title='bbox 1352 310 1366 329; x_wconf 77' lang='grc'>1(</span> <span class='ocrx_word' id='word_1_330' title='bbox 1387 300 1495 330; x_wconf 80' lang='lat' dir='ltr'>Tliome</span> <span class='ocrx_word' id='word_1_331' title='bbox 1508 300 1543 329; x_wconf 84' lang='lat' dir='ltr'>de</span> <span class='ocrx_word' id='word_1_332' title='bbox 1559 301 1693 329; x_wconf 69' lang='lat' dir='ltr'>Grnliwn</span> <span class='ocrx_word' id='word_1_333' title='bbox 1704 306 1848 341; x_wconf 68' lang='lat' dir='ltr'>per-petuo</span> <span class='ocrx_word' id='word_1_334' title='bbox 1861 303 1975 331; x_wconf 74' lang='lat' dir='ltr'>vicario</span> <span class='ocrx_word' id='word_1_335' title='bbox 1989 303 2109 332; x_wconf 75' lang='lat' dir='ltr'>ecclesie</span> <span class='ocrx_word' id='word_1_336' title='bbox 2124 304 2159 332; x_wconf 68' lang='lat' dir='ltr'>de</span> <span class='ocrx_word' id='word_1_337' title='bbox 2175 304 2319 343; x_wconf 57' lang='lat' dir='ltr'>silk-cillo,</span> 
     </span>
     <span class='ocr_line' id='line_1_51' title="bbox 1309 352 2320 394; baseline 0.007 -13"><span class='ocrx_word' id='word_1_338' title='bbox 1309 352 1515 382; x_wconf 72' lang='lat' dir='ltr'>Ebomcensis</span> <span class='ocrx_word' id='word_1_339' title='bbox 1529 354 1666 384; x_wconf 65' lang='lat' dir='ltr'>diocesis.</span> <span class='ocrx_word' id='word_1_340' title='bbox 1683 355 1895 385; x_wconf 80' lang='lat' dir='ltr'>Conveniens</span> <span class='ocrx_word' id='word_1_341' title='bbox 1912 357 2109 394; x_wconf 77' lang='lat' dir='ltr'>reputamus</span> <span class='ocrx_word' id='word_1_342' title='bbox 2125 358 2156 386; x_wconf 90' lang='lat' dir='ltr'>et</span> <span class='ocrx_word' id='word_1_343' title='bbox 2171 376 2219 386; x_wconf 92' lang='lat'>—.</span> <span class='ocrx_word' id='word_1_344' title='bbox 2235 358 2320 388; x_wconf 70' lang='lat' dir='ltr'>Sane</span> 
     </span>
     <span class='ocr_line' id='line_1_52' title="bbox 1311 406 2319 448; baseline 0.005 -13"><span class='ocrx_word' id='word_1_345' title='bbox 1311 406 1428 445; x_wconf 85' lang='lat' dir='ltr'>petitio</span> <span class='ocrx_word' id='word_1_346' title='bbox 1450 408 1507 436; x_wconf 86' lang='lat' dir='ltr'>tua</span> <span class='ocrx_word' id='word_1_347' title='bbox 1532 407 1630 437; x_wconf 86' lang='lat' dir='ltr'>nobis</span> <span class='ocrx_word' id='word_1_348' title='bbox 1653 407 1804 437; x_wconf 75' lang='lat' dir='ltr'>exhibita</span> <span class='ocrx_word' id='word_1_349' title='bbox 1827 408 2018 439; x_wconf 87' lang='lat' dir='ltr'>continebat</span> <span class='ocrx_word' id='word_1_350' title='bbox 2040 410 2128 448; x_wconf 85' lang='lat' dir='ltr'>quod</span> <span class='ocrx_word' id='word_1_351' title='bbox 2152 410 2236 439; x_wconf 89' lang='lat' dir='ltr'>bone</span> <span class='ocrx_word' id='word_1_352' title='bbox 2256 420 2319 440; x_wconf 83' lang='lat' dir='ltr'>me-</span> 
     </span>
     <span class='ocr_line' id='line_1_53' title="bbox 1311 459 2321 500; baseline 0.004 -12"><span class='ocrx_word' id='word_1_353' title='bbox 1311 459 1417 489; x_wconf 86' lang='lat' dir='ltr'>morie</span> <span class='ocrx_word' id='word_1_354' title='bbox 1431 459 1643 495; x_wconf 58' lang='lat' dir='ltr'>XVillelmus,</span> <span class='ocrx_word' id='word_1_355' title='bbox 1657 460 1881 491; x_wconf 81' lang='lat' dir='ltr'>Eboracensis</span> <span class='ocrx_word' id='word_1_356' title='bbox 1897 461 2181 500; x_wconf 76' lang='lat' dir='ltr'>archiepiscopus,</span> <span class='ocrx_word' id='word_1_357' title='bbox 2197 463 2236 492; x_wconf 89' lang='lat' dir='ltr'>de</span> <span class='ocrx_word' id='word_1_358' title='bbox 2247 472 2321 492; x_wconf 86' lang='lat' dir='ltr'>cou-</span> 
     </span>
     <span class='ocr_line' id='line_1_54' title="bbox 1312 513 2322 554; baseline 0.005 -13"><span class='ocrx_word' id='word_1_359' title='bbox 1312 519 1414 542; x_wconf 88' lang='lat' dir='ltr'>sensu</span> <span class='ocrx_word' id='word_1_360' title='bbox 1431 513 1571 551; x_wconf 88' lang='lat' dir='ltr'>capituli</span> <span class='ocrx_word' id='word_1_361' title='bbox 1589 515 1653 548; x_wconf 85' lang='lat' dir='ltr'>sui,</span> <span class='ocrx_word' id='word_1_362' title='bbox 1668 513 1845 543; x_wconf 86' lang='lat' dir='ltr'>ecclesiam</span> <span class='ocrx_word' id='word_1_363' title='bbox 1862 514 1901 544; x_wconf 91' lang='lat' dir='ltr'>de</span> <span class='ocrx_word' id='word_1_364' title='bbox 1916 514 2084 553; x_wconf 64' lang='lat' dir='ltr'>‘l&#39;ykeilla‚</span> <span class='ocrx_word' id='word_1_365' title='bbox 2098 515 2192 553; x_wconf 74' lang='lat' dir='ltr'>cnjus</span> <span class='ocrx_word' id='word_1_366' title='bbox 2209 524 2322 554; x_wconf 84' lang='lat' dir='ltr'>perpe·</span> 
     </span>
     <span class='ocr_line' id='line_1_55' title="bbox 1310 565 2321 602; baseline 0.002 -8"><span class='ocrx_word' id='word_1_367' title='bbox 1310 565 1390 594; x_wconf 83' lang='lat' dir='ltr'>tuus</span> <span class='ocrx_word' id='word_1_368' title='bbox 1415 565 1536 595; x_wconf 81' lang='lat' dir='ltr'>existis</span> <span class='ocrx_word' id='word_1_369' title='bbox 1560 566 1718 599; x_wconf 79' lang='lat' dir='ltr'>vicarius,</span> <span class='ocrx_word' id='word_1_370' title='bbox 1749 566 1974 597; x_wconf 84' lang='lat' dir='ltr'>Eboracensis</span> <span class='ocrx_word' id='word_1_371' title='bbox 2001 568 2159 602; x_wconf 79' lang='lat' dir='ltr'>diocesis,</span> <span class='ocrx_word' id='word_1_372' title='bbox 2188 568 2321 598; x_wconf 70' lang='lat' dir='ltr'>dilectis</span> 
     </span>
     <span class='ocr_line' id='line_1_56' title="bbox 1312 618 2319 656; baseline 0.005 -9"><span class='ocrx_word' id='word_1_373' title='bbox 1312 618 1394 647; x_wconf 86' lang='lat' dir='ltr'>filiis</span> <span class='ocrx_word' id='word_1_374' title='bbox 1410 643 1416 647; x_wconf 93' lang='lat'>.</span> <span class='ocrx_word' id='word_1_375' title='bbox 1435 643 1440 647; x_wconf 92' lang='lat'><em>.</em></span> <span class='ocrx_word' id='word_1_376' title='bbox 1458 619 1563 656; x_wconf 88' lang='lat' dir='ltr'>priori</span> <span class='ocrx_word' id='word_1_377' title='bbox 1580 620 1611 649; x_wconf 89' lang='lat' dir='ltr'>et</span> <span class='ocrx_word' id='word_1_378' title='bbox 1624 620 1802 649; x_wconf 85' lang='lat' dir='ltr'>conventui</span> <span class='ocrx_word' id='word_1_379' title='bbox 1820 620 2018 650; x_wconf 83' lang='lat' dir='ltr'>monasterii</span> <span class='ocrx_word' id='word_1_380' title='bbox 2036 621 2143 651; x_wconf 88' lang='lat' dir='ltr'>sancti</span> <span class='ocrx_word' id='word_1_381' title='bbox 2158 622 2319 652; x_wconf 71' lang='lat' dir='ltr'>Osxvaldi.</span> 
     </span>
     <span class='ocr_line' id='line_1_57' title="bbox 1312 671 2323 713; baseline 0.003 -13"><span class='ocrx_word' id='word_1_382' title='bbox 1312 671 1441 701; x_wconf 86' lang='lat' dir='ltr'>ordinis</span> <span class='ocrx_word' id='word_1_383' title='bbox 1457 672 1563 702; x_wconf 86' lang='lat' dir='ltr'>sancti</span> <span class='ocrx_word' id='word_1_384' title='bbox 1580 672 1774 711; x_wconf 72' lang='lat' dir='ltr'>Augustini,</span> <span class='ocrx_word' id='word_1_385' title='bbox 1792 673 1878 703; x_wconf 89' lang='lat' dir='ltr'>dicte</span> <span class='ocrx_word' id='word_1_386' title='bbox 1896 674 2052 705; x_wconf 79' lang='lat' dir='ltr'>diocesis,</span> <span class='ocrx_word' id='word_1_387' title='bbox 2073 675 2224 712; x_wconf 84' lang='lat' dir='ltr'>patronis</span> <span class='ocrx_word' id='word_1_388' title='bbox 2237 675 2323 713; x_wconf 79' lang='lat' dir='ltr'>ejus-</span> 
     </span>
     <span class='ocr_line' id='line_1_58' title="bbox 1312 724 2320 764; baseline 0.004 -11"><span class='ocrx_word' id='word_1_389' title='bbox 1312 724 1387 753; x_wconf 88' lang='lat' dir='ltr'>dem</span> <span class='ocrx_word' id='word_1_390' title='bbox 1405 725 1556 760; x_wconf 78' lang='lat' dir='ltr'>ecclesie,</span> <span class='ocrx_word' id='word_1_391' title='bbox 1576 726 1610 754; x_wconf 94' lang='lat' dir='ltr'>in</span> <span class='ocrx_word' id='word_1_392' title='bbox 1626 726 1782 764; x_wconf 90' lang='lat' dir='ltr'>proprios</span> <span class='ocrx_word' id='word_1_393' title='bbox 1799 735 1881 756; x_wconf 85' lang='lat' dir='ltr'>usus</span> <span class='ocrx_word' id='word_1_394' title='bbox 1900 727 2065 757; x_wconf 86' lang='lat' dir='ltr'>concessit</span> <span class='ocrx_word' id='word_1_395' title='bbox 2081 728 2111 757; x_wconf 87' lang='lat' dir='ltr'>et</span> <span class='ocrx_word' id='word_1_396' title='bbox 2129 727 2320 764; x_wconf 84' lang='lat' dir='ltr'>hujusmodi</span> 
     </span>
     <span class='ocr_line' id='line_1_59' title="bbox 1313 778 2323 817; baseline 0.004 -11"><span class='ocrx_word' id='word_1_397' title='bbox 1313 778 1486 808; x_wconf 80' lang='lat' dir='ltr'>concessio</span> <span class='ocrx_word' id='word_1_398' title='bbox 1498 778 1715 816; x_wconf 86' lang='lat' dir='ltr'>postmodnm</span> <span class='ocrx_word' id='word_1_399' title='bbox 1727 787 1786 817; x_wconf 82' lang='lat' dir='ltr'>per</span> <span class='ocrx_word' id='word_1_400' title='bbox 1801 779 1913 809; x_wconf 85' lang='lat' dir='ltr'>sedem</span> <span class='ocrx_word' id='word_1_401' title='bbox 1932 780 2152 817; x_wconf 79' lang='lat' dir='ltr'>apostolicam</span> <span class='ocrx_word' id='word_1_402' title='bbox 2168 781 2200 810; x_wconf 89' lang='lat' dir='ltr'>in</span> <span class='ocrx_word' id='word_1_403' title='bbox 2216 780 2323 810; x_wconf 82' lang='lat' dir='ltr'>forma</span> 
     </span>
     <span class='ocr_line' id='line_1_60' title="bbox 1313 831 2322 872; baseline 0.002 -13"><span class='ocrx_word' id='word_1_404' title='bbox 1313 831 1483 860; x_wconf 89' lang='lat' dir='ltr'>communi</span> <span class='ocrx_word' id='word_1_405' title='bbox 1511 831 1621 861; x_wconf 74' lang='lat' dir='ltr'>extitit</span> <span class='ocrx_word' id='word_1_406' title='bbox 1644 832 1850 862; x_wconf 84' lang='lat' dir='ltr'>confirmata.</span> <span class='ocrx_word' id='word_1_407' title='bbox 1874 832 1965 862; x_wconf 87' lang='lat' dir='ltr'>Idem</span> <span class='ocrx_word' id='word_1_408' title='bbox 1987 842 2119 872; x_wconf 77' lang='lat' dir='ltr'>quoque</span> <span class='ocrx_word' id='word_1_409' title='bbox 2139 834 2322 872; x_wconf 73' lang='lat' dir='ltr'>archiepis-</span> 
     </span>
     <span class='ocr_line' id='line_1_61' title="bbox 1314 884 2322 921; baseline 0.004 -9"><span class='ocrx_word' id='word_1_410' title='bbox 1314 891 1428 921; x_wconf 80' lang='lat' dir='ltr'>copuS,</span> <span class='ocrx_word' id='word_1_411' title='bbox 1448 884 1488 913; x_wconf 90' lang='lat' dir='ltr'>ad</span> <span class='ocrx_word' id='word_1_412' title='bbox 1508 884 1540 913; x_wconf 90' lang='lat' dir='ltr'>id</span> <span class='ocrx_word' id='word_1_413' title='bbox 1563 893 1731 914; x_wconf 87' lang='lat' dir='ltr'>consensu</span> <span class='ocrx_word' id='word_1_414' title='bbox 1750 885 1855 915; x_wconf 88' lang='lat' dir='ltr'>simili</span> <span class='ocrx_word' id='word_1_415' title='bbox 1871 886 2059 919; x_wconf 77' lang='lat' dir='ltr'>accedente,</span> <span class='ocrx_word' id='word_1_416' title='bbox 2078 888 2199 916; x_wconf 83' lang='lat' dir='ltr'>taxans</span> <span class='ocrx_word' id='word_1_417' title='bbox 2221 887 2253 916; x_wconf 93' lang='lat' dir='ltr'>in</span> <span class='ocrx_word' id='word_1_418' title='bbox 2271 896 2322 917; x_wconf 87' lang='lat' dir='ltr'>ec-</span> 
     </span>
     <span class='ocr_line' id='line_1_62' title="bbox 1313 935 2322 977; baseline 0.004 -12"><span class='ocrx_word' id='word_1_419' title='bbox 1313 935 1417 966; x_wconf 87' lang='lat' dir='ltr'>clesia</span> <span class='ocrx_word' id='word_1_420' title='bbox 1448 937 1521 975; x_wconf 87' lang='lat' dir='ltr'>ipsa</span> <span class='ocrx_word' id='word_1_421' title='bbox 1550 939 1748 975; x_wconf 86' lang='lat' dir='ltr'>perpetuam</span> <span class='ocrx_word' id='word_1_422' title='bbox 1778 938 1951 972; x_wconf 79' lang='lat' dir='ltr'>vicariam,</span> <span class='ocrx_word' id='word_1_423' title='bbox 1979 939 2164 977; x_wconf 73' lang='lat' dir='ltr'>assignavit</span> <span class='ocrx_word' id='word_1_424' title='bbox 2195 940 2322 969; x_wconf 85' lang='lat' dir='ltr'>eisdem</span> 
     </span>
     <span class='ocr_line' id='line_1_63' title="bbox 1314 989 2322 1031; baseline 0.004 -13"><span class='ocrx_word' id='word_1_425' title='bbox 1314 989 1419 1027; x_wconf 90' lang='lat' dir='ltr'>priori</span> <span class='ocrx_word' id='word_1_426' title='bbox 1438 991 1469 1020; x_wconf 90' lang='lat' dir='ltr'>et</span> <span class='ocrx_word' id='word_1_427' title='bbox 1491 991 1669 1020; x_wconf 86' lang='lat' dir='ltr'>conventui</span> <span class='ocrx_word' id='word_1_428' title='bbox 1693 993 1817 1021; x_wconf 87' lang='lat' dir='ltr'>certam</span> <span class='ocrx_word' id='word_1_429' title='bbox 1836 992 1876 1021; x_wconf 89' lang='lat' dir='ltr'>de</span> <span class='ocrx_word' id='word_1_430' title='bbox 1896 991 2006 1030; x_wconf 87' lang='lat' dir='ltr'>ipsius</span> <span class='ocrx_word' id='word_1_431' title='bbox 2026 993 2166 1022; x_wconf 84' lang='lat' dir='ltr'>ecclesie</span> <span class='ocrx_word' id='word_1_432' title='bbox 2183 1001 2322 1031; x_wconf 86' lang='lat' dir='ltr'>proven·</span> 
     </span>
     <span class='ocr_line' id='line_1_64' title="bbox 1312 1042 2320 1082; baseline 0.005 -11"><span class='ocrx_word' id='word_1_433' title='bbox 1312 1042 1405 1072; x_wconf 87' lang='lat' dir='ltr'>tibus</span> <span class='ocrx_word' id='word_1_434' title='bbox 1428 1043 1616 1081; x_wconf 87' lang='lat' dir='ltr'>portionem</span> <span class='ocrx_word' id='word_1_435' title='bbox 1637 1046 1669 1074; x_wconf 90' lang='lat' dir='ltr'>et</span> <span class='ocrx_word' id='word_1_436' title='bbox 1687 1044 1851 1082; x_wconf 83' lang='lat' dir='ltr'>quasdam</span> <span class='ocrx_word' id='word_1_437' title='bbox 1869 1046 1978 1075; x_wconf 88' lang='lat' dir='ltr'>terras</span> <span class='ocrx_word' id='word_1_438' title='bbox 2001 1047 2031 1075; x_wconf 89' lang='lat' dir='ltr'>et</span> <span class='ocrx_word' id='word_1_439' title='bbox 2051 1045 2169 1075; x_wconf 88' lang='lat' dir='ltr'>domos</span> <span class='ocrx_word' id='word_1_440' title='bbox 2188 1046 2229 1075; x_wconf 83' lang='lat' dir='ltr'>ad</span> <span class='ocrx_word' id='word_1_441' title='bbox 2247 1054 2320 1076; x_wconf 87' lang='lat' dir='ltr'>ean·</span> 
     </span>
     <span class='ocr_line' id='line_1_65' title="bbox 1312 1095 2324 1137; baseline 0.005 -13"><span class='ocrx_word' id='word_1_442' title='bbox 1312 1095 1388 1124; x_wconf 87' lang='lat' dir='ltr'>dem</span> <span class='ocrx_word' id='word_1_443' title='bbox 1412 1096 1591 1126; x_wconf 84' lang='lat' dir='ltr'>ecclesiam</span> <span class='ocrx_word' id='word_1_444' title='bbox 1616 1097 1833 1135; x_wconf 73' lang='lat' dir='ltr'>pertinentes,</span> <span class='ocrx_word' id='word_1_445' title='bbox 1860 1097 2003 1136; x_wconf 86' lang='lat' dir='ltr'>reliquis</span> <span class='ocrx_word' id='word_1_446' title='bbox 2030 1098 2170 1128; x_wconf 84' lang='lat' dir='ltr'>ecclesie</span> <span class='ocrx_word' id='word_1_447' title='bbox 2196 1099 2324 1137; x_wconf 80' lang='lat' dir='ltr'>prefate</span> 
     </span>
     <span class='ocr_line' id='line_1_66' title="bbox 1312 1149 2324 1190; baseline 0.004 -12"><span class='ocrx_word' id='word_1_448' title='bbox 1312 1149 1534 1186; x_wconf 83' lang='lat' dir='ltr'>proventibus</span> <span class='ocrx_word' id='word_1_449' title='bbox 1553 1150 1680 1180; x_wconf 84' lang='lat' dir='ltr'>vicario</span> <span class='ocrx_word' id='word_1_450' title='bbox 1699 1150 1826 1181; x_wconf 88' lang='lat' dir='ltr'>ibidem</span> <span class='ocrx_word' id='word_1_451' title='bbox 1845 1151 2012 1181; x_wconf 83' lang='lat' dir='ltr'>servituro</span> <span class='ocrx_word' id='word_1_452' title='bbox 2032 1154 2194 1190; x_wconf 86' lang='lat' dir='ltr'>perpetuo</span> <span class='ocrx_word' id='word_1_453' title='bbox 2216 1161 2324 1182; x_wconf 87' lang='lat' dir='ltr'>reser-</span> 
     </span>
     <span class='ocr_line' id='line_1_67' title="bbox 1312 1202 2326 1244; baseline 0.005 -14"><span class='ocrx_word' id='word_1_454' title='bbox 1312 1202 1412 1232; x_wconf 85' lang='lat' dir='ltr'>vatis.</span> <span class='ocrx_word' id='word_1_455' title='bbox 1430 1203 1558 1232; x_wconf 68' lang='lat' dir='ltr'>Yerum</span> <span class='ocrx_word' id='word_1_456' title='bbox 1574 1204 1609 1233; x_wconf 90' lang='lat' dir='ltr'>tu</span> <span class='ocrx_word' id='word_1_457' title='bbox 1628 1211 1785 1233; x_wconf 88' lang='lat' dir='ltr'>asserens</span> <span class='ocrx_word' id='word_1_458' title='bbox 1800 1204 1889 1242; x_wconf 85' lang='lat' dir='ltr'>qnod</span> <span class='ocrx_word' id='word_1_459' title='bbox 1905 1212 2021 1234; x_wconf 85' lang='lat' dir='ltr'>omnes</span> <span class='ocrx_word' id='word_1_460' title='bbox 2039 1205 2190 1234; x_wconf 86' lang='lat' dir='ltr'>redditus</span> <span class='ocrx_word' id='word_1_461' title='bbox 2206 1206 2236 1235; x_wconf 93' lang='lat' dir='ltr'>et</span> <span class='ocrx_word' id='word_1_462' title='bbox 2249 1214 2326 1244; x_wconf 88' lang='lat' dir='ltr'>pro-</span> 
     </span>
     <span class='ocr_line' id='line_1_68' title="bbox 1313 1255 2325 1295; baseline 0.004 -11"><span class='ocrx_word' id='word_1_463' title='bbox 1313 1256 1434 1285; x_wconf 71' lang='lat' dir='ltr'>ventus</span> <span class='ocrx_word' id='word_1_464' title='bbox 1448 1255 1558 1294; x_wconf 90' lang='lat' dir='ltr'>ipsius</span> <span class='ocrx_word' id='word_1_465' title='bbox 1574 1256 1716 1287; x_wconf 84' lang='lat' dir='ltr'>ecclesie</span> <span class='ocrx_word' id='word_1_466' title='bbox 1730 1259 1759 1287; x_wconf 88' lang='lat' dir='ltr'>et</span> <span class='ocrx_word' id='word_1_467' title='bbox 1775 1257 1902 1295; x_wconf 82' lang='lat' dir='ltr'>capelle</span> <span class='ocrx_word' id='word_1_468' title='bbox 1916 1258 1955 1287; x_wconf 91' lang='lat' dir='ltr'>de</span> <span class='ocrx_word' id='word_1_469' title='bbox 1969 1258 2142 1288; x_wconf 80' lang='lat' dir='ltr'>Stamtone</span> <span class='ocrx_word' id='word_1_470' title='bbox 2156 1258 2196 1288; x_wconf 91' lang='lat' dir='ltr'>ab</span> <span class='ocrx_word' id='word_1_471' title='bbox 2209 1259 2325 1288; x_wconf 87' lang='lat' dir='ltr'>eadem</span> 
     </span>
     <span class='ocr_line' id='line_1_69' title="bbox 1313 1308 2323 1349; baseline 0.004 -12"><span class='ocrx_word' id='word_1_472' title='bbox 1313 1308 1456 1338; x_wconf 82' lang='lat' dir='ltr'>ecclesia</span> <span class='ocrx_word' id='word_1_473' title='bbox 1471 1309 1704 1348; x_wconf 79' lang='lat' dir='ltr'>dependentis,</span> <span class='ocrx_word' id='word_1_474' title='bbox 1722 1311 1964 1341; x_wconf 87' lang='lat' dir='ltr'>connumerata</span> <span class='ocrx_word' id='word_1_475' title='bbox 1981 1311 2081 1340; x_wconf 89' lang='lat' dir='ltr'>etiam</span> <span class='ocrx_word' id='word_1_476' title='bbox 2102 1312 2256 1349; x_wconf 86' lang='lat' dir='ltr'>portione</span> <span class='ocrx_word' id='word_1_477' title='bbox 2279 1312 2323 1341; x_wconf 85' lang='lat' dir='ltr'>vi-</span> 
     </span>
     <span class='ocr_line' id='line_1_70' title="bbox 1314 1361 2323 1403; baseline 0.003 -12"><span class='ocrx_word' id='word_1_478' title='bbox 1314 1361 1403 1391; x_wconf 90' lang='lat' dir='ltr'>cario</span> <span class='ocrx_word' id='word_1_479' title='bbox 1418 1362 1587 1400; x_wconf 85' lang='lat' dir='ltr'>deputata,</span> <span class='ocrx_word' id='word_1_480' title='bbox 1606 1371 1666 1402; x_wconf 89' lang='lat' dir='ltr'>pro</span> <span class='ocrx_word' id='word_1_481' title='bbox 1681 1364 1903 1403; x_wconf 81' lang='lat' dir='ltr'>quadraginta</span> <span class='ocrx_word' id='word_1_482' title='bbox 1922 1364 2068 1394; x_wconf 86' lang='lat' dir='ltr'>marchis</span> <span class='ocrx_word' id='word_1_483' title='bbox 2084 1364 2323 1403; x_wconf 64' lang='lat' dir='ltr'>sterlingorum</span> 
     </span>
     <span class='ocr_line' id='line_1_71' title="bbox 1313 1415 2324 1456; baseline 0.003 -12"><span class='ocrx_word' id='word_1_484' title='bbox 1313 1415 1498 1445; x_wconf 88' lang='lat' dir='ltr'>secundnm</span> <span class='ocrx_word' id='word_1_485' title='bbox 1509 1424 1722 1446; x_wconf 86' lang='lat' dir='ltr'>communem</span> <span class='ocrx_word' id='word_1_486' title='bbox 1733 1417 1988 1447; x_wconf 73' lang='lat' dir='ltr'>extimationem</span> <span class='ocrx_word' id='word_1_487' title='bbox 1999 1417 2107 1456; x_wconf 84' lang='lat' dir='ltr'>patrie</span> <span class='ocrx_word' id='word_1_488' title='bbox 2118 1419 2194 1447; x_wconf 88' lang='lat' dir='ltr'>sunt</span> <span class='ocrx_word' id='word_1_489' title='bbox 2206 1417 2324 1452; x_wconf 71' lang='lat' dir='ltr'>taxati,</span> 
     </span>
     <span class='ocr_line' id='line_1_72' title="bbox 1314 1468 2324 1507; baseline 0.002 -10"><span class='ocrx_word' id='word_1_490' title='bbox 1314 1469 1345 1497; x_wconf 91' lang='lat' dir='ltr'>et</span> <span class='ocrx_word' id='word_1_491' title='bbox 1374 1468 1462 1506; x_wconf 86' lang='lat' dir='ltr'>quod</span> <span class='ocrx_word' id='word_1_492' title='bbox 1486 1468 1613 1498; x_wconf 85' lang='lat' dir='ltr'>vicaria</span> <span class='ocrx_word' id='word_1_493' title='bbox 1635 1468 1827 1507; x_wconf 82' lang='lat' dir='ltr'>hujusmodi</span> <span class='ocrx_word' id='word_1_494' title='bbox 1853 1470 1934 1499; x_wconf 88' lang='lat' dir='ltr'>adeo</span> <span class='ocrx_word' id='word_1_495' title='bbox 1961 1471 2011 1499; x_wconf 74' lang='lat' dir='ltr'>est</span> <span class='ocrx_word' id='word_1_496' title='bbox 2035 1470 2147 1499; x_wconf 82' lang='lat' dir='ltr'>tenuis</span> <span class='ocrx_word' id='word_1_497' title='bbox 2168 1471 2198 1499; x_wconf 88' lang='lat' dir='ltr'>et</span> <span class='ocrx_word' id='word_1_498' title='bbox 2224 1470 2324 1500; x_wconf 78' lang='lat' dir='ltr'>exilis</span> 
     </span>
     <span class='ocr_line' id='line_1_73' title="bbox 1314 1521 2325 1560; baseline 0.002 -11"><span class='ocrx_word' id='word_1_499' title='bbox 1314 1521 1414 1558; x_wconf 76' lang='lat' dir='ltr'>quod,</span> <span class='ocrx_word' id='word_1_500' title='bbox 1431 1521 1585 1551; x_wconf 86' lang='lat' dir='ltr'>deductis</span> <span class='ocrx_word' id='word_1_501' title='bbox 1604 1521 1878 1552; x_wconf 81' lang='lat' dir='ltr'>incumbentibus</span> <span class='ocrx_word' id='word_1_502' title='bbox 1890 1522 1951 1551; x_wconf 88' lang='lat' dir='ltr'>tibi</span> <span class='ocrx_word' id='word_1_503' title='bbox 1966 1522 2095 1552; x_wconf 87' lang='lat' dir='ltr'>ratione</span> <span class='ocrx_word' id='word_1_504' title='bbox 2112 1522 2221 1560; x_wconf 81' lang='lat' dir='ltr'>ipsius</span> <span class='ocrx_word' id='word_1_505' title='bbox 2240 1523 2325 1552; x_wconf 88' lang='lat' dir='ltr'>vica-</span> 
     </span>
     <span class='ocr_line' id='line_1_74' title="bbox 1314 1573 2324 1614; baseline 0.003 -12"><span class='ocrx_word' id='word_1_506' title='bbox 1314 1573 1362 1603; x_wconf 87' lang='lat' dir='ltr'>rie</span> <span class='ocrx_word' id='word_1_507' title='bbox 1382 1573 1542 1603; x_wconf 89' lang='lat' dir='ltr'>oneribus</span> <span class='ocrx_word' id='word_1_508' title='bbox 1559 1583 1599 1604; x_wconf 81' lang='lat' dir='ltr'>ex</span> <span class='ocrx_word' id='word_1_509' title='bbox 1619 1574 1714 1604; x_wconf 91' lang='lat' dir='ltr'>illins</span> <span class='ocrx_word' id='word_1_510' title='bbox 1727 1575 1959 1613; x_wconf 60' lang='lat' dir='ltr'>proventibus</span> <span class='ocrx_word' id='word_1_511' title='bbox 1978 1575 2034 1614; x_wconf 81' lang='lat' dir='ltr'>qui</span> <span class='ocrx_word' id='word_1_512' title='bbox 2053 1577 2182 1605; x_wconf 80' lang='lat' dir='ltr'>sextam</span> <span class='ocrx_word' id='word_1_513' title='bbox 2195 1577 2324 1614; x_wconf 84' lang='lat' dir='ltr'>partem</span> 
     </span>
     <span class='ocr_line' id='line_1_75' title="bbox 1315 1627 2324 1667; baseline 0.001 -11"><span class='ocrx_word' id='word_1_514' title='bbox 1315 1628 1538 1665; x_wconf 89' lang='lat' dir='ltr'>proventuum</span> <span class='ocrx_word' id='word_1_515' title='bbox 1569 1627 1719 1666; x_wconf 87' lang='lat' dir='ltr'>ejusdem</span> <span class='ocrx_word' id='word_1_516' title='bbox 1745 1628 1886 1658; x_wconf 88' lang='lat' dir='ltr'>ecclesie</span> <span class='ocrx_word' id='word_1_517' title='bbox 1911 1628 1969 1657; x_wconf 76' lang='lat' dir='ltr'>vix</span> <span class='ocrx_word' id='word_1_518' title='bbox 1995 1629 2172 1663; x_wconf 75' lang='lat' dir='ltr'>excedunt,</span> <span class='ocrx_word' id='word_1_519' title='bbox 2204 1629 2324 1667; x_wconf 82' lang='lat' dir='ltr'>nequis</span> 
     </span>
     <span class='ocr_line' id='line_1_76' title="bbox 1315 1680 2323 1720; baseline 0 -10"><span class='ocrx_word' id='word_1_520' title='bbox 1315 1680 1488 1710; x_wconf 88' lang='lat' dir='ltr'>commode</span> <span class='ocrx_word' id='word_1_521' title='bbox 1513 1681 1708 1716; x_wconf 84' lang='lat' dir='ltr'>sustentari,</span> <span class='ocrx_word' id='word_1_522' title='bbox 1736 1680 1834 1710; x_wconf 88' lang='lat' dir='ltr'>nobis</span> <span class='ocrx_word' id='word_1_523' title='bbox 1860 1680 2035 1711; x_wconf 89' lang='lat' dir='ltr'>humiliter</span> <span class='ocrx_word' id='word_1_524' title='bbox 2063 1681 2263 1720; x_wconf 84' lang='lat' dir='ltr'>supplicasti</span> <span class='ocrx_word' id='word_1_525' title='bbox 2290 1684 2323 1710; x_wconf 87' lang='lat' dir='ltr'>ut</span> 
     </span>
     <span class='ocr_line' id='line_1_77' title="bbox 1314 1733 2325 1772; baseline 0.001 -10"><span class='ocrx_word' id='word_1_526' title='bbox 1314 1741 1389 1763; x_wconf 86' lang='lat' dir='ltr'>cnm</span> <span class='ocrx_word' id='word_1_527' title='bbox 1406 1734 1441 1762; x_wconf 90' lang='lat' dir='ltr'>tu</span> <span class='ocrx_word' id='word_1_528' title='bbox 1454 1741 1512 1771; x_wconf 88' lang='lat' dir='ltr'>pro</span> <span class='ocrx_word' id='word_1_529' title='bbox 1528 1733 1681 1770; x_wconf 87' lang='lat' dir='ltr'>portione</span> <span class='ocrx_word' id='word_1_530' title='bbox 1695 1742 1794 1772; x_wconf 85' lang='lat' dir='ltr'>quam</span> <span class='ocrx_word' id='word_1_531' title='bbox 1808 1734 1972 1764; x_wconf 88' lang='lat' dir='ltr'>nominati</span> <span class='ocrx_word' id='word_1_532' title='bbox 1987 1735 2080 1772; x_wconf 89' lang='lat' dir='ltr'>prior</span> <span class='ocrx_word' id='word_1_533' title='bbox 2096 1736 2127 1764; x_wconf 89' lang='lat' dir='ltr'>ct</span> <span class='ocrx_word' id='word_1_534' title='bbox 2141 1736 2325 1764; x_wconf 81' lang='lat' dir='ltr'>conventus</span> 
     </span>
     <span class='ocr_line' id='line_1_78' title="bbox 1315 1785 2324 1825; baseline 0.001 -10"><span class='ocrx_word' id='word_1_535' title='bbox 1315 1785 1349 1815; x_wconf 89' lang='lat' dir='ltr'>in</span> <span class='ocrx_word' id='word_1_536' title='bbox 1367 1785 1529 1824; x_wconf 88' lang='lat' dir='ltr'>predictis</span> <span class='ocrx_word' id='word_1_537' title='bbox 1549 1785 1691 1815; x_wconf 86' lang='lat' dir='ltr'>ecclesia</span> <span class='ocrx_word' id='word_1_538' title='bbox 1718 1788 1748 1815; x_wconf 87' lang='lat' dir='ltr'>et</span> <span class='ocrx_word' id='word_1_539' title='bbox 1769 1786 1897 1824; x_wconf 83' lang='lat' dir='ltr'>capella</span> <span class='ocrx_word' id='word_1_540' title='bbox 1914 1787 2116 1824; x_wconf 85' lang='lat' dir='ltr'>percipiunt,</span> <span class='ocrx_word' id='word_1_541' title='bbox 2142 1787 2227 1825; x_wconf 88' lang='lat' dir='ltr'>ipsis</span> <span class='ocrx_word' id='word_1_542' title='bbox 2248 1796 2324 1825; x_wconf 81' lang='lat' dir='ltr'>qua·</span> 
     </span>
     <span class='ocr_line' id='line_1_79' title="bbox 1316 1838 2326 1879; baseline 0.002 -12"><span class='ocrx_word' id='word_1_543' title='bbox 1316 1838 1469 1877; x_wconf 86' lang='lat' dir='ltr'>draginta</span> <span class='ocrx_word' id='word_1_544' title='bbox 1489 1838 1642 1868; x_wconf 84' lang='lat' dir='ltr'>marchas</span> <span class='ocrx_word' id='word_1_545' title='bbox 1663 1839 1903 1877; x_wconf 66' lang='lat' dir='ltr'>sterlingswum</span> <span class='ocrx_word' id='word_1_546' title='bbox 1924 1839 2082 1869; x_wconf 77' lang='lat' dir='ltr'>exhibere</span> <span class='ocrx_word' id='word_1_547' title='bbox 2098 1840 2195 1869; x_wconf 82' lang='lat' dir='ltr'>annis</span> <span class='ocrx_word' id='word_1_548' title='bbox 2215 1840 2326 1879; x_wconf 74' lang='lat' dir='ltr'>siugu-</span> 
     </span>
     <span class='ocr_line' id='line_1_80' title="bbox 1315 1891 2326 1930; baseline 0.001 -9"><span class='ocrx_word' id='word_1_549' title='bbox 1315 1891 1359 1921; x_wconf 87' lang='lat' dir='ltr'>lis</span> <span class='ocrx_word' id='word_1_550' title='bbox 1378 1891 1425 1921; x_wconf 89' lang='lat' dir='ltr'>sis</span> <span class='ocrx_word' id='word_1_551' title='bbox 1440 1892 1590 1929; x_wconf 67' lang='lat' dir='ltr'>paratus,</span> <span class='ocrx_word' id='word_1_552' title='bbox 1611 1891 1787 1930; x_wconf 88' lang='lat' dir='ltr'>providere</span> <span class='ocrx_word' id='word_1_553' title='bbox 1804 1891 1866 1922; x_wconf 83' lang='lat' dir='ltr'>tibi</span> <span class='ocrx_word' id='word_1_554' title='bbox 1884 1900 1985 1930; x_wconf 89' lang='lat' dir='ltr'>super</span> <span class='ocrx_word' id='word_1_555' title='bbox 2004 1892 2064 1922; x_wconf 86' lang='lat' dir='ltr'>hoc</span> <span class='ocrx_word' id='word_1_556' title='bbox 2082 1894 2219 1930; x_wconf 84' lang='lat' dir='ltr'>paterna</span> <span class='ocrx_word' id='word_1_557' title='bbox 2234 1893 2326 1922; x_wconf 85' lang='lat' dir='ltr'>solli-</span> 
     </span>
     <span class='ocr_line' id='line_1_81' title="bbox 1316 1944 2325 1984; baseline 0 -9"><span class='ocrx_word' id='word_1_558' title='bbox 1316 1944 1465 1975; x_wconf 86' lang='lat' dir='ltr'>citudine</span> <span class='ocrx_word' id='word_1_559' title='bbox 1484 1953 1691 1974; x_wconf 86' lang='lat' dir='ltr'>curaremus.</span> <span class='ocrx_word' id='word_1_560' title='bbox 1715 1944 1797 1974; x_wconf 89' lang='lat' dir='ltr'>Cum</span> <span class='ocrx_word' id='word_1_561' title='bbox 1818 1945 1921 1983; x_wconf 85' lang='lat' dir='ltr'>igitur</span> <span class='ocrx_word' id='word_1_562' title='bbox 1938 1945 2060 1975; x_wconf 88' lang='lat' dir='ltr'>decens</span> <span class='ocrx_word' id='word_1_563' title='bbox 2078 1945 2121 1975; x_wconf 91' lang='lat' dir='ltr'>sit</span> <span class='ocrx_word' id='word_1_564' title='bbox 2141 1947 2175 1975; x_wconf 91' lang='lat' dir='ltr'>ut</span> <span class='ocrx_word' id='word_1_565' title='bbox 2196 1947 2242 1981; x_wconf 82' lang='lat' dir='ltr'>tu,</span> <span class='ocrx_word' id='word_1_566' title='bbox 2270 1946 2325 1984; x_wconf 85' lang='lat' dir='ltr'>qui</span> 
     </span>
     <span class='ocr_line' id='line_1_82' title="bbox 1317 1997 2327 2037; baseline 0 -9"><span class='ocrx_word' id='word_1_567' title='bbox 1317 2006 1431 2028; x_wconf 84' lang='lat' dir='ltr'>curam</span> <span class='ocrx_word' id='word_1_568' title='bbox 1448 1997 1538 2035; x_wconf 77' lang='lat' dir='ltr'>geris</span> <span class='ocrx_word' id='word_1_569' title='bbox 1551 1997 1848 2035; x_wconf 87' lang='lat' dir='ltr'>parrochianorum</span> <span class='ocrx_word' id='word_1_570' title='bbox 1865 1998 2005 2028; x_wconf 85' lang='lat' dir='ltr'>ecclesie</span> <span class='ocrx_word' id='word_1_571' title='bbox 2022 1999 2213 2036; x_wconf 83' lang='lat' dir='ltr'>supradicte</span> <span class='ocrx_word' id='word_1_572' title='bbox 2230 1999 2327 2037; x_wconf 83' lang='lat' dir='ltr'>ipsis-</span> 
     </span>
     <span class='ocr_line' id='line_1_83' title="bbox 1317 2050 2327 2090; baseline 0 -9"><span class='ocrx_word' id='word_1_573' title='bbox 1317 2059 1381 2089; x_wconf 82' lang='lat' dir='ltr'>que</span> <span class='ocrx_word' id='word_1_574' title='bbox 1400 2051 1575 2080; x_wconf 85' lang='lat' dir='ltr'>ministras</span> <span class='ocrx_word' id='word_1_575' title='bbox 1595 2050 1824 2080; x_wconf 84' lang='lat' dir='ltr'>ecclesiastica</span> <span class='ocrx_word' id='word_1_576' title='bbox 1841 2054 2051 2082; x_wconf 79' lang='lat' dir='ltr'>sacramenta</span> <span class='ocrx_word' id='word_1_577' title='bbox 2073 2052 2197 2090; x_wconf 86' lang='lat' dir='ltr'>quique</span> <span class='ocrx_word' id='word_1_578' title='bbox 2218 2051 2327 2090; x_wconf 80' lang='lat' dir='ltr'>hospi-</span> 
     </span>
     <span class='ocr_line' id='line_1_84' title="bbox 1316 2104 2328 2143; baseline 0.001 -9"><span class='ocrx_word' id='word_1_579' title='bbox 1316 2104 1483 2134; x_wconf 85' lang='lat' dir='ltr'>talitatem</span> <span class='ocrx_word' id='word_1_580' title='bbox 1500 2104 1597 2142; x_wconf 76' lang='lat' dir='ltr'>juxta</span> <span class='ocrx_word' id='word_1_581' title='bbox 1626 2104 1732 2142; x_wconf 85' lang='lat' dir='ltr'>patrie</span> <span class='ocrx_word' id='word_1_582' title='bbox 1760 2113 1887 2134; x_wconf 83' lang='lat' dir='ltr'>morem</span> <span class='ocrx_word' id='word_1_583' title='bbox 1918 2105 2097 2139; x_wconf 88' lang='lat' dir='ltr'>servando,</span> <span class='ocrx_word' id='word_1_584' title='bbox 2122 2105 2328 2143; x_wconf 78' lang='lat' dir='ltr'>multiplices</span> 
     </span>
     <span class='ocr_line' id='line_1_85' title="bbox 1318 2157 2327 2196; baseline 0.001 -10"><span class='ocrx_word' id='word_1_585' title='bbox 1318 2157 1570 2193; x_wconf 81' lang='lat' dir='ltr'>inevitabiliter,</span> <span class='ocrx_word' id='word_1_586' title='bbox 1601 2158 1637 2187; x_wconf 79' lang='lat' dir='ltr'>ut.</span> <span class='ocrx_word' id='word_1_587' title='bbox 1669 2158 1844 2193; x_wconf 84' lang='lat' dir='ltr'>asseritur,</span> <span class='ocrx_word' id='word_1_588' title='bbox 1879 2157 1974 2187; x_wconf 89' lang='lat' dir='ltr'>subis</span> <span class='ocrx_word' id='word_1_589' title='bbox 2004 2166 2171 2196; x_wconf 87' lang='lat' dir='ltr'>expensas</span> <span class='ocrx_word' id='word_1_590' title='bbox 2203 2159 2234 2187; x_wconf 88' lang='lat' dir='ltr'>et</span> <span class='ocrx_word' id='word_1_591' title='bbox 2263 2157 2327 2187; x_wconf 80' lang='lat' dir='ltr'>alia</span> 
     </span>
     <span class='ocr_line' id='line_1_86' title="bbox 1318 2210 2328 2248; baseline 0 -8"><span class='ocrx_word' id='word_1_592' title='bbox 1318 2219 1419 2241; x_wconf 86' lang='lat' dir='ltr'>onera</span> <span class='ocrx_word' id='word_1_593' title='bbox 1444 2210 1556 2240; x_wconf 85' lang='lat' dir='ltr'>onmia</span> <span class='ocrx_word' id='word_1_594' title='bbox 1580 2210 1809 2240; x_wconf 81' lang='lat' dir='ltr'>incumbentia</span> <span class='ocrx_word' id='word_1_595' title='bbox 1838 2210 1980 2241; x_wconf 88' lang='lat' dir='ltr'>ecclesie</span> <span class='ocrx_word' id='word_1_596' title='bbox 2004 2210 2132 2248; x_wconf 87' lang='lat' dir='ltr'>prefate</span> <span class='ocrx_word' id='word_1_597' title='bbox 2156 2210 2269 2240; x_wconf 84' lang='lat' dir='ltr'>debita</span> <span class='ocrx_word' id='word_1_598' title='bbox 2297 2212 2328 2240; x_wconf 89' lang='lat' dir='ltr'>et</span> 
     </span>
     <span class='ocr_line' id='line_1_87' title="bbox 1317 2263 2329 2302; baseline -0.001 -8"><span class='ocrx_word' id='word_1_599' title='bbox 1317 2265 1478 2294; x_wconf 89' lang='lat' dir='ltr'>consueta</span> <span class='ocrx_word' id='word_1_600' title='bbox 1503 2265 1695 2302; x_wconf 83' lang='lat' dir='ltr'>supportas,</span> <span class='ocrx_word' id='word_1_601' title='bbox 1721 2263 1807 2293; x_wconf 83' lang='lat' dir='ltr'>sicut</span> <span class='ocrx_word' id='word_1_602' title='bbox 1835 2263 1867 2293; x_wconf 90' lang='lat' dir='ltr'>in</span> <span class='ocrx_word' id='word_1_603' title='bbox 1894 2263 2133 2302; x_wconf 83' lang='lat' dir='ltr'>spiritualibus</span> <span class='ocrx_word' id='word_1_604' title='bbox 2160 2264 2208 2293; x_wconf 89' lang='lat' dir='ltr'>sic</span> <span class='ocrx_word' id='word_1_605' title='bbox 2239 2266 2269 2294; x_wconf 92' lang='lat' dir='ltr'>et</span> <span class='ocrx_word' id='word_1_606' title='bbox 2295 2263 2329 2293; x_wconf 92' lang='lat' dir='ltr'>in</span> 
     </span>
     <span class='ocr_line' id='line_1_88' title="bbox 1318 2316 2330 2355; baseline 0 -8"><span class='ocrx_word' id='word_1_607' title='bbox 1318 2316 1563 2355; x_wconf 86' lang='lat' dir='ltr'>temporalibus</span> <span class='ocrx_word' id='word_1_608' title='bbox 1579 2316 1803 2346; x_wconf 82' lang='lat' dir='ltr'>ministrando</span> <span class='ocrx_word' id='word_1_609' title='bbox 1823 2316 1938 2355; x_wconf 83' lang='lat' dir='ltr'>sicque</span> <span class='ocrx_word' id='word_1_610' title='bbox 1952 2316 2049 2355; x_wconf 87' lang='lat' dir='ltr'>plene</span> <span class='ocrx_word' id='word_1_611' title='bbox 2063 2316 2330 2347; x_wconf 86' lang='lat' dir='ltr'>administratio-</span> 
     </span>
     <span class='ocr_line' id='line_1_89' title="bbox 1318 2369 2330 2411; baseline -0.001 -11"><span class='ocrx_word' id='word_1_612' title='bbox 1318 2378 1395 2400; x_wconf 87' lang='lat' dir='ltr'>nem</span> <span class='ocrx_word' id='word_1_613' title='bbox 1418 2369 1564 2408; x_wconf 86' lang='lat' dir='ltr'>gerendo</span> <span class='ocrx_word' id='word_1_614' title='bbox 1592 2369 1701 2408; x_wconf 86' lang='lat' dir='ltr'>ipsius</span> <span class='ocrx_word' id='word_1_615' title='bbox 1728 2369 1879 2405; x_wconf 66' lang='lat' dir='ltr'>ecclesie7</span> <span class='ocrx_word' id='word_1_616' title='bbox 1902 2369 1963 2399; x_wconf 90' lang='lat' dir='ltr'>tibi</span> <span class='ocrx_word' id='word_1_617' title='bbox 1985 2369 2073 2411; x_wconf 82' lang='lat' dir='ltr'>circa</span> <span class='ocrx_word' id='word_1_618' title='bbox 2101 2370 2330 2408; x_wconf 87' lang='lat' dir='ltr'>supportanda</span> 
     </span>
     <span class='ocr_line' id='line_1_90' title="bbox 1318 2422 2330 2462; baseline -0.001 -9"><span class='ocrx_word' id='word_1_619' title='bbox 1318 2423 1513 2462; x_wconf 90' lang='lat' dir='ltr'>hujusmodi</span> <span class='ocrx_word' id='word_1_620' title='bbox 1539 2431 1639 2452; x_wconf 84' lang='lat' dir='ltr'>onera</span> <span class='ocrx_word' id='word_1_621' title='bbox 1663 2422 1776 2460; x_wconf 86' lang='lat' dir='ltr'>possis</span> <span class='ocrx_word' id='word_1_622' title='bbox 1806 2422 1926 2452; x_wconf 88' lang='lat' dir='ltr'>utilius</span> <span class='ocrx_word' id='word_1_623' title='bbox 1959 2423 2148 2461; x_wconf 84' lang='lat' dir='ltr'>providere,</span> <span class='ocrx_word' id='word_1_624' title='bbox 2175 2431 2236 2453; x_wconf 85' lang='lat' dir='ltr'>nos</span> <span class='ocrx_word' id='word_1_625' title='bbox 2262 2423 2330 2453; x_wconf 88' lang='lat' dir='ltr'>tuis</span> 
     </span>
     <span class='ocr_line' id='line_1_91' title="bbox 1320 2474 2330 2514; baseline -0.001 -8"><span class='ocrx_word' id='word_1_626' title='bbox 1320 2474 1802 2514; x_wconf 83' lang='lat' dir='ltr'>supplicationibusinclinati,</span> <span class='ocrx_word' id='word_1_627' title='bbox 1817 2475 1952 2505; x_wconf 86' lang='lat' dir='ltr'>salubre</span> <span class='ocrx_word' id='word_1_628' title='bbox 1962 2475 2049 2505; x_wconf 87' lang='lat' dir='ltr'>circa</span> <span class='ocrx_word' id='word_1_629' title='bbox 2064 2475 2214 2513; x_wconf 89' lang='lat' dir='ltr'>predicta</span> <span class='ocrx_word' id='word_1_630' title='bbox 2225 2475 2330 2505; x_wconf 89' lang='lat' dir='ltr'>inten-</span> 
     </span>
     <span class='ocr_line' id='line_1_92' title="bbox 1320 2527 2332 2566; baseline -0.002 -8"><span class='ocrx_word' id='word_1_631' title='bbox 1320 2528 1437 2558; x_wconf 89' lang='lat' dir='ltr'>dentes</span> <span class='ocrx_word' id='word_1_632' title='bbox 1478 2527 1664 2558; x_wconf 90' lang='lat' dir='ltr'>remedium</span> <span class='ocrx_word' id='word_1_633' title='bbox 1701 2527 1872 2563; x_wconf 86' lang='lat' dir='ltr'>adhibere,</span> <span class='ocrx_word' id='word_1_634' title='bbox 1913 2528 2103 2566; x_wconf 90' lang='lat' dir='ltr'>portionem</span> <span class='ocrx_word' id='word_1_635' title='bbox 2139 2527 2332 2566; x_wconf 85' lang='lat' dir='ltr'>hujusmodi</span> 
     </span>
     <span class='ocr_line' id='line_1_93' title="bbox 1322 2580 2333 2620; baseline -0.001 -9"><span class='ocrx_word' id='word_1_636' title='bbox 1322 2589 1422 2620; x_wconf 84' lang='lat' dir='ltr'>quam</span> <span class='ocrx_word' id='word_1_637' title='bbox 1440 2581 1507 2619; x_wconf 88' lang='lat' dir='ltr'>ipsi</span> <span class='ocrx_word' id='word_1_638' title='bbox 1528 2581 1620 2619; x_wconf 88' lang='lat' dir='ltr'>prior</span> <span class='ocrx_word' id='word_1_639' title='bbox 1642 2582 1674 2611; x_wconf 85' lang='lat' dir='ltr'>et</span> <span class='ocrx_word' id='word_1_640' title='bbox 1697 2582 1881 2611; x_wconf 82' lang='lat' dir='ltr'>conventus</span> <span class='ocrx_word' id='word_1_641' title='bbox 1903 2580 1938 2610; x_wconf 91' lang='lat' dir='ltr'>in</span> <span class='ocrx_word' id='word_1_642' title='bbox 1955 2581 2056 2611; x_wconf 85' lang='lat' dir='ltr'>dictis</span> <span class='ocrx_word' id='word_1_643' title='bbox 2073 2580 2215 2611; x_wconf 90' lang='lat' dir='ltr'>ecclesia</span> <span class='ocrx_word' id='word_1_644' title='bbox 2233 2582 2266 2611; x_wconf 88' lang='lat' dir='ltr'>et</span> <span class='ocrx_word' id='word_1_645' title='bbox 2282 2590 2333 2610; x_wconf 88' lang='lat' dir='ltr'>ca-</span> 
     </span>
     <span class='ocr_line' id='line_1_94' title="bbox 1321 2633 2333 2672; baseline 0 -9"><span class='ocrx_word' id='word_1_646' title='bbox 1321 2633 1411 2672; x_wconf 85' lang='lat' dir='ltr'>pella</span> <span class='ocrx_word' id='word_1_647' title='bbox 1425 2634 1628 2672; x_wconf 86' lang='lat' dir='ltr'>percipiunt,</span> <span class='ocrx_word' id='word_1_648' title='bbox 1644 2641 1719 2663; x_wconf 91' lang='lat' dir='ltr'>cum</span> <span class='ocrx_word' id='word_1_649' title='bbox 1733 2633 1890 2664; x_wconf 88' lang='lat' dir='ltr'>domibus</span> <span class='ocrx_word' id='word_1_650' title='bbox 1907 2634 1938 2664; x_wconf 89' lang='lat' dir='ltr'>et</span> <span class='ocrx_word' id='word_1_651' title='bbox 1954 2634 2055 2664; x_wconf 86' lang='lat' dir='ltr'>terris</span> <span class='ocrx_word' id='word_1_652' title='bbox 2072 2633 2223 2672; x_wconf 84' lang='lat' dir='ltr'>prefatis,</span> <span class='ocrx_word' id='word_1_653' title='bbox 2244 2633 2333 2663; x_wconf 86' lang='lat' dir='ltr'>veris</span> 
     </span>
     <span class='ocr_line' id='line_1_95' title="bbox 1322 2686 2334 2726; baseline 0 -10"><span class='ocrx_word' id='word_1_654' title='bbox 1322 2686 1547 2717; x_wconf 79' lang='lat' dir='ltr'>existentibus</span> <span class='ocrx_word' id='word_1_655' title='bbox 1566 2695 1629 2725; x_wconf 81' lang='lat' dir='ltr'>que</span> <span class='ocrx_word' id='word_1_656' title='bbox 1651 2687 1690 2716; x_wconf 91' lang='lat' dir='ltr'>de</span> <span class='ocrx_word' id='word_1_657' title='bbox 1713 2687 1886 2717; x_wconf 79' lang='lat' dir='ltr'>taxatione</span> <span class='ocrx_word' id='word_1_658' title='bbox 1910 2686 2105 2726; x_wconf 87' lang='lat' dir='ltr'>hujusmodi</span> <span class='ocrx_word' id='word_1_659' title='bbox 2128 2689 2160 2717; x_wconf 90' lang='lat' dir='ltr'>et</span> <span class='ocrx_word' id='word_1_660' title='bbox 2178 2687 2256 2717; x_wconf 87' lang='lat' dir='ltr'>aliis</span> <span class='ocrx_word' id='word_1_661' title='bbox 2281 2695 2334 2716; x_wconf 89' lang='lat' dir='ltr'>su-</span> 
     </span>
     <span class='ocr_line' id='line_1_96' title="bbox 1322 2739 2334 2779; baseline 0 -10"><span class='ocrx_word' id='word_1_662' title='bbox 1322 2739 1439 2779; x_wconf 88' lang='lat' dir='ltr'>perius</span> <span class='ocrx_word' id='word_1_663' title='bbox 1460 2741 1706 2778; x_wconf 84' lang='lat' dir='ltr'>proponuntur,</span> <span class='ocrx_word' id='word_1_664' title='bbox 1730 2739 1792 2769; x_wconf 88' lang='lat' dir='ltr'>tibi</span> <span class='ocrx_word' id='word_1_665' title='bbox 1811 2740 2010 2770; x_wconf 85' lang='lat' dir='ltr'>auctoritate</span> <span class='ocrx_word' id='word_1_666' title='bbox 2031 2740 2239 2779; x_wconf 89' lang='lat' dir='ltr'>presentium</span> <span class='ocrx_word' id='word_1_667' title='bbox 2259 2748 2334 2769; x_wconf 90' lang='lat' dir='ltr'>con-</span> 
     </span>
     <span class='ocr_line' id='line_1_97' title="bbox 1324 2792 2334 2831; baseline -0.001 -9"><span class='ocrx_word' id='word_1_668' title='bbox 1324 2793 1476 2823; x_wconf 87' lang='lat' dir='ltr'>cedimus</span> <span class='ocrx_word' id='word_1_669' title='bbox 1501 2801 1538 2822; x_wconf 77' lang='grc'>30</span> <span class='ocrx_word' id='word_1_670' title='bbox 1564 2793 1666 2823; x_wconf 88' lang='lat' dir='ltr'>etiam</span> <span class='ocrx_word' id='word_1_671' title='bbox 1688 2793 1902 2831; x_wconf 83' lang='lat' dir='ltr'>assignamus</span> <span class='ocrx_word' id='word_1_672' title='bbox 1931 2802 1950 2822; x_wconf 88' lang='lat' dir='ltr'>a</span> <span class='ocrx_word' id='word_1_673' title='bbox 1979 2794 2024 2828; x_wconf 90' lang='lat' dir='ltr'>te,</span> <span class='ocrx_word' id='word_1_674' title='bbox 2054 2793 2163 2831; x_wconf 86' lang='lat' dir='ltr'>quoad</span> <span class='ocrx_word' id='word_1_675' title='bbox 2195 2792 2334 2827; x_wconf 75' lang='lat' dir='ltr'>vixeris,</span> 
     </span>
     <span class='ocr_line' id='line_1_98' title="bbox 1325 2845 2337 2884; baseline -0.002 -9"><span class='ocrx_word' id='word_1_676' title='bbox 1325 2846 1548 2880; x_wconf 86' lang='lat' dir='ltr'>retinendam,</span> <span class='ocrx_word' id='word_1_677' title='bbox 1572 2845 1723 2884; x_wconf 86' lang='lat' dir='ltr'>predicta</span> <span class='ocrx_word' id='word_1_678' title='bbox 1751 2846 1969 2876; x_wconf 88' lang='lat' dir='ltr'>concessione</span> <span class='ocrx_word' id='word_1_679' title='bbox 1996 2845 2239 2883; x_wconf 89' lang='lat' dir='ltr'>archiepiscopi</span> <span class='ocrx_word' id='word_1_680' title='bbox 2273 2853 2337 2874; x_wconf 92' lang='lat' dir='ltr'>non</span> 
     </span>
     <span class='ocr_line' id='line_1_99' title="bbox 1326 2897 2339 2937; baseline -0.002 -9"><span class='ocrx_word' id='word_1_681' title='bbox 1326 2898 1492 2935; x_wconf 86' lang='lat' dir='ltr'>obstante,</span> <span class='ocrx_word' id='word_1_682' title='bbox 1509 2899 1556 2928; x_wconf 87' lang='lat' dir='ltr'>ita</span> <span class='ocrx_word' id='word_1_683' title='bbox 1573 2901 1686 2928; x_wconf 88' lang='lat' dir='ltr'>tamen</span> <span class='ocrx_word' id='word_1_684' title='bbox 1708 2898 1797 2937; x_wconf 88' lang='lat' dir='ltr'>quod</span> <span class='ocrx_word' id='word_1_685' title='bbox 1815 2906 1874 2937; x_wconf 89' lang='lat' dir='ltr'>pro</span> <span class='ocrx_word' id='word_1_686' title='bbox 1894 2899 2010 2928; x_wconf 85' lang='lat' dir='ltr'>eadem</span> <span class='ocrx_word' id='word_1_687' title='bbox 2028 2898 2180 2936; x_wconf 88' lang='lat' dir='ltr'>portione</span> <span class='ocrx_word' id='word_1_688' title='bbox 2200 2897 2339 2936; x_wconf 82' lang='lat' dir='ltr'>quadra-</span> 
     </span>
    </p>

    <p class='ocr_par' dir='ltr' id='par_1_29' title="bbox 2184 2951 2214 2976">
     <span class='ocr_line' id='line_1_100' title="bbox 2184 2951 2214 2976; baseline -0.1 1"><span class='ocrx_word' id='word_1_689' title='bbox 2184 2951 2214 2976; x_wconf 75' lang='lat' dir='ltr'>l‘.)</span> 
     </span>
    </p>
   </div>
  </div>
 </body>
</html>
