2519 3262
1016 187 1258 225 TROISIEME
1280 186 1446 224 ANNEE.

190 278 371 309 Carnotensi,
396 277 561 304 Belvacensi
580 280 608 304 et
634 278 815 313 Lugdunensi
843 279 993 305 dumtaxat
1012 279 1151 312 exceptis,
1173 278 1202 304 in

189 326 342 353 canonicos
359 327 410 353 sub
426 326 638 361 exspectatione
654 327 832 361 praebendae
848 327 934 361 recipi
952 327 1046 353 l‘aciat-
1066 327 1143 361 (Bao.
1157 328 1202 358 29,
1227 341 1228 358 1

1226 396 1228 406 v
1259 392 1334 412 cum
1359 383 1505 421 aliquos,
1529 383 1595 413 sibi
1622 383 1759 414 obedire
1786 386 1950 419 nolentes,
1979 387 2113 417 vln‹·ulo
2140 397 2270 419 excom-

189 375 238 402 sol.
254 375 316 406 225,
333 380 362 401 11⁰
384 375 473 407 1214.)

229 491 244 510 «
264 480 312 516 S.,
331 481 415 510 tituli
429 491 452 511 s.
477 480 589 511 Cecilie
604 480 775 521 presbitero
794 480 956 514 cardinali,
975 479 1141 520 apostolice
1157 488 1196 508 se·
1225 482 1227 522 J

187 533 233 563 dis
255 533 365 572 Ieyaw.
389 534 474 564 Cum
497 534 658 564 dilectum
684 534 792 564 filium
810 551 859 562 —.
882 534 1006 564 Datum
1026 533 1115 571 apud
1138 532 1198 563 Ur·

186 586 426 624 bemveterem,
441 596 487 616 vu
504 587 667 617 kalendas
685 586 828 626 augusti,
847 595 932 616 anno
950 587 1061 616 tertio.
1084 595 1098 614 »

749 743 872 773 Orvieto,
892 744 926 770 25
937 742 1032 777 juillet
1047 742 1124 769 1264.

277 747 375 777 2166

220 829 359 864 Episcopo
384 827 547 855 Belvaeensi
573 828 693 854 mandat
717 830 747 854 ut
771 835 821 862 per
843 827 1069 862 quinquennium
1095 828 1196 854 decem

183 878 295 906 clericis
309 877 424 905 comitis
440 876 628 908 Pictavensis,
646 885 716 911 quos
729 876 790 910 ipse
805 876 1008 906 nominaverit,
1022 876 1130 903 fructus
1145 877 1198 903 be-

183 927 351 955 neficiorum
366 934 431 953 cum
443 926 610 961 integritate
622 926 770 960 percipere
785 925 881 957 saciat,
898 926 1030 960 quamvis
1045 925 1134 960 ipsius
1152 934 1197 952 co-

182 976 263 1003 mitis
278 975 404 1003 servitiis
414 974 585 1008 insistendo,
599 974 786 1002 residentiam
798 974 980 1008 personalem
994 983 1050 1002 non
1061 974 1193 1002 fecerint.

185 1026 261 1061 (Bm.
281 1025 325 1055 29,
346 1024 396 1051 fol.
411 1024 474 1057 225,
489 1028 521 1050 n⁰
537 1024 630 1058 1215.)

218 1140 236 1161 ((
254 1130 414 1170 Episcopo
434 1128 624 1159 Belvacensi.
642 1128 763 1159 Dilecti
782 1127 845 1158 filii
862 1127 988 1158 nobilis
1003 1145 1053 1158 ——.
1068 1129 1193 1159 Datum

179 1183 267 1222 apud
283 1182 573 1218 Urbemveterem,
595 1191 653 1212 viu
674 1182 838 1212 kalendas
855 1181 1001 1220 augusti,
1023 1190 1109 1212 anno
1129 1183 1195 1212 ter-

178 1237 238 1267 tio.
265 1246 280 1266 ))

270 1396 365 1426 2167
734 1393 859 1425 Orvicto,
877 1394 910 1421 24
924 1393 1018 1429 juillet
1041 1394 1118 1421 1264.

213 1478 385 1512 Episcopum
411 1477 616 1504 Belvacensem
637 1479 870 1504 conservatorem
895 1477 1114 1504 immunitatum
1143 1479 1191 1505 Al-

177 1527 269 1559 l'onso,
306 1526 406 1553 comiti
440 1525 613 1554 pictavensi.
641 1534 843 1553 concessarum
873 1527 1001 1561 deputat.
1030 1527 1108 1560 (Rae.
1145 1528 1189 1558 29,

177 1575 225 1603 foi.
243 1577 306 1605 225.
325 1581 355 1602 [ιο
373 1576 462 1610 1210.)

217 1691 230 1710 t<
249 1680 371 1710 Eidem.
389 1681 575 1712 Personam
593 1680 709 1711 dilecti
727 1681 790 1711 filii
811 1698 859 1710 -—-.
879 1681 1004 1711 Datum
1023 1681 1111 1720 apud
1131 1682 1191 1712 Ur·

175 1733 415 1769 bemveterem,
434 1743 507 1764 vnn
525 1734 689 1765 kalendas
706 1734 853 1773 augusti,
874 1743 960 1764 anno
977 1735 1087 1765 tertio.
1109 1744 1123 1763 »

264 1889 361 1921 2168
732 1888 857 1921 Orvieto,
874 1888 908 1915 21
922 1888 1017 1923 juillet
1035 1888 1113 1916 1264.

208 1972 431 1999 Thesaurarium
454 1973 591 2000 ecclesiae
612 1981 634 1999 s.
654 1972 754 2000 Hilarii
771 1973 948 2000 Pictavensis
967 1973 1186 2001 immunitatum

171 2021 270 2048 comiti
281 2021 441 2049 l‘ictavensi
453 2030 658 2049 concessarum
666 2025 900 2049 conservatorem
913 2023 1040 2057 deputat.
1051 2023 1129 2057 (Rae.
1142 2025 1185 2054 29,
1213 2040 1214 2043 =

172 2070 221 2097 foi.
240 2071 304 2105 225,
319 2073 350 2097 n⁰
367 2071 459 2106 1217.)

210 2184 224 2204 «
254 2175 455 2205 Tkesaurario
480 2175 599 2206 ecclesie
618 2187 641 2208 s,
672 2176 771 2207 Ylariz·
791 2177 990 2207 Pictavensis.
1009 2178 1092 2209 Cum
1111 2187 1186 2217 per-

170 2237 287 2258 sonam
312 2228 437 2259 nobilis
453 2246 502 2260 —.
522 2230 647 2260 Datum
665 2232 701 2261 ut
718 2239 831 2270 supra.
854 2240 870 2260 »

260 2386 357 2417 2169
724 2388 849 2420 Orvieto,
868 2389 902 2416 25
916 2389 1012 2424 juillet
1030 2390 1108 2417 1264.

204 2468 333 2503 Alfonso,
365 2469 527 2497 Pictavensi
551 2473 580 2498 et
603 2471 764 2499 Tholosano
789 2474 901 2506 comiti,
927 2474 1059 2510 indulget
1091 2478 1132 2509 ut,
1159 2476 1182 2503 si

167 2519 280 2552 quando
303 2527 368 2545 eum
386 2521 435 2546 aut
457 2519 652 2554 comitissam,
679 2521 739 2557 ejus
768 2530 896 2555 uxorein,
923 2525 1182 2552 excommunicatis

154 2567 383 2594 ”communicare
400 2568 559 2603 contingat,
578 2570 753 2597 sententiam
771 2571 893 2598 minoris
908 2574 1182 2601 excommunicatio-

166 2615 211 2641 nis
230 2615 395 2643 nullatenus
411 2616 568 2644 incurrant.
584 2618 662 2652 (Rnc.
682 2620 726 2651 29,
742 2618 791 2646 fol.
808 2621 861 2648 225
876 2626 915 2655 νο,
937 2627 966 2648 11⁰
983 2622 1074 2659 1218.)

208 2729 224 2750 ((
237 2720 378 2759 .-tlfonso,
393 2720 570 2752 Pictavensi
586 2727 613 2752 et
627 2722 799 2754 Tholosano
817 2725 929 2754 comiti.
948 2726 999 2756 Ex
1011 2729 1105 2764 parte
1120 2729 1180 2758 tua

169 2773 279 2804 felicis
300 2775 545 2806 recordationis
565 2776 762 2808 Innocentio
779 2779 811 2808 et
829 2778 1035 2816 Alexandro,
1055 2781 1180 2812 Roma-

165 2826 220 2856 nis
230 2827 458 2865 pontificibus,
470 2829 769 2867 predecessoribus
778 2832 917 2867 nostris,
928 2833 958 2862 et
967 2832 1065 2863 nobis
1077 2834 1181 2864 etiam
1205 2843 1206 2869 ι

166 2881 323 2911 intimato
337 2882 426 2921 quod
439 2882 595 2913 nonnulli
610 2883 731 2921 prelati
743 2884 837 2924 regni
852 2885 992 2916 Francie
1011 2895 1047 2916 ac
1063 2895 1179 2918 eorum

2212 202 2270 231 349

1263 278 1426 308 officiales
1445 279 1476 308 et
1493 278 1625 316 judices
1643 288 1661 308 a
1684 279 1762 309 sede
1785 280 1970 318 apostolica
1988 284 2018 310 et
2038 282 2158 321 legatis
2179 285 2269 314 sedis

1261 331 1410 369 ejusdem
1424 330 1609 369 delegatiet
1620 333 1817 362 executores
1830 333 2022 371 hujusmodi
2036 343 2269 372 personarum,

1259 435 1500 465 municationis
1517 436 1719 475 astringunt,
1742 438 1774 467 in
1792 439 2033 477 participantes
2051 449 2126 470 cum
2143 450 2268 472 excom-

1258 488 1441 518 municatis
1459 488 1653 527 hujusmodi
1673 499 1737 520 non
1754 491 1863 521 solum
1886 492 1919 521 in
1943 493 2083 523 crimine
2100 496 2151 524 set
2167 495 2268 524 etiam

1257 540 1323 570 alio
1344 541 1441 571 modo
1459 543 1818 573 excommunicationis
1834 546 1865 574 et
1885 545 2052 575 interdicti
2070 550 2269 584 presumunt

1224 612 1225 618 ι
1257 594 1443 624 sententias
1467 595 1694 634 promulgare,
1714 597 1835 635 prefati
1854 598 2110 636 predecessores
2126 600 2187 630 tibi
2211 610 2269 639 pei·

1257 655 1336 676 suas
1349 649 1381 678 et
1394 656 1466 681 nos,
1488 648 1529 678 ad
1545 657 1661 678 eorum
1678 649 1796 686 instar,
1814 658 1873 688 per
1889 653 2023 681 nostras
2040 653 2200 683 duximus
2216 654 2267 684 lit-

1255 701 1345 730 teras
1362 701 1611 731 concedendum
1627 704 1673 738 ut,
1694 702 1722 732 si
1742 704 1874 741 quando
1893 705 1924 734 te
1941 706 1972 734 et
1985 704 2132 735 nobilem
2150 707 2268 738 mulie—

1256 761 1327 783 rem
1339 754 1383 788 J.‚
1402 754 1635 785 Pictavensem
1653 757 1685 785 et
1701 756 1928 787 Tholosanam
1945 758 2166 795 comitissam,
2187 769 2267 790 uxo-

1255 815 1326 836 rem
1341 808 1445 843 tuam,
1463 807 1655 846 capellanos
1670 810 1701 839 et
1716 809 1802 839 alios
1815 810 1956 841 clericos
1972 813 2048 841 tuos
2058 815 2089 842 et
2100 812 2266 851 reliquam

1255 858 1421 889 familiam
1437 861 1530 890 tuam
1546 861 1741 900 hujusmodi
1761 864 2063 894 excommunicans
2085 867 2268 897 communi-

1255 921 1329 943 care
1347 913 1537 952 contigerit,
1560 916 1697 953 propter
1717 915 1777 946 hoc
1793 917 1932 955 majoris
1949 919 2268 950 excommunicatio-

1254 965 1308 995 nis
1343 966 1464 1005 laqueo
1498 967 1550 997 vel
1580 968 1682 998 etiam
1714 969 1891 1000 interdicto
1922 979 2135 1010 nequaquam
2167 972 2265 1011 ligari

1254 1019 1407 1057 possitis,
1424 1020 1606 1051 dummodo
1627 1030 1692 1051 non
1714 1023 1971 1054 communicetis
1991 1024 2025 1054 in
2046 1025 2186 1055 crimine
2207 1026 2267 1056 cri—

1252 1072 1409 1102 minosis.
1439 1073 1602 1104 Volentes
1628 1074 1741 1113 itaque
1760 1075 1822 1106 tibi
1847 1085 1949 1115 super
1973 1077 2033 1107 hoc
2053 1078 2196 1117 gratiam
2220 1080 2267 1109 fa·

1253 1133 1326 1156 cere
1353 1126 1565 1164 ampliorem,
1586 1127 1777 1158 devotionis
1796 1130 1851 1159 tue
1870 1130 2027 1168 precibus
2045 1132 2209 1169 inclinati,
2230 1135 2264 1163 ut

1253 1179 1282 1208 si
1308 1179 1491 1218 aliquando
1515 1181 1818 1212 excommunicatis
1834 1183 1976 1220 eisdem,
2002 1193 2067 1214 non
2094 1187 2206 1216 tamen
2232 1186 2265 1216 in

1252 1232 1405 1269 crimine,
1436 1234 1468 1263 te
1496 1242 1533 1263 ac
1562 1234 1773 1265 comitissam
1801 1236 1987 1275 predictam
2016 1239 2264 1270 communicare

1251 1286 1442 1325 contigerit,
1469 1287 1559 1326 quod
1581 1289 1718 1326 propter
1741 1288 1802 1319 hoc
1828 1289 1972 1320 minoris
1995 1293 2263 1322 excommunica-

1252 1339 1355 1369 tionis
1389 1341 1592 1370 sententiam
1622 1343 1658 1371 tu
1687 1344 1719 1372 et
1746 1342 1820 1381 ipsa
1849 1344 2043 1374 nullatenus
2069 1345 2262 1379 incurratis,

1250 1391 1312 1422 tibi
1332 1394 1363 1422 et
1384 1393 1494 1423 eidem
1516 1394 1690 1425 comitisse
1710 1397 1909 1427 auctoritate
1929 1398 2138 1436 presentium
2156 1399 2264 1429 indul-

1250 1453 1380 1484 gemus,
1399 1447 1536 1484 proviso
1555 1449 1602 1484 ut,
1621 1456 1696 1477 cum
1714 1457 1824 1479 mores
1844 1449 1982 1480 formari
2002 1451 2132 1482 soleant
2153 1461 2170 1481 a
2187 1461 2262 1482 con-

1249 1498 1340 1528 victu
1377 1501 1409 1529 et
1436 1508 1477 1529 ex
1505 1500 1672 1539 frequenti
1700 1503 2005 1534 communicatione
2034 1513 2108 1534 cum
2137 1505 2262 1535 talibus

1249 1553 1364 1589 posset
1386 1552 1552 1591 disrumpi
1580 1562 1719 1584 nervum
1747 1555 1974 1587 ecclesiastice
2000 1557 2191 1596 (Hscipline,
2220 1559 2260 1588 ab

1249 1603 1402 1642 ipsorum
1430 1607 1666 1637 communione
1694 1617 1766 1644 vos,
1794 1611 1957 1647 quantum
1985 1619 2061 1640 cum
2085 1611 2259 1643 honestate

1248 1658 1417 1696 poteritis,
1432 1659 1746 1691 subducatis.Nulli
1757 1670 1835 1701 ergo
1846 1665 1959 1694 nostre
1970 1665 2199 1695 concessionis
2210 1684 2258 1694 —.

1216 1743 1217 1751 ἵ
1247 1710 1372 1741 Datum
1399 1713 1486 1750 apud
1511 1712 1801 1749 Urbemveterem,
1831 1725 1890 1745 vin
1920 1717 2083 1747 kalendas
2112 1720 2258 1757 augusti,

1215 1780 1217 1791 ‹
1248 1772 1334 1794 anno
1352 1765 1462 1796 tertio.
1486 1777 1499 1794 n
1763 1756 1768 1763 ’

1335 1918 1434 1949 2170

1810 1919 1933 1950 Orvieto,
1949 1920 1982 1946 27
1994 1920 2089 1956 juillet
2108 1921 2187 1948 1264.

1281 2001 1380 2028 Eidem
1399 2001 1526 2036 indulget
1545 2010 1578 2029 ne
1594 2002 1756 2038 quisjudex
1773 2003 1998 2035 ecclesiasticus,
2017 2014 2066 2040 pro
2084 2005 2187 2033 delicto
2204 2006 2257 2032 ali-

1245 2050 1324 2085 cujus
1341 2050 1473 2078 officialis
1499 2051 1557 2078 sive
1580 2052 1677 2078 ballivi
1699 2052 1798 2087 ipsius.
1816 2053 1844 2079 in
1861 2056 1968 2081 terram
1988 2055 2115 2089 ejusdem
2134 2055 2257 2087 Aliensi,

1245 2099 1306 2126 sine
1323 2101 1440 2134 speciali
1461 2101 1538 2127 sedis
1557 2102 1732 2136 apostolicae
1750 2103 1896 2134 mandato,
1918 2104 2091 2131 sententiam
2113 2105 2256 2132 interdicti

1244 2148 1373 2182 proferre
1390 2152 1567 2183 praesumat.
1586 2151 1665 2185 (11110.
1683 2152 1726 2181 29,
1745 2151 1794 2178 l'ol.
1811 2153 1864 2179 225
1877 2158 1914 2186 v⁰‚
1932 2158 1960 2178 n⁰
1978 2153 2066 2186 1219.)

1284 2260 1298 2278 <1
1324 2249 1446 2279 Eidem.
1472 2251 1671 2289 Exposuisti
1690 2251 1788 2281 nobis
1808 2252 1897 2290 quod
1924 2252 2044 2290 prelati
2070 2255 2158 2283 terre
2187 2255 2254 2290 tue,

1243 2302 1357 2341 aliquo
1388 2303 1586 2333 officialium
1610 2312 1670 2334 seu
1698 2303 1902 2334 ballivorum
1929 2306 2063 2335 tuorum
2093 2306 2253 2336 delictum

1242 2356 1380 2395 aliquod
1407 2356 1650 2393 committente,
1682 2358 1807 2387 terram
1833 2357 1867 2387 in
1889 2367 1953 2396 qua
1976 2357 2067 2389 idem
2095 2359 2253 2390 officialis

1209 2407 1211 2416 '
1242 2409 1313 2440 sive
1345 2409 1493 2440 ballivus
1522 2410 1794 2449 jurisdictionem
1827 2420 1845 2440 a
1876 2413 1907 2441 te
1935 2411 2001 2441 sibi
2033 2413 2251 2444 commissam

1241 2463 1387 2497 exercet,
1417 2464 1612 2502 supponunt
1637 2463 1866 2494 ecclesiastico
1897 2464 2087 2501 interdicto,
2113 2468 2250 2505 propter

1240 2516 1330 2554 quod
1345 2515 1523 2554 privantur
1545 2515 1696 2554 ejusdem
1716 2517 1803 2546 terre
1822 2516 1942 2551 incole,
1961 2517 2034 2548 sine
2055 2518 2153 2557 culpa
2171 2527 2247 2555 sua,

1240 2569 1366 2599 divinis
1383 2568 1505 2599 officiis
1522 2570 1553 2599 et
1570 2569 1811 2599 ecclesiasticis
1827 2571 2058 2601 sacramentis.
2079 2572 2163 2602 Cum
2188 2572 2248 2603 ita-

1240 2631 1304 2662 que
1321 2623 1355 2652 in
1375 2622 1570 2661 hujusmodi
1590 2622 1760 2652 interdicti
1777 2623 1945 2653 sententia
1961 2623 2109 2659 ferenda,
2131 2625 2164 2655 in
2181 2634 2247 2664 qua

1206 2694 1208 2709 2
1238 2675 1425 2714 puniuntur
1440 2676 1591 2706 insontes
1605 2677 1637 2705 et
1653 2675 1906 2713 suspenduntur
1921 2685 2045 2716 organa
2058 2686 2076 2708 a
2090 2677 2249 2709 laudibus

1238 2729 1435 2763 conditoris,
1455 2738 1519 2758 non
1536 2729 1650 2759 deceat
1667 2728 1783 2759 faciles
1807 2738 1882 2760 esse
1904 2730 2064 2768 prelatos,
2086 2740 2159 2767 nos,
2178 2733 2246 2762 tuis

1238 2782 1545 2821 supplicationibus
1559 2782 1722 2817 inclinati,
1735 2791 1773 2812 ne
1784 2783 1861 2821 quis
1871 2783 1972 2821 judex
1981 2784 2244 2821 ecclesiasticus,

1238 2844 1298 2874 pro
1316 2835 1437 2866 delicto
1451 2836 1595 2874 alicujus
1605 2835 1761 2865 officialis
1774 2836 1845 2866 sive
1861 2836 1979 2867 ballivi
1991 2838 2052 2874 tui,
2068 2847 2143 2868 cum
2161 2839 2245 2869 alias

1238 2897 1315 2919 eum
1330 2897 1390 2928 per
1404 2889 1765 2919 excommunicationis
1781 2890 1984 2921 sententiam
1996 2892 2103 2929 possit
2120 2893 2247 2931 percel-
