2519 3262
206 241 262 270 178

205 324 322 353 nerali.
345 324 466 354 Datum
482 323 567 361 apud
583 321 870 358 Urbemveterem,
885 331 929 352 xv
945 322 1107 352 kalendas
1125 330 1209 351 mar-

205 377 254 412 tii,
275 385 361 406 anno
380 376 478 406 tertio
498 376 517 406 ¹.
538 385 552 404 n

746 537 870 569 OrvietO,
884 537 918 564 23
940 536 1042 563 scvrier
1059 537 1133 564 1262.

297 541 389 572 1323

239 620 304 655 Regi
331 619 449 654 Angliae
466 619 581 645 mandat
601 621 629 645 ut
652 618 785 652 episcopo
804 617 995 653 Wigorniensi
1016 620 1042 644 ct
1061 616 1209 651 magistris

204 669 346 695 llomodco
361 670 395 695 de
414 669 515 694 Crema
528 669 556 694 et
578 666 796 694 Bartholomaeo
809 668 842 693 de
854 667 974 694 Turano.
992 667 1018 693 in
1035 666 1149 699 negotio
1165 666 1212 692 de-

204 718 327 745 bitorum
340 726 355 744 a
371 718 457 744 cerlis
471 716 678 743 mercatoribus
691 715 863 743 Florentinis
876 715 1060 750 processuris.
1071 713 1208 742 auxilium

203 767 359 801 impendat.
379 767 457 799 [Rae.
476 767 521 797 120,
539 765 585 791 sol⁴
608 765 666 797 114,
684 770 714 791 11ο
724 764 800 796 373.)

244 884 257 899 «
280 871 442 901 Carissimo
458 872 487 901 in
510 871 628 901 Christo
645 870 710 911 filio
727 894 732 899 .
749 894 755 899 .
774 869 889 900 illustri
902 870 968 909 regyi
984 868 1105 908 Anqlie.
1124 869 1209 898 Cum

201 925 320 956 Dulcis
338 925 460 955 Notius
473 926 505 955 et
525 925 667 955 Holdrus
683 924 722 954 de
737 925 858 962 Burgo,
880 924 998 953 Castra
1017 921 1206 958 Gaalfredi,

201 979 298 1018 Hugo
315 978 461 1009 Monaldi
480 979 511 1008 et
529 978 586 1008 alii
603 986 719 1008 eorum
737 977 832 1013 socii,
850 977 940 1007 cives
957 977 988 1006 et
1005 976 1209 1005 mercatores

201 1032 401 1068 Florentini,
416 1032 449 1062 in
462 1031 664 1071 quibusdam
682 1030 900 1069 pecuniarum
915 1029 1060 1059 summis
1076 1029 1209 1059 dilectis

200 1085 282 1115 siliis
299 1085 424 1116 nostris
441 1086 492 1119 O.‚
510 1094 538 1115 s.
557 1084 696 1115 Adriani
714 1085 746 1114 et
761 1084 804 1120 J.‚
822 1084 1014 1114 sanctorum
1035 1083 1156 1113 Cosme
1177 1083 1208 1112 et

200 1139 356 1170 Damiani
374 1139 525 1169 diaconis
545 1137 786 1173 cardinalibus,
811 1138 842 1168 et
867 1136 1069 1176 quibusdam
1091 1144 1207 1166 eorum

202 1192 427 1223 familiaribus
445 1193 631 1228 teneantur,
650 1192 749 1230 prout
765 1191 797 1221 in
810 1190 1046 1220 instrumentis
1059 1189 1208 1228 publicis

201 1247 233 1276 et
249 1246 372 1276 litteris
391 1246 466 1276 inde
484 1245 644 1276 consectis
661 1244 795 1284 plenius
810 1243 1010 1278 continetur,
1028 1243 1207 1281 eidemque

200 1300 404 1330 mercatores
430 1299 622 1338 hujusmodi
647 1298 807 1337 pecunias
831 1297 958 1327 eisdem
978 1295 1208 1326 cardinalibus

201 1353 232 1383 et
259 1352 485 1383 familiaribus
513 1352 644 1382 solvere
668 1360 703 1381 se
728 1359 793 1381 non
818 1359 917 1389 posse
944 1351 1144 1389 proponant,
1171 1358 1208 1379 ac

200 1405 405 1436 venerabilis
418 1405 519 1436 frater
534 1408 647 1435 noster
658 1405 840 1439 Jobannes,
855 1403 1106 1433 Wintoniensis
1119 1403 1208 1441 epis-

199 1467 314 1498 copus,
334 1459 421 1489 circa
437 1460 509 1488 octo
529 1458 623 1488 milia
640 1466 828 1488 marcarum
847 1456 1099 1495 sterlingorum,
1120 1456 1207 1486 sicut

199 1512 400 1551 accepimus,
414 1511 658 1542 mercatoribus
676 1512 828 1541 teneatur
844 1510 1071 1545 eisde1n.nos,
1091 1509 1204 1539 volen-

198 1567 249 1596 tes
270 1566 463 1596 eorumdem
483 1565 705 1595 cardinalium
727 1565 758 1594 et
775 1564 995 1594 familiarium
1016 1563 1207 1601 indempni-

199 1619 324 1649 tatibus
348 1619 533 1657 apostolica
553 1618 782 1648 sollicitudine
807 1625 996 1656 precavere,
1018 1616 1206 1647 venerabili

199 1672 293 1703 fratri
313 1674 426 1703 nostro
445 1695 470 1703 ..
491 1672 648 1710 episcopo
667 1670 913 1709 XVigorniensi,
930 1672 961 1700 et
979 1670 1112 1700 dilectis
1126 1670 1206 1700 tiliis

198 1726 371 1765 magistris
395 1725 568 1756 Homodeo
593 1725 632 1755 de
652 1726 783 1760 Cronia,
802 1724 1007 1754 subdiacono
1026 1725 1152 1760 nostro,
1174 1725 1206 1754 et

210 1779 432 1809 J›artholomeo
452 1779 490 1809 de
514 1779 659 1814 Turano,
684 1779 842 1808 canonico
864 1777 1004 1808 ecclesie
1024 1786 1050 1807 s.
1080 1777 1205 1816 Tymo-

197 1832 263 1862 thei
285 1832 474 1867 Remensis,
492 1832 617 1862 nostris
634 1831 696 1861 sub
714 1833 802 1862 certa
822 1831 927 1861 forma
943 1831 1098 1860 dedimus
1116 1830 1206 1860 litte-

198 1885 245 1915 ris
275 1886 306 1915 in
331 1886 498 1915 mandatis
514 1887 549 1915 ut
574 1885 636 1923 ipsi
657 1887 724 1915 tres
749 1885 800 1914 vel
820 1885 884 1914 duo
903 1886 959 1914 aut
980 1893 1067 1913 unus
1086 1892 1201 1913 eorum

197 1939 304 1969 eidem
317 1939 545 1969 &Vintoniensi
562 1939 731 1976 episcopo,
744 1937 940 1968 auctoritate
955 1939 1080 1972 nostra,
1099 1945 1205 1975 perse

196 1992 249 2022 vel
269 2001 325 2030 per
344 1992 448 2021 alium
466 2000 524 2021 seu
542 1991 627 2021 alios
642 1991 783 2020 tirmiter
801 1990 951 2020 inhibere
968 1992 1147 2028 procurent
1163 1999 1202 2020 ne

196 2045 358 2083 predictis
383 2044 626 2075 mercatoribus
650 2052 808 2074 eorumve
838 2043 940 2073 sociis
966 2045 995 2073 et
1019 2043 1206 2073 sartoribus

197 2106 256 2128 seu
275 2097 549 2136 procuratoribus
564 2106 622 2127 seu
642 2097 706 2126 biis
725 2096 915 2135 quibusjus
931 2105 1027 2126 suum
1049 2096 1206 2126 dederint

196 2159 317 2181 suasve
335 2151 497 2181 cesserint
512 2151 671 2184 actiones,
690 2150 729 2180 de
747 2150 888 2189 pecunia
909 2150 940 2179 in
958 2158 1023 2188 qua
1041 2151 1206 2179 mercato-

196 2204 289 2234 ribus
315 2205 400 2243 ipsis
426 2212 583 2235 eorumve
602 2203 753 2234 societati
779 2205 921 2239 tenetur,
949 2203 980 2233 in
1008 2204 1076 2233 toto
1098 2203 1150 2233 vel
1172 2203 1204 2233 in

145 2276 147 2278 -
195 2259 288 2297 parte
305 2257 557 2297 quomodolibet
575 2257 777 2296 respondere
790 2258 974 2296 presumat,
989 2257 1046 2287 sed
1060 2257 1203 2287 eundem

195 2312 391 2350 episcopum
415 2320 455 2342 ex
474 2313 567 2350 parte
587 2313 700 2341 nostra
723 2311 902 2350 diligenter
927 2312 1083 2341 moneant
1102 2312 1134 2341 et
1153 2311 1203 2341 in-

195 2365 317 2395 ducant
343 2366 378 2395 ut
397 2366 528 2395 tantum
550 2365 589 2395 de
616 2365 808 2404 hujusmodi
837 2365 991 2404 pecunia,
1016 2373 1091 2394 cum
1112 2364 1202 2395 solu-

194 2419 298 2449 tionis
317 2418 389 2458 ejus
412 2419 578 2449 terminus
601 2419 737 2457 elapsus
756 2427 830 2449 esse
850 2418 992 2454 dicatur,
1013 2417 1100 2447 iufra
1117 2417 1202 2447 duos

196 2481 330 2503 menses
350 2474 425 2511 post
448 2471 683 2503 inhibitionem
708 2471 900 2512 hujusmodi
922 2471 984 2507 vel,
1004 2471 1032 2501 si
1050 2471 1198 2501 nondum

196 2525 333 2564 elapsus
354 2526 404 2556 est
423 2525 600 2561 terminus,
618 2525 704 2556 infra
719 2526 858 2556 totidem
873 2533 1008 2556 menses
1023 2527 1201 2563 postquam

196 2579 362 2610 terminus
378 2578 465 2609 idem
481 2578 660 2614 effluxerit,
679 2579 728 2609 eis
745 2578 796 2608 vel
813 2577 879 2607 hiis
893 2577 1017 2616 quihus
1031 2577 1096 2616 ipsi
1116 2586 1205 2607 man·

197 2632 360 2667 daverint,
388 2632 609 2662 cardinalium
634 2633 665 2662 et
686 2631 904 2662 familiarium
922 2631 1057 2661 nomine
1074 2631 1202 2670 predic-

197 2687 320 2720 torum,
339 2685 470 2716 sublato
488 2685 667 2725 cujuslibet
684 2684 858 2716 obstaculo
870 2684 1094 2721 difficultatis,
1114 2685 1205 2715 exol-

199 2742 253 2769 vat
271 2738 358 2778 quod
379 2739 477 2770 dictis
494 2738 722 2770 cardinalibus
739 2740 770 2770 et
788 2737 1016 2769 familiaribus
1037 2737 1076 2768 de
1093 2737 1207 2777 hujus-

232 2846 254 2869 1.
272 2846 313 2870 Au
334 2845 384 2869 bas
400 2845 433 2870 de
449 2845 475 2869 la
495 2852 564 2875 page
580 2848 622 2870 est
640 2845 726 2870 ecrite
745 2848 816 2870 cette
834 2847 897 2870 note
915 2853 921 2870 :
939 2854 948 2867 ι
966 2846 993 2869 In
1009 2846 1127 2876 sequenti
1139 2853 1203 2877 quu-

202 2891 273 2914 lerno
287 2890 380 2921 incepit
393 2890 502 2914 scr-ibere
517 2892 628 2921 Syyerus
639 2891 736 2918 ΝοΙῐιιί,
752 2891 861 2916 clericus
877 2890 1071 2915 Cameracensis
1091 2890 1207 2917 diocesis,

200 2936 226 2960 el
239 2934 314 2960 habet
331 2934 382 2960 ΧΠ
396 2936 544 2967 quaternos.
561 2944 570 2957 »

948 237 1192 269 REGISTRES
1221 235 1435 267 D'URBAIN
1466 235 1523 266 IV.

1267 320 1357 350 modi
1374 320 1538 359 pecuniis,
1558 321 1656 358 juxta
1679 320 1904 359 predictorum
1922 321 2225 352 instrumentorum
2243 325 2277 353 et

1267 373 1456 403 litterarum
1479 375 1624 410 tenores,
1646 373 1795 412 plenarie
1817 374 1972 410 satisfiat,
1998 374 2125 404 dictum
2143 374 2278 406 'Winto-

1266 426 1418 457 niensem
1433 427 1628 465 episcopum
1639 427 1680 457 ad
1695 427 1738 462 id,
1753 427 1781 457 si
1796 435 1932 458 necesse
1947 427 2059 464 fuerit,
2075 429 2276 460 auctoritate

1266 481 1393 513 nostra,
1404 480 1630 518 appellatione
1645 480 1845 519 postposita,
1859 480 2104 519 compellendo,
2121 481 2275 512 invocato

1266 532 1382 562 adhoc
1397 535 1471 568 etc.,
1491 541 1597 571 usque
1616 533 1791 569 secularis,
1813 542 1878 563 non
1895 533 2048 564 obstante
2070 534 2099 564 si
2114 534 2142 564 ei
2161 543 2178 564 a
2195 534 2276 565 sede

1266 586 1451 624 apostolica
1474 586 1519 616 sit
1542 586 1711 616 indultum
1737 587 1827 625 quod
1850 587 2017 622 interdici,
2038 587 2201 626 suspendi
2224 587 2276 618 vel

1266 639 1552 669 excommunicari
1571 641 1602 670 et
1620 639 1710 678 quod
1730 642 1827 670 extra
1845 649 1941 670 suam
1959 640 2122 671 diocesim
2141 640 2193 671 vel
2211 641 2278 671 alia

1266 693 1356 722 certa
1372 692 1443 722 loca
1461 692 1493 722 in
1510 701 1646 723 causam
1662 693 1748 722 trahi
1766 702 1831 723 non
1847 693 1979 732 possint
1996 693 2062 732 (sic)
2076 693 2278 731 perlitteras

1266 745 1470 784 apostolicas
1497 745 1530 775 in
1556 745 1680 784 quibus
1698 746 1737 776 de
1762 746 1892 776 indulto
1915 746 2108 785 hujusmodi
2128 746 2228 785 plena
2245 748 2277 777 et

1266 806 1428 836 expressa
1445 799 1529 829 etde
1549 798 1650 828 verbo
1665 799 1704 829 ad
1722 799 1861 829 verbum
1878 800 2005 829 mentio
2019 808 2083 829 non
2100 799 2275 836 habeatur,

1266 853 1298 881 et
1324 852 1509 890 apostolica
1541 852 1751 891 indulgentia
1782 861 1847 891 qua
1875 853 2029 891 Anglicis
2051 853 2175 883 dicitur
2201 861 2277 884 esse

1266 913 1462 935 concessum
1489 905 1577 943 quod
1598 907 1692 935 extra
1722 914 1860 944 regnum
1889 906 2009 945 Anglie
2034 908 2201 945 nequeant
2219 915 2278 945 per

1266 957 1459 996 hujusmodi
1489 958 1621 989 litteras
1646 958 1865 997 adjudicium
1889 958 2034 995 evocari,
2061 961 2092 989 et
2118 960 2279 990 constitu-

1266 1011 1357 1041 tione
1374 1011 1414 1041 de
1433 1011 1564 1042 duabus
1581 1012 1682 1042 dietis
1700 1012 1790 1042 edita
1809 1012 1843 1042 in
1863 1013 2004 1043 concilio
2020 1013 2179 1052 generali.
2201 1013 2277 1043 Pre—

1266 1064 1392 1095 dictum
1413 1066 1524 1095 autem
1540 1065 1815 1095 XVintoniensem
1834 1065 2031 1105 episcopum
2049 1068 2081 1096 et
2099 1066 2278 1097 ecclesiam

1266 1126 1302 1148 ac
1320 1126 1534 1148 successores
1553 1119 1662 1157 ipsius
1683 1119 1724 1149 ab
1739 1118 1934 1157 hujusmodi
1951 1118 2077 1154 debito,
2099 1128 2158 1158 pro
2175 1128 2279 1158 quan—

1266 1171 1362 1201 titate
1388 1180 1488 1210 quam
1506 1171 1555 1201 eis
1573 1180 1633 1210 pro
1657 1171 1784 1202 eisdem
1804 1171 2034 1203 cardinalibus
2051 1174 2083 1203 et
2103 1172 2278 1203 familiari-

1265 1223 1328 1254 bus
1345 1224 1503 1254 duxerint
1517 1225 1789 1263 persolvendam,
1802 1226 1962 1264 perpetuo
1973 1225 2147 1256 absolvere
2164 1227 2278 1257 aucto-

1266 1278 1363 1307 ritate
1375 1279 1489 1308 nostra
1502 1280 1692 1316 procurent,
1705 1279 1751 1308 ita
1761 1279 1849 1317 quod
1859 1278 1900 1308 ad
1911 1278 2011 1308 aliam
2026 1279 2276 1310 restitutionem

1265 1331 1427 1369 predictis
1452 1331 1697 1362 mercatoribus
1718 1333 1774 1362 aut
1800 1340 1916 1362 eorum
1936 1331 2116 1362 heredibus
2134 1332 2185 1362 vel
2202 1341 2273 1363 suc—

1265 1383 1459 1414 cessoribus
1493 1392 1553 1414 seu
1589 1384 1667 1414 aliis
1696 1384 1821 1423 quibus
1845 1385 1901 1423 jus
1933 1393 2032 1415 suum
2062 1385 2216 1416 dederint
2244 1387 2275 1416 et

1266 1437 1494 1467 concesserint
1516 1437 1569 1467 vel
1587 1446 1682 1467 suam
1700 1438 1865 1468 actionem
1888 1438 2051 1469 cesserint
2075 1438 2274 1476 faciendam,

1266 1490 1360 1520 nullo
1384 1499 1533 1529 unquam
1553 1492 1704 1530 tempore
1722 1493 1900 1521 teneantur
1918 1500 1977 1521 nec
1993 1494 2130 1530 propter
2146 1491 2207 1522 hoc
2222 1500 2276 1522 va-

1266 1543 1356 1574 leant
1391 1543 1607 1583 aliquatenus
1636 1545 1827 1579 conveniri,
1862 1544 1921 1575 sed
1950 1545 2051 1575 iidem
2083 1545 2275 1584 episcopus,

1266 1606 1480 1628 successores
1500 1599 1531 1628 et
1553 1598 1695 1628 ecclesia
1716 1600 1911 1629 remaneant
1929 1599 2049 1629 exinde
2067 1599 2203 1637 penitus
2221 1598 2276 1629 ab·

1265 1650 1380 1684 soluti,
1411 1660 1475 1681 non
1500 1650 1715 1681 obstantibus
1733 1651 1941 1690 quibuslibet
1964 1652 2200 1682 instrumentis
2225 1652 2277 1682 vel

1264 1704 1390 1734 litteris
1403 1713 1504 1743 super
1517 1705 1644 1735 eisdem
1658 1705 1782 1735 debitis
1797 1704 1859 1735 sub
1872 1714 2084 1744 quacumque
2097 1705 2277 1736 verborum

1266 1757 1373 1788 forma
1391 1758 1563 1792 confectis,
1585 1759 1856 1796 seujuramentis
1872 1758 2096 1798 interpositis,
2116 1768 2134 1789 a
2151 1758 2277 1798 quibus

1266 1811 1476 1850 episcopum,
1501 1811 1678 1841 ecclesiam
1706 1814 1737 1842 et
1759 1820 1974 1843 successores
1997 1812 2134 1842 eosdem
2158 1812 2274 1842 eadem

1265 1865 1464 1894 auctoritate
1492 1865 1601 1903 quoad
1627 1866 1751 1895 dictam
1780 1866 2001 1904 quantitatem
2030 1865 2218 1901 absolvant,
2243 1867 2275 1897 et

1265 1918 1536 1956 quibuscumque
1575 1919 1683 1956 penis,
1713 1918 1989 1957 obligationibus,
2017 1919 2277 1949 renuntiationi-

1265 1970 1339 2007 bus,
1359 1971 1464 2009 pactis
1478 1973 1507 2000 et
1528 1971 1809 2001 conventionibus
1829 1972 2026 2010 interjectis.
2048 1973 2147 2002 etiam
2168 1972 2196 2001 si
2218 1971 2276 2002 hec

1265 2024 1376 2053 omnia
1390 2024 1455 2053 siut
1475 2025 1673 2054 auctoritate
1689 2025 1780 2054 sedis
1795 2025 1978 2063 apostolice
1990 2025 2198 2061 confirmata,
2212 2033 2277 2064 que

1265 2076 1406 2115 prefatis
1426 2077 1670 2106 mercatoribus
1688 2086 1872 2116 eorumque
1891 2077 2043 2107 societati
2062 2086 2127 2116 quo
2146 2078 2186 2107 ad
2203 2086 2278 2108 ean-

1264 2130 1339 2160 dem
1359 2129 1583 2168 quantitatem
1614 2129 1773 2159 nolumus
1800 2130 1832 2159 in
1855 2129 1970 2168 aliquo
1993 2131 2182 2169 suffragari.
2206 2131 2277 2162 Nos

1265 2182 1355 2212 enim
1374 2190 1488 2212 omnes
1507 2182 1689 2218 interdIcti,
1708 2183 1944 2221 suspensionis
1962 2185 1991 2213 et
2007 2184 2279 2214 excommunica-

1265 2235 1369 2266 tionis
1392 2236 1579 2265 sententias
1600 2235 1686 2265 latas
1713 2236 1765 2266 vel
1786 2236 1952 2272 ferendas,
1973 2237 2147 2267 occasione
2164 2236 2275 2276 hujus-

1264 2289 1355 2319 modi
1386 2288 1502 2325 debiti,
1535 2289 1567 2319 in
1587 2289 1735 2320 favorem
1769 2290 1963 2320 eorumdem
1991 2293 2214 2321 mercatoium
2245 2293 2275 2322 et

1265 2342 1434 2381 quaslibet
1454 2342 1659 2381 apostolicas
1682 2343 1814 2373 litteras
1840 2343 1880 2373 ad
1899 2352 2130 2383 quoscumque
2144 2344 2277 2383 judices

1265 2405 1365 2435 super
1382 2396 1575 2435 hujusmodi
1592 2395 1704 2426 debito
1724 2397 1922 2435 impetratas
1941 2396 1981 2426 ab
2001 2397 2128 2427 eisdem
2150 2406 2276 2428 merca-

1264 2449 1396 2480 toribus
1421 2449 1473 2480 vel
1502 2449 1602 2480 etiam
1631 2450 1873 2488 impetrandas,
1899 2459 2025 2480 necnon
2055 2452 2085 2481 et
2105 2450 2277 2490 quoslibet

1265 2512 1444 2542 processus
1475 2511 1532 2541 per
1559 2511 1616 2533 eas
1641 2503 1773 2534 habitos
1794 2505 1824 2534 et
1842 2512 1926 2542 quos
1946 2503 2060 2534 haberi
2085 2504 2276 2543 contigerit,

1265 2556 1337 2586 sine
1363 2558 1477 2586 nostro
1499 2556 1638 2595 speciali
1658 2557 1814 2587 mandato
1842 2556 1985 2587 faciente
2007 2557 2140 2595 plenam
2172 2559 2203 2588 et
2221 2566 2276 2588 ex-

1264 2618 1416 2648 pressam
1451 2609 1491 2639 de
1527 2609 1743 2648 presentibus
1780 2610 2001 2645 mentionem,
2025 2610 2065 2640 de
2100 2610 2278 2648 potestatis

1265 2663 1450 2701 apostolice
1478 2663 1688 2702 plenitudine
1707 2663 1868 2693 duximus
1894 2663 2111 2694 revocandas.
2132 2664 2277 2703 Ideoque

1265 2716 1482 2746 serenitatem
1518 2718 1623 2752 tuam,
1656 2725 1720 2755 que
1751 2716 1784 2746 in
1815 2716 2044 2755 antimplendis
2079 2717 2276 2755 apostolicis

1265 2768 1487 2808 beneplacitis
1505 2772 1619 2808 parata
1637 2769 1842 2808 suitsemper
1857 2771 1888 2799 et
1908 2771 2074 2808 prompta,
2094 2769 2276 2808 rogandam

1266 2822 1427 2852 duximus
1442 2820 1611 2853 'attentius
1634 2824 1665 2853 et
1685 2822 1883 2853 hortandam
1902 2822 2075 2861 quatinus,
2095 2823 2277 2862 diligenter

1267 2875 1441 2906 attendens
1459 2884 1558 2914 quam
1577 2875 1760 2906 enormiter
1774 2875 1854 2905 dicti
1870 2878 2073 2905 mercatores
2089 2884 2166 2915 erga
2185 2876 2276 2914 ipsos

1266 2928 1455 2959 cardinales
1472 2931 1503 2960 et
1519 2929 1706 2959 familiares
1725 2929 1899 2963 excedant,
1919 2937 1984 2959 uon
2001 2928 2210 2959 restituendo
2226 2929 2276 2960 eis
