2519 3262
1117 302 1369 334 APPENDICE
1391 304 1417 333 Ι.
2268 311 2301 339 21

226 396 342 425 sancto
359 395 545 433 proficiatis
567 397 741 435 proposito
764 397 972 436 profectibus
994 398 1116 428 vestris
1138 397 1242 428 liben-

225 449 276 478 ter
291 448 512 486 intendimus,
531 451 563 480 et
578 458 617 480 ne
635 450 721 480 inter
737 459 796 480 vos
812 451 970 480 vitiorum
984 450 1080 489 spine
1096 459 1242 480 succres—

225 503 301 531 cant
315 502 373 532 sed
391 502 479 532 idem
493 503 574 533 ordo
596 504 695 534 tlores
712 503 849 533 honoris
864 503 1096 534 ethonestatis
1113 503 1241 534 tructus

225 554 259 584 in
278 555 430 586 ubertate
445 557 607 595 producat
626 565 767 595 operose
785 557 1028 587 sollicitudinis
1046 557 1195 586 studium
1209 558 1241 586 et

225 608 412 638 studiosam
430 617 567 647 operam
587 610 752 648 promptis
770 609 945 640 affectibus
968 609 1179 639 adhibemus.
1200 610 1240 639 Et

224 661 311 697 ideo,
327 670 403 692 cum
420 662 452 692 in
463 663 643 702 priVilegio
661 662 756 693 vobis
768 671 827 701 per
841 663 1020 701 apostolica
1030 662 1083 701 [m]
1099 662 1237 702 sedepm]

223 723 395 751 concesso,
417 716 628 746 contineatur
647 725 807 754 expresse
828 716 1020 754 quodlocus
1038 715 1164 754 aliquis
1188 724 1237 745 or-

223 768 359 798 diiietur
384 769 499 808 inquo
527 778 585 807 per
605 769 757 808 singulos
785 778 901 805 annos,
927 769 960 798 in
987 769 1238 806 sollempnitate

223 821 383 851 Omnium
396 822 606 857 Sanctorum,
621 822 775 861 generale
787 822 971 861 capitulum
986 824 1138 852 teneatur
1150 824 1182 852 et
1194 823 1238 852 sit

222 873 270 903 ibi
292 875 492 905 clericorum
511 877 695 906 conventus
721 876 753 905 et
773 875 864 913 prior
883 874 940 914 qui
961 884 1076 905 eorum
1106 877 1137 905 et
1157 876 1238 905 alio-

223 936 297 957 rum
323 927 523 958 clericorum
541 928 597 967 qui
623 928 663 958 de
690 928 806 958 ordine
830 930 943 957 vestro
963 928 1100 964 fuerint,
1123 937 1235 958 curam

222 980 331 1018 possit
355 981 478 1012 habere
505 990 541 1011 ac
570 981 723 1016 fratrum,
751 989 826 1010 cum
852 989 988 1011 necesse
1016 981 1129 1017 fuerit,
1162 990 1236 1020 pro-

221 1033 333 1064 videat
347 1034 538 1071 animabus,
552 1034 762 1072 presentium
779 1034 979 1064 auctoritate
998 1035 1182 1064 statuimus
1201 1037 1236 1065 ut

218 1086 315 1125 juxta
332 1087 538 1126 premissum
561 1087 731 1126 privilegii
757 1088 908 1117 tenorem
929 1088 1085 1126 generale
1108 1088 1235 1126 capitu-

221 1139 292 1169 lum
312 1140 409 1170 annis
426 1140 571 1179 singulis
592 1140 780 1170 celebretur
806 1140 839 1170 in
858 1140 931 1170 1000
956 1141 997 1170 ad
1015 1141 1075 1171 hoc
1091 1150 1150 1180 per
1168 1150 1233 1171 ma-

221 1192 365 1231 gistrum
382 1193 490 1232 ipsius
508 1193 648 1230 ordinis,
661 1194 700 1223 de
720 1193 862 1224 consilio
875 1194 907 1224 et
923 1202 1092 1225 consensu
1109 1195 1234 1224 tresde-

220 1245 285 1275 cim
300 1246 443 1276 fratrum
452 1247 605 1285 eJusdem
618 1246 747 1277 ordinis
763 1247 815 1277 vel
832 1246 972 1286 majoris
984 1248 1089 1286 partis
1104 1256 1234 1285 eorum,

219 1298 277 1337 qui
295 1299 480 1329 secundum
491 1299 601 1338 ipsius
614 1300 786 1339 privilegii
797 1302 973 1335 statutum,
988 1301 1098 1331 eidem
1114 1301 1235 1340 magis-

218 1353 283 1387 tro,
302 1360 377 1382 cum
403 1361 488 1390 opus
514 1354 576 1388 est,
598 1353 632 1383 in
655 1353 798 1383 consilio
826 1354 858 1384 et
883 1353 1094 1393 depositione
1113 1354 1234 1384 domus

219 1405 380 1435 assistere
397 1414 434 1435 ac
454 1414 570 1436 curam
587 1408 813 1445 competenter
833 1406 955 1437 habere
981 1406 1103 1437 debent
1120 1407 1232 1446 ipsum

218 1457 366 1496 eligendi
396 1459 609 1497 magistrum,
638 1459 672 1488 in
691 1459 843 1498 quolibet
874 1459 1022 1498 capitulo
1052 1462 1233 1499 postquam

218 1511 329 1550 primo
359 1512 552 1542 convenerit
583 1521 643 1551 pro
672 1521 758 1542 anno
789 1513 943 1552 sequenti
964 1513 1004 1543 de
1033 1515 1143 1543 cetero
1176 1514 1232 1544 de—

218 1565 378 1603 putando.
397 1564 492 1600 Quod
515 1565 543 1595 si
564 1566 678 1596 forsan
702 1566 812 1596 dictus
829 1566 991 1605 magister
1009 1568 1040 1597 et
1061 1567 1181 1597 fratres
1198 1567 1231 1597 in

218 1618 434 1656 expeditione
466 1618 580 1657 aliqua
611 1627 671 1657 pro
696 1619 839 1649 tuitione
866 1619 943 1649 fidei
969 1619 1144 1650 constituti
1172 1629 1231 1650 seu

218 1671 285 1701 alia
306 1670 502 1701 rationabili
520 1672 574 1702 vel
592 1671 740 1702 evidenti
758 1681 861 1702 causa
885 1672 1027 1702 forsitan
1050 1673 1230 1712 prepediti,

217 1733 284 1754 non
307 1725 440 1763 possint
463 1725 637 1755 commode
663 1725 697 1755 111
722 1725 794 1756 1000
815 1725 1008 1764 hujusmodi
1040 1727 1230 1761 convenire,

217 1777 312 1807 locus
331 1777 419 1808 alius
438 1778 478 1808 ad
502 1777 535 1808 id
551 1787 610 1817 per
622 1778 749 1809 dictum
768 1779 969 1818 magistrum
991 1788 1066 1809 011111
1088 1780 1230 1810 consilio

216 1832 249 1861 et
267 1839 434 1861 consensu
454 1831 561 1862 simili
577 1832 769 1870 deputetur.
784 1832 889 1862 Porro
906 1841 981 1862 cum
995 1833 1156 1871 magister
1172 1833 1230 1872 qui

215 1884 318 1915 suerit
328 1893 389 1923 pro
402 1885 565 1923 tempore,
580 1885 613 1915 in
628 1885 729 1915 certis
739 1885 885 1921 casibus,
899 1887 1013 1924 utpote
1027 1886 1055 1915 si
1066 1886 1229 1924 pernicio-

215 1946 274 1967 sus
299 1937 352 1968 vel
379 1937 513 1968 inutilis
535 1938 742 1978 apparuerit,
761 1938 893 1968 dicatur
923 1947 1023 1977 posse
1046 1939 1169 1978 corrigi
1193 1948 1230 1969 ac

215 1991 316 2021 etiam
331 1991 492 2028 amoveri,
510 2000 571 2022 nos
593 1992 793 2031 magistrum
819 1992 976 2022 inutilem
995 1994 1074 2022 tunc
1096 1992 1166 2022 fore
1183 1993 1230 2023 di-

214 2043 323 2074 cimus
340 2054 429 2081 cum,
447 2046 584 2084 propter
596 2045 720 2075 mentis
740 2045 980 2075 alienationem
993 2045 1046 2075 vel
1064 2054 1227 2076 sensuum

214 2097 468 2136 impedimenta,
492 2097 762 2129 irrevocabiliter
783 2107 849 2129 non
866 2099 967 2135 valet,
989 2100 1024 2129 ut
1046 2108 1228 2130 consueve-

213 2152 275 2187 rat,
293 2151 476 2182 utilitatem
496 2151 626 2182 ordinis
643 2160 837 2190 provocare,
855 2161 892 2182 ac
909 2152 1007 2182 illum
1026 2152 1227 2191 magistrum

213 2212 288 2234 esse
307 2205 532 2243 pernitiosum
550 2205 736 2235 asserimus
756 2205 813 2244 qui
830 2206 940 2235 castra
954 2205 1006 2235 vel
1022 2205 1228 2236 hereditates

213 2258 247 2287 in
263 2257 479 2297 dispendium
496 2258 625 2288 ordinis
642 2258 767 2288 alienat
783 2259 815 2288 et
833 2258 910 2297 plus
928 2258 1094 2297 dilapidat
1117 2259 1228 2290 ordini

213 2319 314 2349 quam
339 2311 494 2350 acquirit,
519 2313 617 2350 prout
640 2311 674 2341 in
699 2311 925 2342 declaratione
945 2312 1055 2342 felicis
1076 2313 1214 2343 recorda

212 2364 316 2394 tionis
328 2365 516 2395 Innocentii
530 2373 627 2404 pape,
641 2364 894 2404 predecessoris
909 2365 1027 2399 nostri,
1046 2373 1150 2404 super
1166 2365 1227 2396 1100

213 2417 303 2447 edita
329 2417 452 2448 dicitur
474 2418 639 2449 contineri
658 2420 691 2449 et
718 2418 820 2448 etiam
847 2418 876 2448 si
904 2418 990 2448 alias
1011 2418 1146 2449 inutilis
1171 2421 1227 2450 aut

212 2470 419 2509 pernitiosus
437 2471 573 2502 existat.
597 2471 650 2502 Ad
665 2471 735 2508 hec,
752 2480 828 2502 cum
854 2471 888 2501 in
907 2471 1025 2502 eodem
1045 2472 1226 2511 prIVilegio

213 2523 258 2554 sit
274 2525 438 2554 statutum
454 2526 502 2561 ut,
522 2524 551 2554 si
571 2525 696 2564 aliquis
722 2534 763 2555 ex
783 2525 883 2556 dictis
900 2525 1080 2555 tresdecim
1106 2535 1148 2556 ex
1167 2525 1227 2556 hac

212 2577 282 2607 vita
297 2577 471 2607 transierit
489 2577 541 2607 vel
559 2586 618 2616 pro
636 2578 735 2616 culpa
750 2586 810 2608 seu
826 2586 1038 2617 quacumque
1054 2578 1157 2609 fuerit
1173 2588 1226 2609 oc-

212 2631 347 2661 casione
364 2630 558 2666 mutandus,
575 2630 736 2670 magister
759 2639 835 2661 cum
853 2631 995 2662 consilio
1015 2631 1224 2671 reliquorum

213 2685 270 2714 aut
289 2684 426 2722 majoris
439 2683 546 2722 partis
560 2683 665 2714 alium
682 2683 866 2714 substituat
884 2683 955 2714 loco
975 2684 1060 2723 ejus,
1078 2693 1140 2715 nos
1155 2685 1225 2715 adi-

212 2737 330 2768 ciendo
345 2736 505 2767 duximus
523 2737 739 2767 statuendum
756 2738 793 2767 ut
810 2737 851 2767 ad
869 2737 1148 2769 substitutionem
1166 2738 1221 2768 liu·

209 2790 360 2830 jusmodi
392 2790 579 2820 faciendam
616 2791 822 2821 memoratus
861 2790 1022 2830 magister
1065 2792 1224 2830 procedat

212 2844 372 2882 deinceps
389 2852 465 2874 cum
483 2843 678 2873 eorumdem
697 2843 906 2882 reliquorum
921 2845 977 2874 aut
992 2844 1132 2883 majoris
1150 2853 1223 2883 par-

211 2898 257 2928 tis
274 2897 416 2928 consilio
433 2898 465 2927 et
483 2905 639 2927 assensu.
657 2896 753 2927 Nulli
772 2905 850 2936 ergo
871 2915 920 2926 —.
941 2907 956 2926 »

1388 399 1486 430 2840

1333 491 1501 525 Magistrum
1523 491 1632 517 ordinis
1648 491 1763 518 Militiae
1785 501 1807 519 s.
1825 493 1920 519 Jacobi
1939 493 2070 520 hortatur
2086 503 2119 521 nc
2141 494 2246 521 invisos
2260 496 2309 523 lia-

1298 540 1362 566 beat
1382 539 1485 566 fratres
1501 540 1628 575 ejusdcm
1650 541 1757 567 ordinis
1775 542 1821 574 qui
1838 543 1975 569 adversus
1991 551 2055 569 011111
2075 544 2249 577 apostolicae
2267 554 2307 571 se-

1297 588 1340 615 dis
1356 589 1492 615 auxilium
1508 589 1708 623 implorarunt.
1724 591 1890 621 <commum
1904 592 1965 621 701,
1982 593 2092 625 u03t9;
2110 593 2227 620 VALLIC.
2245 603 2258 621 c
2274 595 2306 621 >tta

1297 642 1329 664 11⁰
1344 638 1406 668 5343,
1428 638 1621 664 111111111ιο.
1638 638 1708 665 (3735
1729 644 1759 664 11⁰
1773 641 1821 671 353
1840 640 1917 666 131111..
1938 641 2010 667 Nn.
2032 642 2095 668 2311
2117 648 2146 668 11ιι
2162 643 2208 676 '153
2228 644 2305 669 8131„

1297 687 1395 714 VmC.
1411 687 1479 713 3977
1496 691 1527 713 11⁰
1542 687 1611 720 4413
1631 688 1707 713 inm„
1725 688 1796 714 Nar.
1816 688 1909 719 11173,
1932 693 1962 714 n⁰
1977 690 2053 723 319.)

1336 793 1350 813 (1
1370 783 1518 823 Mayislro
1544 784 1661 814 ordinis
1682 785 1792 815 itlililie
1810 797 1832 816 s.
1859 786 1976 816 Jacobi.
1997 788 2099 818 Sedes
2123 789 2307 828 apostolica

1295 838 1435 876 experta
1463 838 1655 876 frequenter
1684 840 1739 869 tue
1774 839 1902 869 sincere
1937 840 2126 871 devotionis
2151 842 2306 872 affectum

1295 898 1360 920 non
1376 890 1512 929 indigne
1536 891 1672 921 confidit
1690 892 1778 930 quod
1802 893 1835 922 in
1858 892 1924 922 hiis
1941 902 2005 931 que
2025 894 2200 933 religionis
2215 895 2306 925 debi-

1294 945 1365 973 tum
1387 944 1493 983 exigit
1514 946 1545 974 et
1571 945 1745 983 exigencia
1766 945 1877 975 debite
1899 946 1984 976 inter
2001 947 2180 985 religiosos
2203 949 2308 986 preci-

1294 1005 1358 1034 pue
1376 997 1527 1027 caritatis
1545 998 1708 1036 exposcit,
1727 999 1844 1028 devote
1859 999 1967 1037 ipsius
1986 1008 2101 1037 preces
2119 1001 2305 1039 adimpleas

1293 1052 1325 1080 et
1347 1051 1380 1081 111
1408 1051 1512 1080 animi
1538 1051 1805 1090 promptitudine
1825 1052 1919 1082 illius
1937 1053 2228 1084 exhortationibus
2256 1064 2304 1084 ac-

1294 1104 1461 1142 quiescas.
1480 1104 1693 1135 Confidenter
1710 1105 1821 1144 itaque
1840 1114 1899 1143 pro
1919 1105 2080 1136 fratribus
2105 1107 2154 1137 tui
2176 1108 2305 1138 ordinis

1293 1157 1481 1187 sinceritati
1497 1159 1552 1188 tue
1570 1157 1750 1197 dirigimus
1770 1160 1907 1196 paterne
1927 1160 2202 1190 commonitionis
2225 1162 2301 1191 atl‘a·

1292 1211 1359 1246 tus,
1392 1211 1604 1241 attendentes
1631 1212 1731 1250 quod,
1748 1219 1823 1241 cum
1850 1211 2045 1242 benivolum
2070 1215 2101 1243 et
2127 1215 2304 1251 paternum

1293 1263 1444 1293 animum
1469 1272 1584 1300 gerere
1602 1265 1751 1294 tenearis
1772 1265 1812 1294 ad
1831 1265 1935 1303 ipsos,
1962 1265 2042 1295 dum
2059 1266 2120 1301 eis.
2142 1266 2219 1297 illos
2242 1267 2304 1297 tibi

1292 1317 1569 1353 commendando,
1586 1318 1735 1348 favorem
1747 1318 1986 1357 impendimus,
2004 1319 2091 1357 patri
2108 1319 2198 1350 filios
2214 1329 2304 1350 com-

1292 1370 1504 1400 mendamus.
1532 1371 1674 1409 Propter
1699 1371 1799 1410 quod,
1825 1380 1900 1401 cum
1917 1372 2054 1410 quidam
2068 1381 2109 1403 ex
2124 1373 2224 1403 dictis
2242 1374 2305 1404 fra-

1291 1423 1401 1454 tribus
1418 1432 1477 1462 per
1493 1432 1540 1460 se,
1558 1424 1713 1454 nonnulli
1728 1433 1806 1455 vero
1824 1433 1882 1463 per
1900 1425 1985 1455 alios
1997 1425 2085 1463 apud
2102 1425 2216 1455 sedem
2229 1433 2304 1455 ean-

1291 1477 1416 1507 demea
1433 1486 1497 1516 que
1514 1479 1666 1516 spectare
1685 1477 1848 1516 putabant
1865 1478 1906 1508 ad
1924 1478 2107 1509 utilitatem
2125 1479 2303 1509 memorati

1291 1530 1421 1560 ordinis
1435 1531 1681 1570 prosequendo,
1699 1531 1807 1561 setibi
1825 1531 1983 1562 duxerint
2000 1532 2228 1570 opponendos
2249 1532 2303 1562 de-

1291 1584 1460 1614 votionem
1488 1586 1577 1614 tuam
1602 1593 1772 1622 rogamus,
1799 1593 1977 1615 monemus
2002 1586 2033 1615 et
2060 1585 2234 1615 hortamur
2253 1587 2302 1615 at-

1291 1637 1379 1666 tente
1406 1637 1621 1676 precipiendo
1645 1638 1843 1668 mandantes
1867 1640 2033 1677 quatenus
2056 1638 2194 1677 provide
2222 1647 2302 1677 pen-

1289 1698 1370 1720 sans
1389 1691 1478 1729 quod
1504 1691 1568 1720 hiis
1588 1700 1652 1730 que
1670 1691 1756 1722 inter
1777 1694 1807 1722 te
1829 1700 1865 1721 ac
1894 1692 1986 1730 ipsos
2005 1691 2038 1721 111
2066 1691 2299 1722 contradictio-

1290 1752 1366 1773 nem
1389 1743 1604 1780 devenerant,
1628 1746 1742 1775 nostra
1760 1753 1861 1783 quam
1885 1745 1924 1775 de
1948 1744 2088 1775 fratrum
2108 1746 2300 1775 nostrorum

1289 1797 1431 1827 consilio
1456 1806 1561 1836 nuper
1579 1798 1748 1828 edidimus
1776 1798 1986 1828 ordinatione
2011 1798 2143 1837 sopitis,
2163 1807 2228 1828 non
2246 1797 2300 1828 de-

1289 1853 1339 1882 cet
1357 1860 1399 1881 ex
1417 1851 1488 1881 litis
1504 1851 1611 1890 prime
1630 1851 1772 1881 materia
1786 1851 1863 1881 lites
1882 1851 2067 1890 insurgere,
2085 1851 2126 1881 ob
2146 1859 2300 1881 reveren-

1289 1905 1370 1935 tiam
1400 1905 1552 1944 ejusdem
1584 1905 1675 1935 sedis
1707 1906 1739 1934 et
1772 1906 1936 1939 nostram,
1959 1904 1992 1934 in
2026 1904 2161 1943 signum
2192 1904 2299 1934 solide

1287 1958 1439 1989 caritatis
1449 1958 1608 1988 admittas
1625 1960 1656 1988 et
1670 1959 1809 1996 paterna
1825 1957 1903 1987 illos
1919 1957 2056 1988 caritate
2074 1959 2298 1996 pertractans,

1287 2013 1337 2042 eis
1360 2013 1497 2051 propter
1523 2011 1673 2051 predicta
1696 2020 1755 2041 nec
1782 2010 1971 2041 obedientie
1997 2012 2110 2041 notam
2130 2010 2299 2049 impingas

1288 2074 1346 2095 nec
1365 2074 1497 2104 penam,
1509 2065 1694 2095 secundum
1712 2066 1838 2095 statuta
1858 2064 2010 2103 ejusdem
2028 2064 2157 2094 ordinis
2175 2064 2299 2094 editam

1287 2121 1402 2149 contra
1415 2119 1659 2155 inobedientes,
1681 2118 1848 2157 imponas,
1866 2118 1925 2148 sed
1943 2118 2036 2156 ipsos
2053 2117 2103 2147 sic
2118 2117 2243 2147 habeas
2263 2118 2299 2147 in

1286 2173 1431 2203 Domino
1450 2172 1701 2202 commendatos
1718 2172 1807 2210 quod
1824 2171 1955 2201 nullum
1978 2171 2172 2210 concepisse
2189 2171 2301 2201 videa-

1286 2227 1334 2257 ris
1351 2227 1391 2257 de
1416 2227 1555 2265 paterna
1580 2225 1772 2256 turbatione
1795 2233 1981 2258 rancorem,
2003 2233 2130 2263 nosque
2156 2224 2297 2263 proinde

1286 2283 1340 2311 tue
1357 2280 1547 2310 devotionis
1565 2278 1867 2318 promptitudinem
1884 2277 1995 2317 dignis
2012 2278 2046 2307 in
2058 2277 2203 2308 Domino
2227 2277 2296 2308 lau-

1286 2334 1385 2364 dibus
1401 2333 1689 2364 commendemus.
1711 2342 1727 2362 »

1375 2502 1468 2533 2841

1318 2594 1498 2628 Rescriptum
1516 2594 1549 2619 de
1564 2593 1613 2619 lite
1626 2592 1701 2619 inter
1713 2592 1872 2626 capitulum
1888 2591 2037 2618 nemausis
2050 2590 2189 2618 ecclesiae
2203 2592 2231 2617 et
2246 2590 2293 2617 Ot-

1283 2644 1431 2673 tobonum,
1450 2651 1472 2668 s.
1490 2641 1606 2668 Adriani
1620 2641 1773 2667 diaconum
1790 2640 1978 2674 cardinalem,
1994 2639 2228 2666 archidiaconum
2242 2639 2292 2665 Re-

1283 2699 1427 2723 mensem,
1451 2692 1579 2717 vertente
1605 2697 1690 2724 super
1707 2689 1771 2724 jure
1797 2689 1897 2724 synodi
1918 2689 2129 2719 convocandae,
2150 2688 2217 2715 sede
2242 2687 2293 2714 Re-

1282 2739 1374 2767 mcnsi
1400 2741 1531 2772 vacante,
1551 2739 1578 2765 in
1606 2738 1733 2765 favorem
1760 2737 1952 2765 archidiaconi
1985 2737 2105 2765 editum.
2122 2737 2291 2772 (Bonnaaux

1281 2790 1342 2819 761,
1361 2794 1390 2815 11ο
1406 2788 1606 2821 3203vA11L1c.
1625 2796 1638 2814 0
1658 2787 1691 2814 49
1708 2793 1736 2813 n⁰
1757 2787 2007 2819 347313mr.NAr.
2029 2786 2097 2813 4311
2118 2791 2148 2813 11θ
2159 2786 2207 2817 51;
2225 2786 2293 2812 Por-

1280 2846 1368 2865 ·ruasr
1382 2837 1495 2870 18442.)

1320 2946 1334 2965 «
1353 2935 1521 2966 Judicibus.
1542 2935 1690 2974 Capituli
1707 2935 1887 2966 Remensis
1904 2943 1990 2966 nova
2006 2952 2056 2964 —.
2075 2945 2090 2963 n
