2659 3242
164 199 225 231 130

187 441 260 471 126³
347 441 473 469 otviero.

165 499 238 519 nov.
259 489 309 518 26.
400 505 423 509 a

199 940 210 954 ‚,
279 939 289 953 ‚,
383 942 422 946 -

201 1525 212 1539 ,
281 1525 292 1539 „
404 1530 418 1532 s

200 1768 211 1781 ‚,
279 1767 290 1781 ,
383 1773 407 1776 ,

203 2157 213 2171 „
387 2162 418 2165 -

198 2501 210 2514 „
407 2506 423 2509 ,

202 2652 211 2664 ¹>
254 2640 260 2652 ³
268 2642 294 2667 7,
405 2656 426 2659 -

954 190 1126 222 TABLES
1151 190 1213 221 DU
1239 188 1459 221 REGISTRE
1485 188 1696 219 D’URBAIN
1723 189 1767 219 lv

1091 286 1174 310 Pages.
1193 284 1309 304 Nunicrw»

526 342 668 376 injuncta
696 344 739 370 vis
769 343 897 376 propiet·
923 343 980 370 hcc
1017 344 1120 376 pogn‘-

529 393 638 419 tentia.

526 438 542 471 33
568 440 729 467 Prabislao
741 441 934 473 presbytero,
944 439 1109 467 scolastico
1129 438 1133 476 Ι
1150 439 1209 466 370
1229 436 1233 476 Ι
1248 437 1326 464 ‘2233

527 489 675 515 ecclesiae
696 488 905 520 Lausicensis,
929 488 1124 515 Gneznensis

527 537 668 569 diocesis,
693 544 762 563 curn
786 544 849 571 quo
873 544 966 570 super
996 537 1123 564 defectu

527 586 683 613 natalium
698 593 789 620 papa,
808 586 882 612 dum
899 585 930 612 in
945 586 1122 612 Gneznensi

528 635 688 669 provincia
705 634 810 660 officio
826 634 992 668 legationis
1017 634 1123 667 funge-

528 684 631 715 batur,
655 683 845 710 auctoritate
873 683 1052 710 litterarum
1076 683 1123 709 ln-

527 732 665 759 noccntii
687 739 788 766 papae
812 731 887 763 llll,
924 732 1123 766 dispensave-

527 782 586 813 rat,
604 781 745 814 indulget
763 781 807 813 ut,
824 788 886 806 non
902 781 1050 807 obstante
1076 787 1123 806 eo-

529 831 599 856 dem
612 829 740 856 delectu
752 829 914 861 natalium,
931 829 1126 856 scolastriam

527 878 746 905 Lausicenscm
766 878 900 904 retinere
919 877 1035 904 valeat.
1127 884 1191 903 tome
1209 881 1237 902 ιιι

566 927 685 953 Abbati
719 934 742 953 s.
779 926 869 953 Pauli
891 926 1105 958 Virdunensis,
1126 921 1131 960 Ι
1151 923 1210 952 372
1231 922 1234 961 Ι
1252 924 1330 952 ’2246

528 975 851 1002 praemonstratensis
876 975 1004 1007 ordinis,
1037 982 1123 1002 man·
1232 965 1237 968 ²

528 1025 582 1050 dat
602 1025 646 1051 ut.
667 1031 683 1049 a
703 1023 838 1055 Nicolao,
860 1023 945 1049 dicto
974 1023 1008 1048 de
1023 1023 1125 1055 Duno,
1322 1038 1337 1045 s

526 1071 1130 1105 canonicatusetpraebendaeecclesiae

527 1121 733 1148 Virdunensis
750 1120 963 1153 resignatione
986 1121 1123 1155 recepta,

527 1171 651 1197 easdem
672 1168 893 1195 canonicatum
913 1170 945 1195 et
974 1169 1123 1202 praeben-

527 1221 607 1251 dam,
625 1219 759 1245 obtentu
773 1217 953 1251 primicerii,
969 1217 1079 1244 decani
1093 1218 1126 1244 et

524 1267 659 1302 capituli
700 1266 841 1299 ejusdem
862 1265 1021 1297 ecclesiae,
1045 1266 1132 1293 Guil-

527 1317 629 1347 lelm0‚
644 1315 758 1342 rectori
772 1315 922 1341 ecclesiae
934 1322 958 1341 s.
970 1315 1124 1345 Andreae,

526 1364 732 1391 Virdunensis
763 1363 904 1396 diocesis,
939 1364 1014 1390 nato
1055 1364 1123 1395 Th„

526 1413 652 1441 comitis
680 1414 717 1439 de
746 1412 937 1444 Richeicort,
974 1412 1122 1446 assignet,

529 1462 657 1489 ecclesia
671 1469 694 1488 s.
709 1462 851 1488 Andreae
864 1461 949 1494 prius
962 1461 1100 1488 dimissa.
1130 1468 1193 1488 tome
1211 1467 1239 1487 ιιι

569 1511 724 1545 Episcopo
747 1510 935 1543 Lingonensi
969 1509 1111 1544 indulget
1131 1509 1135 1548 Ι
1152 1510 1212 1537 378
1231 1516 1235 1549 Ι
1252 1510 1330 1537 2253

531 1562 566 1587 ut
584 1559 712 1593 Symoni
731 1559 768 1585 de
785 1558 929 1589 Buxeria‚
958 1558 1058 1592 ipsius
1074 1566 1126 1586 ne—

529 1609 606 1643 poti,
625 1609 662 1634 de
679 1607 785 1642 aliquo
810 1608 982 1641 personatu
1006 1607 1058 1634 vel
1081 1608 1127 1634 di-

528 1657 651 1692 gnitate
678 1656 885 1689 Lingonensis
905 1655 1055 1683 ecclesiae
1074 1663 1126 1683 va-

528 1707 593 1733 leat
612 1705 787 1740 providere.
1133 1713 1196 1732 tome
1214 1712 1243 1732 ιιι

564 1754 695 1781 cantori
707 1753 913 1780 Ulixbonensi
930 1753 1061 1780 mandat
1078 1755 1114 1780 ut
1134 1774 1137 1791 Ι
1155 1754 1212 1782 403
1236 1754 1240 1794 Ι
1255 1754 1335 1783 2398

528 1803 668 1831 „Iohanni
681 1804 793 1836 Egeae.
810 1803 996 1836 presbytero
1010 1803 1127 1836 portio-

529 1853 617 1880 nario
638 1851 786 1878 ecclesiae
807 1859 831 1878 s.
854 1851 970 1878 Mariae
1003 1851 1041 1878 de
1062 1851 1128 1878 Sin—

529 1902 600 1934 tria,
619 1900 785 1928 ecclesiam
802 1907 826 1926 s.
843 1899 1001 1927 Johannis
1018 1900 1056 1927 de
1073 1900 1127 1926 Ri-

528 1949 692 1983 vomajori,
723 1948 947 1975 Ulixbonensis
985 1948 1127 1981 diocesis,

532 2006 595 2026 non
613 1998 766 2024 obstante
783 1997 934 2023 laicorum
952 1996 1003 2030 jus
1020 1998 1127 2030 patro-

531 2048 627 2074 natus
649 2046 835 2073 habentium
865 2045 1126 2079 contradictione,

531 2096 672 2123 conferre
691 2095 848 2129 procuret.
1132 2104 1195 2122 tome
1213 2102 1242 2123 ιιι

570 2144 722 2179 Magistro
748 2142 895 2170 ¹Iohanni.
927 2143 1114 2170 archidiaco-
1135 2143 1214 2183 [5385
1235 2145 1333 2182 {2327

530 2201 570 2220 no
588 2192 788 2223 tricastrino,
810 2190 972 2224 capellano
1003 2193 1127 2226 aposto-

528 2242 597 2274 lico,
615 2242 750 2267 obtentu
764 2241 816 2271 M.,
835 2247 859 2266 s.
874 2239 992 2266 Mariae
1006 2240 1038 2266 in
1052 2240 1125 2267 Por—

529 2291 595 2317 ticu
617 2289 741 2316 diaconi
762 2287 943 2319 cardinalis,
966 2287 1057 2322 cujus
1078 2296 1125 2316 so-

527 2340 593 2366 cius
609 2340 642 2365 ct
657 2336 877 2364 commensalis
893 2336 1015 2368 existit,
1032 2343 1124 2365 cano-

527 2388 667 2415 nicatum
688 2386 837 2413 ecclesiae
857 2384 1034 2412 Aniciensis
1053 2393 1125 2413 cum

528 2436 709 2470 praebenda
730 2435 864 2462 confert.

1128 398 1191 417 tome
1209 396 1238 416 ΙΙι

1128 2444 1190 2464 tome
1209 2444 1238 2465 ιιι

567 2490 808 2516 Aurasicensem
836 2491 869 2517 et
898 2490 1107 2525 Carpentora-
1129 2488 1209 2528 1385
1230 2488 1331 2527 {2328

530 2539 650 2565 tensem
668 2538 833 2572 episcopos
850 2539 1032 2573 praedictae
1047 2539 1109 2567 col-

527 2587 656 2614 lationis
674 2587 846 2614 constituit
865 2590 1061 2615 executores.

570 2640 716 2673 Guidoni,
746 2640 895 2675 episcopo
934 2641 1108 2673 Sabinensi,
1131 2639 1236 2680 Ι3ΟΟΙ
1273 2641 1332 2668 596

528 2689 660 2716 mandat
674 2689 843 2723 quatenus,
862 2689 888 2716 si
916 2689 1123 2717 rebellionem

528 2737 833 2771 archiepiscoporum
847 2739 879 2765 et
892 2737 1023 2765 aliorum
1037 2745 1126 2772 prae-

526 2785 663 2813 latorum
691 2786 892 2813 ecclesiarum
910 2794 945 2814 ac
962 2786 1123 2820 comitum,

525 2835 679 2861 baronum
710 2836 742 2861 et
773 2835 906 2862 aliorum
946 2835 1033 2870 regni
1062 2835 1123 2862 An-

1412 1508 1485 1536 1263
1532 1510 1658 1538 Orvieeo.

1485 1558 1534 1586 2²7.

1391 1566 1462 1585 ΠΟΥ.

2315 284 2401 310 Ριςεε.
2418 283 2544 305 Numeros.

1749 340 1830 374 gliac
1846 340 2005 374 requirere
2016 340 2141 371 viderit,
2155 342 2264 368 contra
2281 341 2350 368 illos

1748 388 1803 423 qui
1825 388 1884 422 ipsi
1906 388 1956 413 vel
1978 388 2041 421 regi
2062 388 2194 421 Angliae
2215 390 2350 417 rebelles

1748 437 1877 467 ruerint,
1905 444 1959 470 per
1984 437 2088 470 ipsum
2113 438 2165 463 vel
2190 444 2245 471 per
2271 438 2350 465 alios

1748 485 1905 519 regulares
1930 486 1962 512 et
1988 485 2151 515 seculares,
2190 487 2350 520 praedicet

1750 535 1880 560 verbum
1896 533 2005 560 Crucis
2022 535 2054 560 et
2071 540 2140 560 eam
2168 534 2351 563 volentibus

1749 583 1887 616 recipere
1915 582 2074 616 largiatur,
2106 592 2117 605 «ι
2143 582 2209 610 illis
2235 584 2291 618 qui
2318 585 2349 611 in

1750 631 1885 665 propriis
1907 631 2066 658 laboribus
2088 633 2120 658 et
2143 632 2287 666 expensis
2319 633 2350 660 in

1750 680 1924 707 subsidium
1958 680 2035 706 dicti
2056 680 2135 713 regis
2157 681 2189 707 et
2210 681 2241 707 in
2262 680 2349 708 ravo-

1749 735 1814 755 rem
1842 728 1976 762 predicti
2001 729 2129 762 negotii,
2157 730 2190 756 et
2216 729 2261 756 eis
2296 731 2351 764 qui

1750 777 1782 803 in
1799 777 1934 811 propriis
1955 777 2104 810 personis,
2123 778 2178 804 sed
2195 778 2225 804 in
2242 778 2352 806 alienis

1751 826 1907 859 expensis,
1933 833 1966 851 ac
1990 825 2053 852 illis
2073 826 2129 860 qui
2151 826 2182 852 in
2203 827 2352 861 expensis

1751 874 1816 901 suis
1855 874 2022 901 mittentes
2050 875 2189 908 ydoneos
2215 875 2350 903 bellato-

1750 930 1808 956 res,
1840 924 1949 949 contra
1989 922 2122 949 rebelles
2171 923 2352 957 hujusmodi

1752 972 1905 999 auxilium
1928 972 2081 1000 dederint.
2106 972 2192 998 illam
2223 979 2350 999 suorum

1759 1019 1880 1045 venian]
1926 1019 2123 1047 delictorum.
2167 1019 2204 1046 de
2234 1020 2347 1054 quibus

1753 1069 1908 1096 veraciter
1920 1070 2012 1096 corde
2025 1070 2155 1096 contriti
2169 1071 2199 1096 et
2215 1077 2266 1097 ore
2279 1077 2350 1098 con-

1752 1118 1827 1145 fessi
1845 1118 2065 1152 suerint‚quae
2083 1122 2197 1146 'serrae
2215 1120 2351 1147 Sanctae

1753 1167 2011 1193 succurrentibus
2034 1167 2065 1193 in
2088 1167 2227 1201 generali
2248 1168 2351 1195 conci-

1752 1215 1794 1241 lio
1816 1217 1865 1242 est
1886 1223 2044 1242 concessa.
2069 1227 2078 1238 n
2097 1216 2248 1243 Ceterum
2267 1223 2350 1244 com-

1753 1264 1899 1290 mutandi
1914 1265 2019 1291 omnia
2034 1266 2109 1291 vota
2125 1266 2168 1295 et,
2185 1265 2210 1292 si
2226 1265 2351 1300 urgenti

1752 1313 1937 1339 necessitati
1966 1313 2084 1346 negotii
2112 1314 2230 1340 viderit
2258 1321 2352 1348 expe-

1753 1362 1828 1393 dire,
1847 1362 1945 1388 etiam
1960 1362 2232 1396 Jerosolymitana
2247 1363 2279 1390 in
2295 1363 2350 1391 hu-

1752 1410 1890 1443 jusmodi
1918 1411 2095 1437 subsidium
2122 1411 2270 1438 concedit
2297 1419 2350 1446 po-

1754 1460 1914 1486 testatem.

1797 1512 1908 1538 Eidem
1920 1512 2064 1539 concedit
2075 1514 2267 1546 potestatem
2278 1520 2361 1540 com·
2380 1510 2385 1550 Ι
2402 1513 2456 1542 301
2479 1510 2485 1550 Ι
2503 1515 2563 1542 598

1755 1561 1904 1594 pellendi,
1952 1561 2126 1588 monitione
2169 1562 2352 1596 praemissa,

1754 1609 1966 1637 Theutonicos
1980 1611 2012 1636 et
2027 1610 2104 1637 alios
2125 1610 2182 1645 qui
2203 1610 2353 1645 Anglicis‚

1754 1659 1814 1692 ipsi
1849 1659 1880 1686 in
1916 1659 1972 1685 hoc
2007 1659 2135 1693 negotio
2168 1659 2352 1692 rebellibus,

1755 1709 1919 1742 praestare
1956 1708 2228 1742 praesumpserint
2265 1709 2354 1736 auxi—

1756 1756 1834 1784 lium
1850 1757 1902 1783 vel
1915 1756 2068 1787 favorem,
2085 1757 2173 1792 quod
2189 1758 2226 1784 ab
2244 1757 2353 1792 huJ‘us-

1755 1806 1842 1832 modi
1882 1806 2141 1840 praesumptione
2182 1807 2352 1839 desistant,

1755 1862 1810 1889 per
1846 1855 2185 1882 excommunicationis
2218 1855 2251 1882 in
2283 1862 2353 1890 per-

1755 1910 1848 1930 sonas
1874 1905 1907 1929 et
1934 1904 1965 1929 in
1993 1906 2093 1930 terras
2120 1910 2228 1931 eorum
2255 1904 2351 1931 inter-

1755 1952 1834 1978 dicti
1858 1952 2045 1978 sententias.

1795 2005 1906 2031 Eidem
1954 2006 2099 2032 concedit
2155 2007 2352 2039 potestatem
2369 2003 2375 2042 Ι
2394 2006 2449 2034 301
2471 2002 2478 2043 Ι
2496 2007 2551 2035 601

1748 2054 1916 2080 exercendi
1950 2061 2114 2081 censuram
2155 2054 2347 2082 ecclesiasti-

1755 2109 1825 2129 cam
1844 2103 1875 2129 in
1894 2109 2002 2129 omnes
2021 2103 2093 2130 illos
2110 2103 2166 2138 qui
2185 2103 2215 2130 in
2235 2105 2347 2137 eundo,

1754 2152 1872 2178 stando
1888 2153 1944 2178 aut
1960 2153 2129 2180 redeundo.
2148 2152 2230 2179 cirea
2246 2152 2352 2186 ipsum

1752 2201 1805 2227 vel
1828 2200 1928 2234 ipsius
1951 2200 2107 2227 familiam
2132 2201 2275 2234 injuriosi
2299 2208 2351 2228 ex-

1753 2249 1905 2281 stiterint,
1932 2249 1958 2276 si
1987 2250 2189 2283 injuriatores
2212 2249 2283 2284 ipsi,
2310 2251 2348 2277 ab

1751 2298 1820 2332 ipso
1841 2298 1964 2327 moniti.
1987 2299 2025 2324 de
2045 2298 2160 2332 injuria
2180 2298 2271 2325 illata
2290 2299 2352 2333 ipsi

1751 2348 1783 2373 et
1797 2347 1901 2374 dictae
1913 2346 2052 2373 familiae
2064 2355 2126 2373 non
2139 2346 2351 2374 satisfecerint

1750 2397 1979 2429 competenter.
2007 2397 2038 2422 et
2065 2395 2095 2422 in
2120 2395 2196 2424 loca.
2224 2396 2256 2422 in
2278 2396 2348 2431 qui-

1750 2445 1810 2471 bus
1824 2444 1940 2478 injuria
1955 2444 2137 2477 hujusmodi
2149 2444 2235 2471 tacta
2247 2443 2354 2477 luerit,

1752 2493 1778 2520 si
1801 2495 1909 2520 tamen
1931 2494 2112 2520 eorumdem
2134 2493 2273 2520 locorum
2293 2494 2346 2520 do-

1751 2542 1837 2575 mini,
1862 2542 1917 2577 qui
1942 2541 2013 2568 laici
2036 2541 2164 2570 fuerint.
2191 2542 2348 2577 requisiti,

1751 2591 1947 2625 neglexerint
1970 2590 2072 2617 tacere
2093 2591 2153 2625 ipsi
2173 2590 2226 2617 vel
2245 2591 2351 2618 dictae

1751 2640 1891 2667 lamiliae
1905 2639 2085 2673 hujusmodi
2099 2639 2349 2666 satisfactionem

1751 2688 1904 2722 impendi.
1951 2688 2115 2715 interdicti
2163 2687 2358 2715 sententiam

1754 2737 1946 2771 proferendi.

1795 2786 1906 2812 Eidem
1933 2785 2077 2812 concedit
2090 2785 2278 2813 facultatem
2305 2785 2348 2811 in·
2369 2783 2450 2823 1302
2472 2781 2476 2820 Ι
2495 2784 2555 2812 608

1754 2835 1909 2869 jungendi
1950 2835 2108 2861 fratribus
2147 2834 2347 2862 Praedicato-
