2519 3262
1021 194 1261 232 TROISIEME
1290 193 1453 231 ANNEE.
2221 210 2274 238 3¹1

240 297 253 315 (1
276 286 431 326 Episcopo
450 286 587 326 Reqensi.
609 286 821 317 Constitutus
843 287 875 316 in
893 286 1065 325 presentia
1080 305 1128 314 ---.
1147 286 1211 316 Da-

199 340 271 369 tum
287 340 375 378 apud
395 339 682 376 Urbemveterem,
701 349 731 369 vi
751 339 826 369 idus
844 339 934 378 julii,
955 348 1041 369 anno
1062 339 1172 369 tertio.
1195 348 1209 367 »

293 496 385 526 {953
793 493 917 523 Orvicto„
934 494 950 519 9
967 492 1037 520 avril
1057 492 1133 519 1204.

233 579 343 605 Uecano
353 578 490 605 ecclesiae
504 579 638 605 Omnium
650 579 818 605 Sanctorum
834 579 867 604 dc
884 577 1077 608 1110161111111111,
1090 577 1209 611 Sagien-

199 628 237 654 sis
254 628 388 660 diocesis,
406 628 525 654 mandat
544 630 574 654 nt
590 628 757 661 Bertrando,
785 627 861 654 dicto
886 629 1008 658 Μοηασο,
1033 626 1140 653 elerico
1158 626 1207 652 Sa-

199 677 307 711 gicnsis
319 677 452 710 diocesis,
466 677 499 703 de
514 676 609 710 aliquo
628 676 764 702 beneficio
786 677 821 702 ad
838 675 1023 702 collationem
1051 675 1165 702 abbatis
1180 678 1206 701 et

199 729 356 753 conventus
371 725 538 753 monasterii
560 735 583 752 s.
606 724 679 752 Petri
698 733 782 759 snper
809 724 918 751 Divum.
939 723 1047 750 ordinis
1075 732 1097 749 s.
1119 723 1207 749 Bene-

197 775 275 805 dicti,
290 774 575 810 SagiensisdiocesiS,
586 776 743 809 spectante,
754 773 914 808 provideat.
927 773 1006 806 (aaa.
1018 773 1062 803 29,
1075 772 1126 800 t‘ol.
1141 773 1206 806 202,

197 829 227 849 11ο
244 824 335 858 1003.)

234 939 251 959 ((
270 929 389 959 [lemno
407 927 526 957 ecclesie
553 927 690 956 Omnium
711 928 893 956 &ariolorum
920 924 954 954 de
990 924 1205 962 Moreclzaura,

193 982 348 1021 Saqiensss
378 981 518 1011 diocesis.
550 981 657 1020 Digne
687 988 784 1018 agere
806 979 975 1009 credimus
1000 997 1049 1006 —.
1077 979 1202 1009 Datum

193 1036 282 1075 apud
300 1034 588 1069 Urbemveterem,
605 1044 623 1064 v
642 1034 718 1064 idus
735 1033 865 1072 aprilis,
889 1041 975 1063 anno
994 1032 1107 1062 tertio.
1129 1042 1144 1061 »

283 1191 379 1223 1954
751 1188 876 1220 Orvieto,
896 1187 926 1215 18
938 1187 1034 1222 juillet
1050 1186 1129 1214 1264.

225 1276 335 1302 Decano
345 1275 482 1302 ccclesiae
493 1275 527 1301 de
543 1274 743 1306 Abbatisvilla,
754 1272 956 1300 Α11111111111611515
972 1272 1105 1305 diocesis,
1123 1280 1205 1298 man-

190 1325 238 1352 dat
256 1327 285 1351 ut
302 1324 506 1351 cancellarium
525 1323 715 1350 Parisiensem
732 1324 767 1349 ad
782 1322 989 1356 perhibendum
1001 1322 1200 1357 juramentum

189 1373 353 1408 compellat.
370 1374 448 1408 (Rae.
463 1373 507 1404 29,
527 1372 574 1400 sol.
596 1373 657 1403 202,
676 1377 706 1398 11ο
727 1372 793 1399 1001
814 1372 846 1403 1.)

229 1486 246 1507 «
268 1500 293 1507 ..
321 1476 434 1506 decano
452 1476 571 1506 ecclesie
596 1475 631 1505 dc
654 1474 869 1511 Abbalisvilla‚
892 1474 1106 1504 ‚brehinnensis
1136 1474 1197 1504 dio-

191 1531 272 1560 cesis.
309 1530 433 1560 Dilecti
464 1530 526 1560 filii
558 1529 711 1568 magistri
745 1530 899 1567 regentes
930 1529 1140 1558 Parisienses
1168 1528 1201 1558 in

190 1585 378 1623 theologica
406 1584 565 1614 facultate
587 1583 686 1614 nobis
714 1583 904 1622 significare
933 1584 1092 1612 curarunt
1110 1581 1201 1620 quod

190 1647 247 1677 per
262 1638 375 1668 sedem
389 1637 610 1676 apostolicam
624 1639 675 1667 est
691 1638 855 1667 statutum
872 1639 906 1666 ut
924 1635 1090 1674 magistri,
1109 1636 1201 1674 post-

189 1700 289 1730 quam
316 1691 480 1721 licentiati
509 1689 635 1720 fuerint
651 1690 685 1720 in
703 1689 895 1728 hujusmodi
917 1689 1086 1724 facultate,
1112 1690 1202 1718 ante-

188 1754 288 1783 quam
307 1745 339 1774 in
360 1744 434 1783 ipsa
460 1751 576 1783 regere
599 1743 776 1781 incipiant,
804 1743 955 1781 prestent
980 1741 1201 1780 corporaliter

184 1799 415 1837 Juramentum
428 1797 468 1827 de
499 1796 704 1835 perhibendo
723 1796 819 1826 tidele
839 1795 1072 1826 testimoninm
1091 1795 1130 1825 de
1148 1795 1201 1824 ba-

187 1852 345 1882 chalariis
364 1851 398 1881 in
419 1851 577 1881 facultate
595 1850 811 1880 licentiandis
829 1849 957 1879 eadem.
974 1849 1059 1879 Sane
1079 1848 1200 1879 dilecto

187 1905 255 1935 tilio
278 1905 439 1943 magistro
461 1904 642 1943 Stephano,
666 1903 868 1933 cancellario
892 1902 1091 1936 Parisiensi,
1118 1902 1197 1932 inci-

185 1959 297 1998 piente
308 1967 420 1997 regere
431 1959 465 1987 in
476 1957 634 1987 facultate
644 1957 804 1995 predicta,
817 1956 897 1986 dicti
909 1955 1061 1994 magistri
1073 1957 1199 1986 attente

186 2012 387 2041 monuerunt
399 2010 542 2040 eundem
554 2011 590 2039 ut
605 2009 798 2048 hujusmodi
811 2009 1054 2047 juramentum,
1068 2007 1109 2038 ab
1120 2007 1198 2037 aliis

185 2064 328 2103 prestari
347 2065 558 2099 consuetum,
577 2062 736 2093 exhibere
750 2063 893 2097 curaret,
915 2062 961 2091 ita
976 2063 1089 2091 tamen
1109 2061 1199 2099 qqu

184 2118 268 2156 ipse,
286 2117 366 2147 dum
384 2118 473 2147 esset
491 2116 713 2146 cancellarius
733 2115 940 2145 Parisiensis
960 2114 1001 2144 ad
1017 2114 1198 2153 perhiben-

184 2171 263 2200 dum
272 2170 465 2209 hujusmodi
475 2169 709 2200 testimonium
720 2168 860 2198 minime
873 2169 1054 2198 teneretur.
1069 2169 1197 2198 Verum

183 2224 354 2262 predictus
371 2223 594 2253 cancellarius
612 2223 646 2252 in
665 2231 726 2252 sua
743 2221 933 2260 inceptione
954 2221 1082 2251 dictum
1104 2229 1195 2260 pres-

182 2278 253 2307 tare
280 2277 650 2315 noluitjuramentum,
676 2275 881 2314 pretendens
902 2275 991 2313 quod
1019 2275 1197 2304 licentiare

182 2330 393 2360 bach-alarios
420 2329 565 2368 pertinet
593 2329 633 2359 ad
662 2329 819 2363 eundem,
848 2330 985 2367 propter
1009 2328 1097 2367 quod
1130 2327 1196 2358 tale

178 2384 409 2422 juramentum
429 2384 580 2421 prestare
599 2382 739 2412 minime
759 2381 946 2412 tenebatur.
967 2382 1124 2412 Ceterum
1147 2381 1195 2420 ip-

182 2437 230 2467 sis
244 2436 417 2475 magistris
429 2435 661 2466 asserentibus
672 2444 749 2465 eum
760 2444 819 2474 pro
831 2435 1006 2474 magistro,
1017 2435 1125 2465 donec
1137 2434 1194 2464 hu-

178 2489 565 2528 jusmodijuramentum
575 2489 752 2526 prestaret,
766 2488 798 2517 in
811 2496 927 2518 eorum
941 2487 1151 2518 consortium
1162 2488 1195 2517 et

182 2543 222 2573 ad
232 2543 412 2572 tractatum
422 2541 475 2571 sui
487 2540 620 2580 collegii
633 2540 829 2570 nullatenus
847 2541 1093 2571 admittendum
1106 2540 1195 2579 ipso·

182 2604 245 2635 que
259 2595 460 2625 cancellario
471 2603 506 2624 se
524 2594 565 2625 ad
578 2594 637 2624 hoc
655 2593 895 2624 nichilominus
913 2594 1098 2633 ingerente,
1115 2594 1196 2633 quia

181 2649 348 2687 theologie
369 2648 520 2678 studium
540 2647 788 2686 impediebatur
805 2647 1042 2686 multipliciter
1063 2648 1096 2677 in
1113 2647 1193 2677 civi-

182 2704 249 2733 tate
266 2702 464 2737 Parisiensi,
487 2701 520 2731 in
537 2710 602 2739 qua
621 2703 775 2731 exortum
793 2709 893 2739 grave
912 2701 1108 2730 scandalum
1125 2702 1196 2731 erat

182 2757 321 2791 certum,
344 2764 415 2790 nos,
435 2755 492 2793 qui
507 2754 657 2792 ejusdcm
675 2753 931 2792 ampliationem
960 2754 1063 2784 studii
1089 2754 1196 2793 pluri-

213 2862 234 2884 1.
258 2861 336 2884 Cotto
355 2859 437 2883 lettre
454 2866 470 2882 a
487 2858 530 2882 ete
551 2858 664 2888 publice
685 2865 736 2888 par
754 2858 861 2882 Denine
878 2860 904 2882 ot
923 2858 1085 2883 Chatelain.
1104 2859 1194 2884 Cltart.

182 2905 249 2929 ιιηὶυ.
265 2905 349 2927 Paris.
367 2908 397 2927 n⁰
414 2904 469 2927 404.

1269 293 1361 314 mum
1378 285 1588 320 affectamus,
1603 285 1753 316 volentes
1765 295 1866 325 super
1882 286 1941 316 hoc
1959 287 2041 317 illud
2055 289 2213 320 adhibere
2230 301 2277 321 re-

1268 337 1416 367 medium
1427 346 1486 376 per
1503 338 1603 376 quod,
1618 338 1810 377 hujusmodi
1824 340 1981 370 scandalo
1996 343 2026 371 et
2039 342 2278 380 impedimento

1267 390 1461 426 summotis,
1482 390 1514 420 in
1537 391 1636 429 plane
1657 392 1783 430 quietis
1800 394 1900 431 atilne
1920 393 2046 431 vigoris
2073 397 2160 424 statu
2191 396 2277 426 idem

1267 443 1416 473 studium
1438 446 1563 481 posset,
1581 444 1695 474 divina
1712 445 1843 475 favente
1862 446 2052 480 clementia,
2072 449 2276 483 conservari,

1267 496 1438 526 voluimus
1456 498 1488 526 et
1503 497 1701 527 auctoritate
1721 498 1907 536 apostolica
1926 499 2087 529 duximus
2105 500 2276 530 declaran-

1266 549 1345 578 dum
1364 549 1452 588 quod
1480 549 1667 588 prelibatus
1691 551 1915 581 cancellarius
1933 553 1964 581 et
1980 561 2194 583 successores
2212 554 2276 586 sui,

1266 602 1459 632 cancellarii
1478 603 1703 639 Parisienses,
1723 604 1779 642 qui
1794 613 1908 643 regere
1924 605 1957 634 in
1975 606 2132 636 facultate
2147 607 2275 645 incepe-

1266 655 1550 694 rintsupradicta,
1566 658 1662 695 Juxta
1674 658 1862 696 predictum
1875 661 2052 693 statutum,
2070 663 2219 697 prestare
2233 663 2277 690 te—

1238 732 1239 739 ,
1266 711 1408 739 11611111111·
1433 709 1626 748 hujusmodi
1647 711 1889 749 juramentum.
1915 712 1965 741 Ita
1990 714 2101 742 tamen
2123 713 2211 751 quod
2237 713 2276 742 ad

1264 762 1511 800 perhibendum
1542 763 1608 793 tale
1637 764 1883 800 testimonium,
1910 765 2059 803 quandiu
2081 767 2273 796 cancellarii

1265 816 1478 846 Parisienses
1506 816 1644 850 fueriiit,
1669 817 1808 847 minime
1826 819 2016 848 teneantur.
2036 819 2182 857 Ideoque
2209 819 2278 849 1115-

1265 868 1405 898 cretioni
1431 870 1485 899 tue
1510 869 1711 899 mandamus
1736 872 1902 908 quatenus
1924 871 2091 909 prefatum
2113 872 2273 902 cancella-

1264 923 1353 951 1111111
1370 924 1417 958 111,
1442 923 1535 961 juxta
1556 923 1644 952 idem
1662 924 1839 957 statutum,
1861 924 1986 954 dictum
2007 925 2163 955 exhibeat
2184 925 2275 963 jura-

1264 977 1415 1006 mentum
1445 978 1538 1006 motu
1564 977 1700 1015 proprio
1720 985 1777 1015 per
1797 986 1974 1007 censuram
1991 978 2270 1009 eeclesiasticam.

1263 1028 1491 1067 appellatione
1509 1030 1692 1068 potposita,
1711 1030 1906 1068 compellas.
1925 1031 2000 1061 Non
2021 1031 2174 1062 obstante
2194 1033 2222 1061 si
2242 1032 2272 1062 ei

1263 1090 1281 1112 a
1297 1082 1448 1121 predicta
1470 1083 1514 1113 sit
1531 1083 1609 1113 sede
1627 1083 1796 1114 indultum
1809 1085 1898 1123 quod
1913 1085 2081 1120 interdici,
2100 1086 2273 1124 suspendi,

1262 1135 1315 1165 vel
1330 1137 1617 1166 excommunicari
1636 1146 1701 1167 non
1718 1137 1827 1175 possit
1846 1146 1905 1176 per
1921 1138 2052 1168 litteras
2070 1139 2275 1177 apostolicas

1262 1189 1397 1228 plenam
1413 1193 1444 1219 et
1462 1199 1661 1228 expressam
1679 1200 1744 1221 non
1769 1191 1930 1222 facientes
1947 1192 1986 1222 de
2007 1192 2136 1222 indulto
2160 1192 2276 1231 liujus·

1262 1243 1353 1272 modi
1368 1243 1587 1276 mentionem.
1606 1245 1638 1273 et
1654 1244 1803 1282 qualibet
1821 1244 1888 1274 alia
1904 1245 2033 1283 prefate
2057 1246 2147 1275 sedis
2167 1246 2274 1276 indul-

1260 1296 1384 1334 gentia,
1404 1304 1463 1334 per
1484 1305 1586 1335 quam
1602 1297 1740 1327 effectus
1760 1297 1969 1336 presentium
1988 1297 2145 1336 impediri
2163 1299 2273 1329 valeat

1260 1349 1312 1379 vel
1331 1349 1471 1385 differri,
1499 1352 1529 1379 et
1553 1349 1592 1379 de
1611 1358 1676 1388 qua
1698 1350 1731 1380 in
1753 1350 1877 1380 litteris
1903 1350 2028 1380 mentio
2055 1351 2127 1380 fieri
2156 1351 2272 1382 debeat

1260 1402 1432 1441 specialis.
1462 1403 1587 1433 Datum
1611 1404 1698 1441 apud
1724 1404 2011 1439 Urbemveterem,
2037 1413 2080 1434 xv
2111 1405 2273 1435 Kalendas

1261 1455 1408 1494 augusti,
1427 1464 1513 1486 anno
1532 1456 1642 1486 tertio.
1664 1466 1679 1485 >›

1354 1646 1448 1677 1955
1842 1645 1965 1677 ttrvieto,
1983 1648 1997 1672 Τ
2010 1646 2105 1681 juillet.
2122 1647 2198 1674 1202.

1295 1728 1517 1763 Arrhiepiseopo
1533 1729 1688 1755 'turonensi
1704 1731 1822 1763 mandat
1841 1733 1868 1756 nt
1890 1730 2012 1757 Johanni
2030 1732 2063 1757 de
2090 1732 2223 1765 Kaynouv
2245 1735 2270 1758 vt

1259 1778 1349 1810 uxori,
1368 1787 1381 1804 e
1397 1778 1511 1812 judaica
1527 1778 1664 1805 caecitate¹
1679 1779 1835 1807 conversis,
1853 1780 2044 1813 provisionem
2062 1789 2186 1806 annuam
2205 1789 2270 1806 ecn-

1259 1829 1320 1853 111111
1351 1827 1509 1853 solidorum
1542 1828 1741 1854 turonensium
1770 1828 1910 1855 exhibeat.
1940 1829 2019 1860 (111-111.
2049 1831 2094 1861 214,
2128 1829 2175 1855 sol.
2209 1830 2271 1861 21¹2,

1258 1881 1288 1902 ΠΟ
1311 1876 1401 1908 1005.)

1299 1998 1315 2018 1(
1332 2012 1337 2017 .
1354 2014 1358 2018 .
1378 1988 1612 2028 archiepiscopo
1640 1987 1815 2018 Tur-«mensi.
1841 1988 1940 2018 Lecta
1959 1988 2056 2018 nobis
2074 1989 2187 2019 dilecti
2210 1989 2270 2019 filii

1259 2041 1423 2071 Johannis
1440 2041 1479 2071 de
1496 2042 1660 2080 Kaynone
1672 2043 1704 2071 et
1720 2041 1884 2074 Johanne,
1900 2042 2018 2072 uxoris
2031 2042 2114 2079 ejus,
2133 2044 2188 2072 tue
2203 2043 2271 2072 dio-

1259 2095 1358 2127 cesis,
1379 2095 1496 2133 petitio
1512 2094 1705 2124 continebat
1722 2095 1823 2133 quod,
1844 2095 1920 2124 licet
1934 2104 1994 2124 1105
2012 2104 2072 2133 pro
2086 2096 2135 2125 eis
2155 2096 2211 2134 qui
2231 2096 2270 2125 116

1255 2149 1388 2187 judaice
1405 2148 1557 2178 cecitatis
1575 2156 1687 2178 errore
1704 2148 1745 2177 ad
1763 2148 1861 2177 tidem
1878 2148 2076 2178 catholicam
2105 2151 2181 2178 sunt
2198 2158 2271 2178 con-

1258 2202 1360 2231 versi.
1380 2201 1441 2231 tibi
1459 2201 1652 2231 dederimus
1673 2200 1735 2230 sub
1751 2203 1840 2231 certa
1860 2201 1967 2231 forma
1986 2209 2044 2239 per
2066 2203 2199 2230 nostras
2219 2202 2271 2231 lit-

1256 2256 1347 2285 teras
1365 2255 1398 2284 111
1415 2254 1583 2284 mandatis
1602 2255 1637 2284 ut
1659 2253 1708 2283 eis
1732 2253 1772 2282 ab
1787 2253 1959 2292 aliquibus
1978 2255 2194 2284 monasteriis
2219 2255 2269 2284 vel

1258 2309 1412 2339 ecclesiis
1432 2310 1487 2338 tue
1501 2307 1649 2338 civitatis
1667 2316 1725 2337 seu
1736 2307 1893 2342 diocesis,
1908 2316 2009 2346 super
2024 2308 2216 2346 provisione
2227 2308 2269 2337 si-

1256 2361 1330 2392 mili
1343 2362 1382 2391 de
1394 2362 1551 2391 mamiato
1562 2360 1748 2399 apostolico
1760 2369 1822 2390 non
1837 2361 1998 2399 gravatis,
2014 2360 2154 2396 faceres,
2172 2362 2270 2399 prout

1256 2415 1416 2454 expedire
1440 2415 1583 2449 videres,
1603 2414 1636 2443 in
1654 2413 1721 2443 vite
1739 2413 1954 2448 necessariis
1974 2413 2083 2452 quoad
2103 2413 2266 2447 viverent⁷

1255 2468 1437 2507 provideri,
1456 2469 1491 2498 tu
1510 2469 1622 2498 tamen
1643 2467 1727 2506 ipsis
1746 2475 1811 2496 non
1826 2467 1891 2496 nisi
1910 2467 1943 2496 in
1964 2467 2209 2505 quinquaginta
2219 2476 2271 2496 so-

1255 2522 1336 2552 lidis
1364 2522 1599 2552 turonensium
1626 2520 1800 2550 annuatim
1819 2520 2000 2558 providisti
2022 2529 2081 2550 seu
2098 2520 2269 2559 provideri

1256 2575 1366 2606 fecisti
1383 2574 1582 2605 auctoritate
1597 2573 1789 2613 hujusmodi
1803 2573 2006 2607 litterarum,
2024 2574 2264 2612 propterquod

1255 2629 1336 2659 dicti
1353 2629 1405 2658 vir
1420 2630 1451 2659 et
1466 2637 1562 2661 uxor,
1588 2627 1628 2657 ad
1646 2626 1888 2665 benignitatem
1909 2627 1999 2656 sedis
2019 2627 2204 2665 apostolice
2224 2636 2270 2657 rc-

1255 2683 1440 2718 currentes,
1459 2681 1634 2711 humiliter
1652 2680 1807 2718 petebant
1825 2689 1842 2709 a
1858 2680 1955 2710 nobis
1973 2682 2008 2710 111
2026 2681 2076 2710 eis
2098 2688 2157 2718 pro
2176 2689 2211 2710 se
2233 2689 2269 2710 ac

1255 2736 1353 2765 unica
1366 2736 1516 2774 ipsorum
1532 2734 1600 2763 lilia
1618 2734 1657 2763 de
1675 2742 1769 2763 sacro
1785 2734 1873 2763 fonte
1891 2735 2018 2769 renata,
2038 2733 2267 2772 provisionem

1254 2797 1435 2828 congruam
1446 2788 1485 2818 de
1496 2797 1561 2826 qua
1575 2787 1759 2817 sustentari
1771 2786 1916 2822 valeant,
1930 2787 2001 2816 lieri
2015 2786 2266 2816 mandaremus.

1254 2843 1324 2873 Nos
1345 2842 1469 2880 itaque,
1492 2841 1579 2870 circa
1601 2841 1693 2879 ipsos
1711 2842 1848 2878 paterne
1873 2840 1962 2870 ducti
1983 2839 2203 2879 benignitatis
2223 2840 2267 2869 at*-

1256 2895 1353 2927 1611111,
1368 2894 1570 2924 fraternitati
1585 2895 1639 2923 tue
1649 2893 1849 2923 mandamus
1863 2895 2042 2932 quatenus,
2053 2893 2080 2922 si
2092 2895 2141 2923 est
2154 2893 2209 2926 ita,
2220 2892 2269 2922 eis
