2519 3262
225 289 265 319 64
935 282 1014 313 LES
1037 281 1281 313 REGISTHES
1304 281 1517 312 D’URBAIN
1540 281 1599 312 IV.

317 382 417 413 296ίί
815 377 941 407 Orvieto,
959 376 992 404 30
1005 378 1071 403 aout
1091 376 1166 402 1203.

265 464 401 498 Episcopo
420 461 595 489 Ferentinati
613 461 730 488 mandat
758 461 874 487 inducat
894 460 1059 495 episcopum
1078 461 1106 486 et
1129 459 1238 493 eapitu-

227 513 287 540 lum
313 511 479 545 Anagninos
507 511 535 537 in
559 510 772 545 possessionem
794 510 985 544 quarumdam
1012 510 1125 540 domus,
1145 511 1239 535 terra-

226 569 300 591 rum,
312 560 528 595 possessionum
545 562 573 586 et
589 567 698 585 rerum.
712 559 812 593 (Aaou.
827 566 918 585 eamr.
937 560 1090 591 nmmos-1,
1108 566 1116 584 ι
1134 562 1164 584 n⁰
1185 557 1238 591 ΙΙ.)

267 670 281 689 α
311 658 448 688 Urbanus
471 659 644 698 episcopus,
668 667 768 687 servus
791 667 944 687 servorum
977 656 1044 692 Dei,
1074 655 1241 685 venerabili

225 713 322 752 fratri
336 736 341 741 .
356 738 361 743 .
381 713 521 752 episcopo
538 711 740 745 Ferentinati,
753 710 881 739 salutem
893 714 920 739 e!
938 708 1138 749 apostolicam
1158 708 1241 737 berze-

226 765 396 806 dictionem.
420 766 487 795 Sua
508 764 606 795 nobis
622 763 831 794 venerabilis
850 763 954 793 frater
970 764 1124 792 noster..
1149 761 1240 800 epis-

225 827 343 858 copus,
374 820 407 849 et
436 818 551 848 dilecti
585 817 647 847 filii
664 816 852 855 capitulum
880 815 1050 855 Anagnini
1079 814 1240 853 petitione

225 873 457 902 monstrarunt
482 871 583 910 quod,
608 879 683 901 cum
711 870 796 900 bone
823 870 1029 900 memorie..
1047 869 1239 907 episcopus,

226 929 257 956 et
271 925 458 964 capitulum
475 924 642 963 Anagnini
657 924 816 959 Leonem,
833 923 1044 959 canonicum,
1060 931 1095 952 ac
1109 922 1239 952 Riccar-

226 979 306 1009 dum
322 981 354 1009 et
367 978 567 1011 Jobannem,
583 977 705 1006 fratres
718 976 804 1014 ejus,
819 976 946 1006 milites
963 976 1121 1009 Alatrini,
1140 983 1241 1013 super

225 1032 373 1071 quadam
401 1032 513 1065 domo,
540 1030 654 1066 terris,
682 1029 962 1068 possessionibus
989 1031 1018 1059 et
1043 1028 1144 1059 rebus
1163 1028 1241 1058 aliis

225 1094 339 1115 coram
357 1083 544 1114 venerabili
557 1083 661 1113 fratre
678 1084 793 1113 nostro
809 1108 814 1113 .
831 1106 836 1111 .
856 1082 1108 1121 archiepiscopo
1124 1082 1241 1120 Sipon-

224 1138 307 1171 tin0‚
338 1139 415 1167 tunc
449 1136 624 1175 capellano
655 1135 765 1166 felicis
794 1135 1040 1166 recordationis
1071 1136 1110 1165 A.
1144 1143 1240 1173 pape,

225 1190 476 1229 predecessoris
494 1189 613 1224 nostri,
631 1188 785 1227 partibus
803 1188 844 1218 ab
865 1189 983 1218 eodem
1001 1188 1240 1226 predecessore

225 1244 378 1274 auditore
399 1251 570 1277 concesso,
590 1242 816 1272 communiter
833 1241 1021 1272 traxissent
1036 1241 1069 1271 in
1090 1250 1239 1275 causam,

226 1297 305 1335 quia
328 1297 429 1326 iidem
450 1296 632 1326 canonicus
649 1297 680 1325 et
706 1295 829 1325 fratres
853 1295 944 1325 citati
962 1295 1112 1334 legitime
1128 1303 1240 1324 coram

225 1358 275 1385 eo,
305 1350 338 1379 in
368 1349 496 1387 pretixo
523 1349 573 1379 eis
602 1348 748 1378 termino
779 1349 1009 1387 peremptorio
1037 1347 1240 1386 competenti

225 1411 418 1441 comparere
454 1402 699 1432 contumaciter
727 1402 946 1440 denegarunt,
977 1401 1086 1431 dictus
1113 1400 1240 1430 archie-

225 1455 398 1494 piscopus,
427 1456 563 1494 propter
587 1454 783 1493 hujusmodi
812 1454 1059 1484 contumaciam
1081 1453 1240 1484 manifes-

225 1510 306 1543 tam,
321 1509 458 1539 eosdem
473 1508 670 1547 episcopum
686 1509 717 1537 et
735 1507 920 1546 capitulum
938 1506 972 1536 in
987 1507 1240 1546 possessionem

227 1562 394 1592 dictarum
420 1561 553 1597 domus,
580 1562 763 1595 terrarum,
785 1561 1044 1600 possessionum
1062 1562 1093 1590 et
1112 1568 1238 1594 rerum,

226 1623 328 1645 causa
345 1614 509 1648 custodie,
532 1614 679 1644 decrevit
708 1613 839 1648 induci,
869 1614 926 1644 sed
953 1613 1032 1643 dicti
1060 1614 1239 1652 episcopus

229 1669 261 1698 et
279 1668 464 1706 capitulum
490 1667 642 1706 ipsarum
662 1667 915 1706 possessionem
934 1667 1082 1697 nancisci
1101 1676 1166 1697 non
1184 1675 1237 1705 po-

226 1723 371 1753 tuerunt,
388 1722 525 1759 propter
540 1720 727 1760 potentiam
742 1722 773 1750 et
786 1720 951 1750 malitiam
964 1720 1070 1759 partis
1085 1720 1237 1755 adverse,

225 1783 284 1813 per
302 1783 426 1804 annum
443 1776 474 1804 et
485 1774 633 1813 amplius
650 1774 683 1803 in
704 1783 764 1804 sua
782 1774 994 1804 contumacia
1009 1774 1237 1812 perdurantis.

225 1828 335 1862 Quare
362 1827 464 1857 iidem
489 1827 668 1866 episcopus
690 1828 721 1857 et
745 1827 932 1865 capitulum
948 1827 1046 1857 nobis
1063 1827 1239 1857 humiliter

226 1880 461 1919 supplicarunt
487 1882 522 1910 ut
550 1880 727 1919 providere
747 1889 849 1919 snper
865 1880 925 1910 hoc
949 1881 999 1910 eis
1016 1882 1155 1918 paterna
1174 1881 1239 1910 sol<

225 1933 401 1963 licitudine
427 1942 634 1964 curaremus.
664 1934 828 1969 Quocirca
864 1933 1068 1964 fraternitati
1100 1935 1156 1964 tue
1181 1943 1240 1973 per

228 1987 413 2024 apostolica
447 1987 571 2025 scripta
603 1987 805 2016 mandamus
835 1987 1008 2025 quatinus,
1038 1988 1067 2016 si
1097 1989 1147 2017 est
1179 1987 1237 2023 ita,

227 2039 411 2077 prelibatos
432 2040 631 2078 episcopum
642 2041 673 2070 et
686 2039 871 2078 capitulum
888 2040 922 2069 in
941 2040 1149 2079 corporalem
1164 2049 1237 2079 pos-

229 2092 418 2122 sessionem
442 2093 574 2126 domus,
599 2094 779 2128 terrarum,
801 2093 1058 2131 possessionum
1075 2094 1106 2123 et
1126 2102 1238 2123 rerum

230 2145 474 2182 premissarum
492 2145 643 2179 inducas,
658 2148 687 2175 et
707 2145 933 2184 sicutjustum
952 2146 1063 2181 suerit,
1077 2146 1238 2176 defendas

229 2198 393 2228 inductos.
416 2199 687 2228 Contradictores
708 2216 755 2227 —.
773 2199 895 2229 Datum
913 2199 1000 2237 apud
1021 2199 1238 2230 Urbemvete-

228 2259 310 2286 rem,
331 2261 363 2280 ιιι
381 2251 543 2281 kalendas
561 2252 776 2290 septembris,
792 2252 1007 2291 pontificatus
1027 2253 1133 2282 nostri
1152 2261 1237 2283 anno

229 2305 386 2334 secundo.
409 2314 423 2332 ι)

319 2456 414 2486 2967
731 2452 857 2486 Orvieto,
876 2454 892 2479 9
909 2453 1072 2488 septembre
1090 2454 1165 2482 1263.

264 2538 464 2572 Receplionem
490 2540 585 2564 cassat
612 2537 754 2565 sexdecim
773 2540 800 2564 et
818 2538 942 2573 plurium
967 2538 1172 2565 canonicorum
1188 2539 1239 2565 mi-

226 2595 278 2614 nus
295 2587 474 2617 idoneorum,
493 2588 540 2620 qui
563 2587 598 2613 ab
616 2586 680 2613 aliis
708 2587 855 2614 canonicis
879 2587 1017 2614 ecclesiae
1034 2587 1180 2618 Reatinae,
1197 2595 1239 2613 ru-

227 2635 304 2662 tione
321 2636 498 2670 parentelae,
517 2636 544 2662 in
561 2635 713 2662 canonicos
732 2636 838 2671 recepti
861 2639 956 2663 erant.
974 2637 1072 2670 (Amin.
1090 2644 1183 2663 eamr.
1204 2645 1237 2663 un

228 2684 323 2717 nimi,
338 2685 384 2718 M,
401 2684 444 2716 Ff,
459 2690 488 2711 n⁰
502 2686 518 2712 3
533 2685 565 2719 ¹.)

268 2792 282 2810 ι(
307 2780 446 2811 Urbanus
473 2782 639 2821 episcopus,
660 2791 765 2812 servus
790 2792 945 2812 servorum
974 2782 1042 2819 Dei,
1075 2782 1240 2812 venerabili

226 2835 320 2873 fratri
336 2839 363 2864 et
380 2834 501 2865 dilectis
513 2834 589 2874 filiis
605 2835 740 2875 capitulo
759 2835 906 2871 Reatinis,
927 2835 1053 2866 salutem
1070 2842 1097 2866 et
1113 2842 1238 2876 aposco-

259 2945 281 2969 1.
300 2945 408 2969 Encore
429 2945 461 2969 de
478 2951 529 2969 nos
544 2945 625 2976 jours
639 2946 711 2969 cette
730 2944 806 2969 bulle
821 2947 863 2969 cst
878 2945 955 2969 visee
974 2945 1046 2969 dans
1064 2944 1106 2970 les
1123 2944 1236 2970 Consti-

228 2989 336 3013 tutions
353 2989 389 3013 du
406 2989 534 3020 chapitre
552 2989 585 3013 de
598 2989 682 3014 Ricti.

1299 374 1389 404 licam
1411 374 1656 404 benedictionem.
1679 374 1919 405 Intelleximus
1936 374 2037 414 quod,
2055 374 2135 405 licet
2153 375 2187 404 in
2206 374 2311 405 eccle-

1296 428 1347 458 sia
1373 427 1517 458 Reatina
1536 429 1649 458 certus
1674 428 1718 457 sit
1738 427 1976 458 canonicorum
1992 436 2155 458 numerus
2169 428 2308 458 institu-

1294 483 1362 517 tus,
1377 481 1563 519 juramenti
1582 481 1770 510 munimine
1790 480 1979 517 roboratus,
1998 488 2058 510 vos
2071 481 2195 517 tamen,
2214 480 2309 510 nulla

1296 533 1378 564 inibi
1408 533 1579 572 prebenda
1605 536 1757 570 vacante,
1776 534 1948 564 sexdecim
1972 535 2004 564 et
2025 533 2151 572 plures
2169 536 2309 573 nepotes

1296 593 1327 621 et
1346 590 1616 629 consanguineos
1634 592 1778 626 vestros
1803 597 1947 628 quorum
1971 589 2127 619 nonnulli
2153 589 2309 619 illiterati

1295 646 1328 673 et
1345 643 1430 673 alias
1451 643 1564 673 minus
1579 642 1714 681 ydonei,
1732 643 1871 681 quidam
1888 651 1967 672 vero
1985 642 2082 681 pueri
2096 643 2128 672 et
2141 642 2309 680 patientes

1297 697 1329 726 in
1355 698 1443 727 etate
1468 696 1637 726 defectum
1667 704 1741 726 esse
1769 695 1937 731 dicuntur,
1968 695 2002 725 in
2020 695 2200 725 canonicos
2225 695 2311 725 etin

1298 750 1420 780 fratres
1440 750 1473 779 in
1497 750 1572 788 ipsa
1596 748 1750 785 ecclesia,
1771 749 1942 779 revelante
1959 748 2020 778 hoc
2038 748 2135 778 vobis
2153 756 2253 778 carne
2273 756 2311 778 ac

1296 803 1471 842 sanguine,
1497 804 1687 832 temeritate
1714 802 1853 840 propria
1881 802 2072 840 recepistis.
2099 802 2171 831 Nos
2193 801 2307 840 igitur,

1296 856 1589 895 presumptionem
1622 855 1828 894 hujusmodi,
1863 856 1933 885 tam
1961 854 2146 885 notabilem
2175 857 2311 893 tamque

1296 909 1549 948 dampnabilem
1567 911 1598 939 et
1623 908 1780 947 exemplo
1804 908 2039 947 pernitiosam,
2059 907 2313 947 quomodolibet

1297 963 1466 993 sustinere
1476 962 1641 997 nolentes,
1661 961 1888 1000 receptionem
1900 961 1953 992 vel
1966 961 2179 1000 receptiones
2194 959 2311 999 hujus-

1296 1016 1388 1046 modi
1407 1018 1438 1046 et
1467 1015 1628 1055 quicquid
1647 1024 1688 1045 ex
1719 1015 1769 1045 eis
1796 1016 1951 1045 secutum
1974 1016 2026 1044 est
2049 1014 2104 1044 vel
2131 1013 2173 1044 ob
2203 1014 2310 1052 ipsas,

1296 1069 1482 1108 apostolica
1505 1068 1706 1099 auctoritate
1734 1076 1909 1098 cassamus
1933 1070 1965 1098 et
1993 1067 2182 1104 irritamus,
2207 1067 2312 1097 immo

1295 1122 1409 1161 potius
1444 1131 1541 1152 cassa
1574 1124 1605 1152 et
1642 1121 1738 1151 irrita
1769 1121 1978 1157 nuntiamus,
2014 1120 2112 1151 vobis
2140 1120 2312 1151 universis

1296 1177 1328 1205 et
1363 1175 1519 1214 singulis,
1553 1174 1616 1205 sub
1649 1174 2012 1205 excommunicationis
2044 1182 2142 1212 pena,
2169 1173 2312 1204 firmiter

1296 1228 1488 1258 inhibentes
1514 1236 1554 1258 ne
1573 1229 1774 1267 attemptare
1795 1228 1835 1258 de
1858 1230 1968 1258 cetero
1984 1227 2067 1258 talia
2084 1227 2309 1266 presumatis3

1296 1282 1329 1311 et
1347 1283 1373 1310 si
1393 1290 1491 1311 secus
1517 1284 1752 1320 presumptum
1769 1281 1885 1317 fuerit,
1905 1289 2038 1311 exnunc
2062 1289 2216 1315 vacuum,
2236 1280 2311 1310 irri-

1295 1335 1368 1364 tum
1392 1334 1527 1372 penitus
1553 1334 1767 1364 decernimus
1793 1336 1825 1364 et
1855 1334 1964 1364 inane.
1986 1334 2111 1364 Datum
2135 1333 2225 1372 apud
2248 1334 2308 1365 Ur-

1296 1387 1536 1423 bemveterem,
1557 1396 1576 1416 v
1603 1387 1679 1417 idus
1710 1387 1926 1426 septembris,
1954 1387 2170 1425 pontificatus
2201 1387 2311 1417 nostri

1297 1449 1384 1471 anno
1402 1441 1514 1471 tertio.
1535 1451 1549 1469 n

1385 1608 1484 1639 2988
1789 1605 1914 1638 Orvieto,
1931 1605 1964 1632 13
1980 1605 2144 1639 septembre
2159 1605 2236 1633 1263.

1331 1691 1516 1718 Noviomensi
1537 1693 1565 1717 et
1583 1689 1781 1717 Suessionensi
1803 1690 1920 1717 decanis
1939 1690 2056 1716 mandat
2083 1697 2117 1716 ne
2141 1690 2313 1724 permittant

1294 1741 1435 1767 decanum
1454 1743 1481 1766 et
1499 1739 1658 1773 capitulum
1674 1739 1877 1765 Laudunenses
1893 1739 1929 1765 ab
1941 1738 2084 1772 aliquibus
2103 1738 2228 1765 indebite
2249 1747 2311 1766 mo-

1295 1789 1405 1816 lestari.
1426 1790 1523 1823 (Aaou.
1542 1788 1612 1815 NAT.
1632 1796 1646 1814 ι.
1662 1789 1723 1819 206,
1743 1792 1774 1813 n0
1788 1787 1845 1821 238)

1336 1900 1350 1918 t(
1372 1889 1513 1919 Urbanus
1525 1889 1807 1928 episcopusservus
1820 1897 1973 1917 serrorum
1988 1887 2052 1924 Dei,
2071 1887 2191 1917 dilectis
2205 1887 2288 1917 filiis.
2303 1912 2309 1918 .

1295 1941 1488 1971 Noviomensi
1511 1946 1539 1971 et
1555 1966 1560 1971 .
1582 1966 1587 1971 .
1602 1940 1810 1971 suessionensi
1826 1941 1959 1977 decanis,
1973 1940 2098 1970 salutem
2117 1945 2144 1970 et
2161 1940 2310 1981 aposloli-

1295 1995 1619 2025 cambenedictionem.
1638 1995 1740 2025 Livor
1755 1994 1840 2025 edax
1856 1994 2026 2024 interdum
2041 2011 2090 2024 —.
2106 1994 2190 2025 Cum
2209 1994 2312 2034 igitur

1295 2049 1409 2079 dilecti
1423 2049 1484 2079 filii
1501 2074 1506 2078 .
1522 2074 1528 2078 .
1545 2049 1690 2078 decanus
1703 2050 1735 2079 et
1749 2048 1935 2087 capitulum
1951 2048 2205 2084 Laudunenses,
2225 2048 2312 2079 sicut

1295 2104 1463 2138 asserunt,
1478 2102 1654 2132 molestias
1667 2102 1874 2140 multiplices
1886 2102 2072 2140 patiantur,
2086 2110 2146 2132 nos
2156 2101 2310 2132 volentes

1294 2155 1490 2186 eorumdem
1519 2155 1636 2185 decani
1655 2157 1687 2185 et
1703 2155 1842 2194 capituli
1861 2155 2010 2194 quietem
2031 2155 2216 2193 apostolice
2235 2163 2312 2185 auc-

1294 2208 1442 2239 toritatis
1475 2208 1609 2238 dextera
1642 2208 1863 2244 communire,
1890 2208 2087 2238 discretioni
2112 2210 2224 2239 vestre
2251 2216 2312 2247 per

1294 2261 1479 2300 apostolica
1495 2261 1620 2300 scripta
1639 2261 1841 2291 mandamus
1858 2261 2021 2300 quatinus
2039 2261 2168 2291 eisdem
2183 2261 2309 2292 decano

1294 2316 1326 2345 et
1342 2314 1490 2353 capitulo
1505 2323 1565 2344 vos
1584 2314 1636 2344 vel
1660 2314 1744 2345 alter
1766 2315 1918 2345 vestrum
1939 2314 2133 2345 necessario
2161 2313 2310 2345 effic-acis

1294 2367 1502 2398 defensionis
1526 2367 1677 2406 presidio
1695 2367 1912 2403 assistentes,
1930 2376 1994 2398 non
2010 2367 2217 2406 permittatis
2233 2375 2306 2398 eos-

1293 2421 1369 2451 dem
1387 2423 1503 2451 contra
1521 2429 1681 2451 concessa
1699 2421 1748 2451 eis
1765 2429 1782 2451 a
1799 2420 1897 2450 nobis
1911 2422 1943 2451 et
1959 2420 2037 2450 aliis
2052 2420 2216 2451 Romanis
2228 2428 2307 2459 pon-

1293 2473 1453 2511 tificibus,
1473 2474 1774 2512 predecessoribus
1796 2474 1934 2509 nostris,
1953 2473 2143 2513 privilegia,
2158 2472 2308 2504 indebite

1295 2527 1481 2563 molestari⁷
1492 2527 1786 2563 molestatores—,
1797 2526 2014 2565 presentibus
2024 2528 2097 2565 post
2109 2526 2310 2557 decennium

1295 2581 1434 2611 minime
1464 2580 1632 2610 valituris.
1662 2580 1786 2611 Datum
1810 2581 1899 2619 apud
1917 2579 2205 2614 Urbemveterem,
2230 2579 2308 2610 idus

1295 2633 1510 2672 septembris,
1528 2633 1745 2672 pontificatus
1759 2633 1866 2664 nostri
1884 2641 1971 2664 anno
1985 2633 2097 2664 tertio,
2114 2643 2129 2660 i»

1384 2801 1482 2833 2989
1820 2800 1946 2831 orvieto,
1965 2800 1994 2827 11
2016 2800 2131 2827 octobre
2157 2800 2236 2828 1263.

1329 2884 1503 2911 Monasterio
1520 2892 1542 2911 s,
1559 2884 1693 2911 Germani
1709 2884 1744 2910 de
1761 2883 1855 2911 Pratis
1871 2883 2043 2911 Parisiensis
2060 2883 2144 2915 bona,
2158 2883 2306 2912 libertates

1293 2936 1321 2961 et
1340 2933 1540 2960 immunitates
1557 2934 1722 2960 contii-mat.
1742 2934 1841 2968 (Anca.
1858 2933 1930 2960 Nn.
1949 2940 1964 2959 L
1979 2933 2032 2960 256
2049 2937 2078 2959 η’
2093 2933 2149 2965 59.)
