2519 3262
262 203 321 234 300

840 281 964 311 Orviem,
984 281 1100 316 Tjuillrt
1117 280 1195 308 1264.

353 287 448 317 1902

297 369 548 403 Archipresbytero
569 369 603 394 de
622 366 832 399 Truverseeulo,
852 366 1016 393 Parmensis
1033 365 1166 395 diocesis,
1187 373 1268 391 man-

261 418 309 444 dat
327 420 355 444 ut
370 419 404 444 ad
422 417 612 452 provisionem
638 416 779 442 Guidoliui
801 415 898 442 clerici
926 416 954 441 in
976 414 1097 441 ecclesia
1118 422 1141 441 S.
1162 413 1268 440 Mariae

260 467 294 493 de
315 467 462 493 Soranuia.
481 465 643 492 Parmensis
682 464 817 497 diocesis,
837 465 981 498 prom-dat,
1003 464 1083 498 juxta
1105 463 1266 489 litterarum

261 515 411 542 Alexandri
430 522 517 549 papae
533 522 579 540 1111
597 516 739 541 tenorem,
763 514 843 548 (Huc.
861 515 905 544 29,
925 513 972 539 l'ol.
990 513 1050 542 190,
1067 517 1095 538 n⁰
1107 512 1184 545 952.)

301 633 315 648 «
334 622 356 650 Α
365 621 608 661 rellipresbytero
636 620 672 649 de
689 619 917 656 Traversecuw,
934 619 1107 648 Parmensis
1129 618 1264 648 diocesis.

258 675 423 713 Exposuit
445 674 542 705 nobis
558 674 763 704 (iuidolinus
780 674 933 709 clericus,
949 674 1048 703 natus
1064 672 1214 711 Roglerii
1227 672 1267 703 de
1297 690 1299 705 1,

259 727 378 763 GrHla,
394 727 478 757 civis
492 727 815 765 Parmensismepos
834 726 946 756 dilecti
966 726 1027 756 tilii
1042 725 1196 764 magistri
1211 725 1268 755 Al-

257 780 341 810 berti
358 780 694 815 AzariiParmensis⁷
706 780 792 819 juris
808 779 919 809 civilis
932 779 1149 817 professoris,
1165 778 1265 817 quod,

255 833 358 863 fratre
375 833 521 863 Antonio
543 833 582 863 de
601 833 717 863 ordine
736 833 1001 868 Predicatorum,
1018 833 1136 870 nepote
1156 831 1266 870 ipsius

254 887 420 925 magistri,
440 887 590 917 ordinem
605 887 747 916 eundem
763 886 927 925 ingresso,
943 887 974 916 et
990 886 1124 915 tandem
1141 885 1266 915 ibidem

254 942 330 970 voto
360 940 585 979 professionis
615 940 754 974 emisso,
784 940 928 969 dilectus
962 939 1052 969 filius
1082 941 1197 968 noster
1220 938 1263 975 «1.,

253 994 446 1023 sanctorum
464 994 586 1024 Cosme
596 994 627 1023 et
638 993 795 1023 Damiani
807 993 968 1023 diaconus
978 991 1172 1027 cardinalis,
1188 993 1265 1022 tuuc

252 1046 549 1076 vicecancellarius
567 1048 599 1076 et
615 1046 767 1076 notarius
781 1046 931 1076 Romane
948 1045 1101 1078 ecclesie,
1121 1045 1264 1075 auctori-

250 1099 318 1128 tate
329 1099 439 1129 felicis
452 1099 694 1130 recordationis
705 1098 890 1129 Alexandri
904 1106 1000 1137 pape,
1012 1098 1263 1136 predecessoris

251 1152 370 1189 nostri,
403 1161 503 1191 quam
526 1152 592 1182 sibi
611 1153 824 1183 concesserat
840 1152 975 1182 oraculo
995 1152 1070 1181 vive
1088 1151 1192 1187 vocis,
1206 1151 1262 1189 jus

250 1205 467 1235 canonicatus
477 1207 508 1236 et
520 1205 742 1236 fraternitatis
755 1205 843 1244 quod
855 1205 945 1235 idem
960 1204 1075 1239 frater,
1086 1204 1262 1243 ingressus
1291 1230 1293 1243 ᾗ

249 1257 443 1297 hujusmodi
457 1261 619 1298 tempore,
636 1260 670 1289 in
685 1259 827 1289 ecclesia
841 1259 954 1288 sancte
967 1258 1071 1288 Marie
1088 1258 1127 1287 de
1139 1258 1260 1288 Soran-

250 1312 316 1347 nia,
349 1312 495 1343 diocesis
530 1313 739 1348 Parmensis,
769 1311 924 1347 habebat,
958 1311 1066 1341 eidem
1091 1311 1260 1341 Godoliuo

249 1365 407 1395 canonice
437 1366 580 1396 contulit
610 1366 744 1404 sibique
762 1365 909 1404 providit
930 1365 969 1394 de
991 1364 1049 1394 illo
1076 1364 1259 1403 ipsumque

248 1417 422 1448 investivit
452 1428 511 1458 per
538 1428 637 1449 suum
665 1419 803 1449 anulum
828 1419 867 1448 de
896 1418 1025 1452 eodem.
1050 1417 1258 1448 decernendo

248 1471 383 1501 irritum
401 1473 433 1502 et
446 1473 543 1502 inane
559 1473 587 1502 si
599 1481 696 1502 secus
712 1473 751 1502 de
766 1472 915 1510 predicto
931 1471 1126 1500 sauonicatu
1142 1480 1159 1500 a
1181 1479 1259 1509 quo-

247 1534 349 1563 quam
373 1525 581 1564 contingeret
603 1526 807 1564 attemptari,
834 1525 1010 1561 dictusque
1040 1524 1259 1562 predecessor
1288 1557 1290 1566 y

248 1578 336 1616 quod
356 1578 396 1608 ab
422 1579 538 1609 eodem
558 1579 832 1609 vicecancellario
855 1578 977 1608 factum
997 1578 1123 1610 extitit,
1147 1580 1257 1607 ratum

247 1632 373 1661 habeus
391 1634 420 1663 et
437 1635 581 1671 gratum.
601 1633 633 1662 id
654 1633 853 1663 auctoritate
875 1632 1060 1670 apostolica
1080 1632 1256 1661 confirma-

249 1685 305 1719 vit,
325 1694 361 1714 ac
379 1685 439 1715 tibi
462 1686 534 1715 suis
561 1686 653 1716 dedit
672 1686 795 1716 litteris
815 1686 846 1715 in
871 1685 1039 1715 mandatis
1060 1687 1092 1715 ut
1113 1685 1255 1715 eundem

246 1738 448 1769 (lodolinum
477 1740 515 1769 ad
543 1739 728 1777 predictum
752 1739 807 1778 jus
833 1739 1049 1769 canonicatus
1071 1747 1089 1768 a
1107 1738 1256 1776 capitulo

246 1792 396 1829 ejusdem
427 1793 568 1822 ecch—sio
593 1801 651 1831 per
668 1794 700 1823 te
718 1793 767 1822 vel
790 1801 849 1831 per
868 1793 972 1822 alium
992 1792 1094 1830 recipi
1116 1792 1255 1827 sacereS,

1287 1843 1288 1849 ¹
1314 1849 1362 1879 cis
1372 1849 1411 1879 de
1424 1850 1538 1888 aliquo
1548 1849 1787 1879 beneficiorum
1797 1850 1990 1887 hujusmodi
2003 1852 2139 1880 vacante
2150 1859 2208 1879 seu
2217 1850 2328 1888 primo

247 1844 378 1883 sibique
396 1845 433 1874 do
455 1846 623 1884 prelwuda
641 1855 704 1884 que
724 1846 756 1875 in
776 1846 848 1884 ipsa
863 1846 1003 1875 ecclesia
1022 1845 1172 1884 prodient)
1191 1845 1256 1874 fra-

247 1898 286 1927 tri
311 1898 429 1928 suisset
444 1899 567 1934 debita,
580 1899 606 1928 si
624 1899 886 1929 reimmsissctin
905 1899 1028 1933 seculo,
1043 1898 1252 1936 provideres,

246 1951 274 1980 si
293 1952 369 1981 tuuc
398 1952 533 1982 vacabat
558 1952 681 1982 ibidem
699 1952 749 1981 ve]
771 1952 1022 1990 quamprimum
1040 1952 1077 1981 ad
1105 1951 1136 1980 id
1161 1960 1253 1989 opor-

244 2004 372 2034 tunitas
398 2014 432 2032 se
452 2006 596 2039 oum-rot,
615 2005 877 2035 contradictores
896 2008 957 2034 etc.
978 2013 1083 2043 usque
1102 2013 1251 2042 compes-

244 2058 358 2087 cendo.
388 2058 524 2094 Verum,
546 2058 662 2088 eodem
682 2058 919 2097 predecessore
945 2060 1050 2087 morte
1081 2059 1252 2095 prevento,

244 2119 301 2149 per
323 2111 514 2149 hujusmodi
545 2111 675 2141 Iltteras
697 2111 812 2141 nullus
839 2111 973 2140 habitus
991 2113 1041 2140 est
1060 2119 1251 2149 processus.

243 2165 336 2195 Unde
356 2164 452 2194 uobis
464 2165 634 2203 predictus
647 2165 851 2195 (stultloliuus
864 2164 1036 2194 humiliter
1049 2163 1251 2202 supplicavit

241 2219 274 2247 ut
290 2218 464 2256 providere
475 2217 539 2247 sibi
552 2227 653 2256 super
663 2217 723 2247 hoc
733 2220 870 2256 paterna
881 2217 1108 2247 sollicitudine
1121 2224 1252 2247 curare-

240 2279 327 2300 mus.
347 2272 417 2301 Nos
441 2271 566 2309 itaque,
589 2271 801 2301 intendentes
819 2271 1006 2309 predisaum
1028 2270 1250 2300 [luidoliuum

239 2324 377 2362 speciali
411 2325 569 2363 prosequi
605 2325 713 2363 gratia
740 2326 771 2354 et
804 2325 930 2360 favore,
961 2324 1156 2353 discretioni
1194 2325 1249 2354 tue

238 2377 437 2407 mandamus
464 2378 623 2416 quatinus
647 2378 689 2408 ad
716 2378 941 2416 receptionem
967 2379 999 2407 et
1017 2377 1248 2415 provisionem
1280 2418 1281 2424 ἵ

237 2431 346 2469 ipsius
363 2431 403 2461 G.
426 2431 459 2460 in
478 2431 627 2470 predicta
645 2431 798 2466 ecclesia,
819 2431 846 2460 si
869 2439 933 2461 uon
951 2430 1140 2460 direximus
1158 2430 1192 2459 in
1209 2438 1247 2460 ea

236 2484 362 2522 scripta
378 2485 492 2514 nostra
522 2493 582 2522 pro
609 2484 689 2520 alio,
718 2493 776 2523 per
802 2486 833 2514 te
863 2484 915 2514 vel
940 2483 1045 2514 alium
1067 2483 1244 2522 procedas,

232 2537 328 2575 juxta
358 2538 583 2575 predictarum
615 2537 854 2568 continentiam
883 2537 1086 2567 litterarum.
1115 2537 1243 2566 Datum
1277 2520 1278 2546 ³

235 2590 323 2629 apud
340 2590 628 2625 Urbemveterem,
649 2591 746 2621 nouis
763 2590 852 2629 julii,
875 2599 961 2620 auno
980 2591 1093 2621 tertio.
1115 2600 1129 2617 1»

328 2762 420 2793 1903
788 2758 910 2786 Orvieto.
930 2759 964 2785 15
976 2758 1069 2794 juillet
1091 2759 1169 2785 1204.

267 2845 445 2879 Uispeusatio
455 2844 759 2879 superirregularitate
771 2843 957 2871 matrimonii,
970 2844 1046 2878 (Ilua.
1057 2845 1101 2875 29,
1115 2843 1163 2870 fol.
1178 2844 1238 2876 tao,

231 2899 261 2919 n⁰
277 2894 352 2927 953.)

1271 2888 1273 2909 l

1016 195 1259 228 REGISTRES
1285 195 1499 227 D'URBAIN
1529 195 1586 225 IV.

1367 292 1381 306 «
1399 278 1528 318 Eqirlio,
1541 278 1620 308 dicto
1637 279 1794 309 Crassins
1807 279 2021 314 demandam,
2035 279 2123 316 laico,
2140 280 2338 311 Tornacensis

1326 332 1462 362 diocesis.
1479 331 1626 363 Obtentu
1642 332 1756 362 dilecti
1774 333 1835 362 filii
1858 333 2012 368 Arnoldi,
2032 333 2198 372 capellani
2215 335 2334 371 nostri,

1325 385 1475 416 canonici
1493 385 1634 416 ecclesie
1649 394 1676 414 s.
1691 386 1830 416 Martini
1844 386 2023 425 Yprensis,
2043 387 2243 417 meritorum
2262 396 2336 418 suo-

1325 447 1400 469 rum
1426 438 1597 477 exigentia
1623 438 1691 468 cari
1712 438 1809 469 nobis
1827 439 2010 477 plurimum
2031 441 2063 469 et
2080 439 2217 478 accepti,
2242 440 2336 478 cujus

1325 491 1506 522 familiaris
1524 491 1658 526 existis,
1679 491 1830 521 volentes
1846 491 1906 521 tibi
1925 492 2067 530 gratiam
2085 492 2193 522 faeere
2211 493 2337 530 specia-

1324 544 1404 579 lem,
1430 546 1466 574 ut
1493 544 1527 573 in
1553 546 1723 574 contracto
1745 545 1962 574 matrimonio
1982 544 2070 574 inter
2086 547 2117 574 te
2134 553 2170 575 ac
2191 546 2335 579 Sartam.

1324 606 1465 628 uxorem
1483 599 1588 633 tuam,
1607 597 1749 636 possitis
1765 601 1800 628 tu
1815 599 1847 628 et
1865 598 1939 636 ipsa
1955 598 2046 628 licite
2063 606 2249 632 remanere,
2269 607 2335 629 non

1325 651 1478 680 obstante
1498 651 1586 689 quod
1610 659 1684 680 cum
1707 651 1876 689 quondam
1894 651 2030 690 Aelydi,
2049 651 2157 681 eidem
2176 652 2272 682 Sarte
2287 660 2337 682 se-

1323 704 1432 734 cundo
1457 704 1764 742 consanguinitatis
1789 704 1894 742 gradu
1922 704 2110 743 conjuncta.
2136 705 2335 744 priusquam

1324 757 1433 796 ipsam
1456 758 1489 786 S.
1516 756 1577 787 tibi
1603 757 1901 787 matrimonialiter
1922 757 2130 795 copulasses,
2149 758 2333 796 sponsalia,

1324 812 1360 840 ut
1376 810 1738 846 asseriS‚contraxisti‚
1755 810 1848 840 nulla
1864 810 1991 840 carnali
2004 810 2124 850 copula
2141 810 2332 848 subsecuta,

1322 863 1385 894 tibi
1411 864 1610 894 auctoritate
1631 864 1839 902 presentium
1860 864 1900 893 de
1918 863 2125 903 benignitate
2149 864 2335 903 apostolica

1324 916 1550 955 indulgemus.
1568 916 1662 946 Nulli
1675 925 1753 955 ergo
1766 919 1880 947 nostre
1897 917 2127 947 concessionis
2137 921 2198 947 etc.
2209 917 2334 948 Datum

1324 970 1412 1008 apud
1427 969 1718 1006 Urbemveterem,
1736 970 1813 1001 idus
1834 970 1924 1009 Julii‚
1943 979 2029 1001 anno
2043 971 2155 1001 tertio.
2177 980 2193 999 »

1412 1139 1426 1168 Ι
1435 1138 1506 1168 9014
1891 1136 2015 1167 Orvicto,
2033 1139 2048 1163 7
2064 1136 2159 1172 juillet
2180 1137 2261 1164 1264.

1355 1221 1540 1254 Prtvilegium
1557 1221 1590 1247 de
1606 1221 1752 1247 beneficiis
1763 1222 1797 1247 ad
1809 1221 1993 1248 collationem
2004 1222 2170 1249 monasterii
2180 1222 2207 1249 b.
2219 1222 2325 1249 Mariae

1318 1270 1351 1296 de
1372 1270 1828 1303 Bolonin-supra-111are‚‘ordinis
1847 1279 1870 1297 s.
1894 1271 2057 1305 Augustini,
2077 1271 2248 1298 Morinensis
2269 1272 2331 1298 dio·

1317 1319 1403 1347 cesis,
1421 1318 1627 1352 spectantibus.
1645 1319 1724 1351 (neo.
1741 1319 1785 1350 29,
1802 1318 1850 1346 fol.
1870 1320 1930 1350 196,
1948 1325 1977 1345 11ο
1992 1319 2069 1354 954,)

1358 1433 1372 1451 (1
1402 1421 1516 1451 ,lblmli
1537 1427 1564 1451 e!
1590 1423 1757 1451 conventui
1775 1423 1952 1452 monasterii
1978 1422 2005 1452 Ι).
2025 1423 2123 1452 Marie
2139 1422 2175 1453 de
2196 1423 2330 1453 Bolom'a

1316 1485 1410 1515 supra
1423 1486 1514 1511 mare,
1528 1475 1645 1504 ordinis
1654 1486 1677 1504 s.
1694 1476 1873 1515 ,sluyuslinQ
1888 1475 2067 1505 Morinensis
2080 1475 2217 1506 diocesis.
2233 1477 2330 1514 Cum,

1317 1529 1403 1559 sicut
1430 1530 1548 1568 petitio
1577 1529 1674 1559 nobis
1700 1529 1847 1559 exhibita
1867 1529 2072 1564 continebat,
2097 1538 2199 1569 super
2216 1531 2331 1569 provi-

1316 1582 1411 1612 sione
1428 1582 1581 1612 facienda
1593 1582 1750 1621 pluribus
1764 1583 1896 1612 clericis
1908 1583 1947 1613 de
1963 1582 2138 1613 beneticiis
2155 1583 2331 1614 ecclesias-

1314 1635 1392 1666 ticis
1406 1636 1447 1666 ad
1464 1636 1679 1666 collationem
1698 1639 1846 1666 vestram
1867 1636 2110 1675 spectantibus,
2129 1636 2205 1667 licet
2223 1645 2330 1675 pauca

1288 1692 1289 1703 ¹
1314 1688 1477 1724 habeatis,
1505 1689 1603 1719 vobis
1622 1689 1850 1719 direxerimus
1866 1690 1992 1728 scripta
2010 1692 2137 1723 nostra,
2162 1698 2235 1726 nos,
2252 1699 2329 1720 ves—

1287 1742 1288 1745 ’
1314 1742 1377 1772 tris
1404 1742 1710 1782 supplicationibus
1734 1743 1898 1779 inclinati,
1920 1743 2119 1773 auctoritate
2138 1742 2235 1773 vobis
2253 1751 2331 1782 pre-

1315 1796 1460 1826 sentium
1482 1797 1698 1835 indulgemus
1724 1799 1772 1833 ut,
1792 1799 1972 1835 postquam
1994 1796 2051 1825 uni
2068 1805 2109 1826 ex
2129 1796 2215 1835 ipsis
2232 1796 2329 1827 cleri—

1315 1906 1474 1933 vacaturo
1485 1903 1666 1934 duxeritis.
1684 1904 1781 1941 ¹iuxta
1794 1904 1988 1933 mandatum
2001 1904 2240 1942 apostolicum,
2250 1913 2327 1942 pro-

1314 1956 1509 1991 videndum,
1533 1957 1574 1986 ad
1593 1958 1820 1995 provisionem
1848 1957 1989 1987 alterius
2008 1966 2066 1987 seu
2087 1957 2230 1987 aliorum
2259 1966 2324 1987 non

1313 2010 1495 2039 teneamini
1514 2010 1714 2048 perlitteras
1729 2010 1933 2049 apostolicas
1948 2019 2012 2039 non
2029 2010 2191 2040 facientes
2207 2011 2247 2040 de
2264 2010 2324 2041 hac

1315 2062 1525 2101 indulgentia
1543 2063 1760 2093 mentionem.
1778 2063 1848 2093 Nos
1865 2063 1953 2092 enim
1972 2063 2172 2099 sententias,
2192 2064 2220 2093 si
2239 2073 2323 2102 quas

1313 2115 1346 2144 in
1365 2124 1425 2145 vos
1449 2115 1501 2145 vel
1535 2118 1684 2145 vestrum
1712 2116 1871 2154 aliquem.
1906 2117 2080 2146 occasione
2113 2116 2320 2155 hujusmodi,

1311 2170 1425 2198 contra
1439 2168 1670 2198 concessionis
1688 2169 1881 2207 hujusmodi
1898 2171 2060 2199 tenorem.
2076 2169 2155 2199 ferri
2178 2170 2324 2210 contige-

1310 2222 1365 2256 rit,
1390 2222 1504 2252 irritas
1528 2222 1745 2252 decernimus
1763 2224 1792 2252 et
1814 2222 1942 2252 inanes.
1969 2223 2063 2253 Nulli
2089 2232 2166 2262 ergo
2186 2241 2232 2252 —.
2255 2224 2322 2254 Da-

1310 2276 1380 2304 tum
1400 2276 1487 2313 apud
1503 2275 1793 2310 Urbemvcterem.
1811 2276 1908 2305 nouis
1920 2276 2010 2314 julii,
2031 2285 2117 2306 aimo
2135 2277 2246 2307 tertio.
2266 2287 2281 2305 n

1396 2440 1492 2471 1905
1528 2433 1530 2435 ’
1883 2439 2007 2465 ervit-10.
2026 2441 2042 2465 c
2053 2438 2147 2474 juiuet
2172 2439 2249 2466 1264.

1339 2522 1560 2557 Archicpiseopo
1575 2522 1737 2550 Coloniensi
1759 2522 1865 2550 inhibet
1882 2531 1915 2549 ue
1938 2523 2134 2550 llermauuum
2153 2524 2318 2555 diaconum.

1302 2573 1444 2599 decanum
1457 2571 1597 2598 ecelesiae
1613 2571 1640 2597 in
1659 2571 1742 2603 Ot'tla,
1761 2571 1940 2598 Coloniensis
1957 2572 2090 2603 diocesis,
2104 2573 2138 2599 ad
2155 2572 2318 2607 suscipien-

1301 2622 1369 2648 dum
1385 2620 1591 2654 sacerdotium,
1611 2622 1696 2655 prout
1709 2620 1836 2647 osticium
1852 2620 1941 2654 ipsius
1960 2621 2088 2656 requirit,
2106 2621 2197 2648 donee
2213 2621 2316 2656 pristi-

1301 2677 1353 2696 nae
1370 2669 1503 2703 sospitati
1518 2669 1699 2702 restituatur.
1715 2672 1808 2704 cogat.
1825 2670 1904 2704 (Rue.
1920 2671 1963 2700 29,
1978 2669 2026 2697 fol.
2047 2671 2096 2697 195
2108 2676 2145 2703 ν’,
2157 2675 2187 2696 11ο
2201 2671 2281 2702 955.)

1341 2783 1355 2802 ((
1370 2774 1609 2814 .›l›¹cl11'episc0po
1627 2774 1813 2805 Coloniensi.
1828 2775 1879 2804 Ex
1892 2776 1987 2813 parte
2000 2774 2112 2804 dilecti
2127 2791 2175 2803 —-.
2190 2774 2313 2804 Datum

1299 2827 1386 2865 apud
1406 2827 1694 2865 Urbemveterem,
1714 2837 1735 2857 11
1755 2836 1860 2858 nonas
1874 2827 1964 2866 julii,
1983 2836 2070 2858 anuo
2088 2827 2197 2858 tertio.
2218 2837 2233 2856 »
