2519 3262
264 264 303 294 60
969 261 1047 291 LEs
1070 259 1313 292 REGISTRES
1335 259 1549 290 D'URBAIN
1574 260 1631 290 IV.

266 354 381 385 eedem
409 354 588 385 obtinende
619 354 752 392 plenam
778 354 810 383 et
835 361 1032 391 expressam
1065 351 1204 382 fecerint
1232 351 1272 381 de

267 407 481 446 presentibus
493 407 710 437 mentionem.
730 406 835 444 [Nulli
849 414 925 445 ergo
936 405 1071 436 omnino
1084 404 1272 443 hominum]

267 460 365 491 liceat
383 461 467 490 hanc
494 460 647 499 paginam
667 462 779 490 nostre
804 459 1034 489 concessionis
1056 460 1088 488 et
1113 458 1274 487 constitu-

267 514 369 544 tionis
387 513 568 551 infringere
587 513 637 543 vel
658 513 686 543 ei
710 521 794 542 ausu
809 512 989 542 temerario
1011 511 1216 548 contralire}
1237 511 1272 541 Si

266 566 342 605 quis
359 584 407 594 —.
433 567 555 596 Datum
574 566 661 604 apud
677 565 964 601 Urbemveterem,
985 574 1029 594 xv
1051 563 1212 593 kalendas
1225 563 1275 602 ju-

266 619 315 654 lii,
334 619 547 658 pontificatus
565 619 671 649 nostri
689 627 775 649 anno
793 619 938 649 secundo
958 619 978 646 ¹.
998 628 1012 645 η

355 777 452 808 2954
858 774 980 806 Orvieto,
998 775 1032 801 26·
1042 774 1104 809 juin
1121 774 1198 801 1263.

299 860 441 887 Decanum
460 859 669 895 Figiacensein,
685 858 866 885 (Iutnrccnsis
883 858 1017 891 diocesis,
1038 860 1271 884 conservatorem

263 908 478 943 privilegiorum
507 911 535 935 et
560 909 697 935 honorum
721 908 840 935 Militiae
863 907 972 942 Templi
997 907 1025 934 in
1053 907 1204 934 Provincia
1222 914 1272 941 per

263 956 489 990 quinquennium
505 955 662 982 constituit.
679 956 776 987 (Auen.
794 963 870 981 osta
888 955 1156 986 lisura-Gnosis&
1170 962 1186 980 u
1199 954 1270 987 loe.)

304 1065 318 1081 (ι
341 1053 482 1083 Urbanus
506 1053 673 1093 episcopus,
690 1062 790 1082 servus
815 1061 970 1082 servorum
990 1050 1057 1085 Dei,
1073 1049 1181 1080 dilecto
1202 1049 1270 1088 lilio

263 1106 374 1137 decano
400 1107 581 1145 FiqMcensi,
602 1106 795 1136 Caturcensis
811 1104 948 1141 diocesis,
964 1103 1090 1133 salutem
1107 1109 1132 1133 ec
1150 1107 1269 1142 aposto·

262 1159 350 1189 licam
369 1160 611 1190 benedictionem.
632 1160 780 1198 Dignum
797 1167 871 1188 esse
889 1157 1118 1196 conspicimus
1136 1174 1182 1185 —.
1203 1156 1270 1187 Da—

260 1214 333 1243 tum
350 1213 437 1251 apud
457 1212 744 1248 Urbemveterem,
760 1221 790 1241 vx
811 1211 974 1242 kalendas
991 1210 1080 1248 julii,
1096 1209 1270 1248 pontifica-

260 1267 316 1296 tus
334 1266 439 1296 nostri
458 1275 544 1296 anno
559 1265 704 1295 ses-undo
724 1269 746 1295 2.
766 1274 782 1293 ›)

351 1426 448 1458 2955
846 1421 969 1451 Orvieto,
988 1423 1022 1448 26
1035 1420 1097 1456 juin
1121 1420 1197 1447 1:203.

296 1511 435 1537 Abbatcm
454 1518 477 1535 s.
498 1508 600 1543 ligiam
616 1507 725 1534 ordinis
740 1516 763 1534 s.
783 1506 940 1536 Benedicti,
956 1504 1160 1532 Nemausensis
1176 1504 1270 1531 dioce—

260 1560 310 1591 sis,
334 1560 568 1585 conservatorem
586 1555 802 1591 privilegiorum
821 1558 849 1582 et
868 1555 1007 1582 bonorum
1025 1554 1142 1581 Militiae
1157 1552 1269 1588 Templi

259 1609 287 1636 in
302 1607 450 1635 Provincia
463 1615 512 1641 per
526 1605 750 1640 quinquennium
769 1604 929 1631 constituit.
947 1606 1043 1639 (Auen.
1058 1612 1093 1630 niz
1105 1610 1138 1630 LA
1155 1603 1269 1630 utun:-

258 1658 405 1689 GAnoxns,
418 1665 433 1682 ιι
452 1656 526 1686 100.)

299 1764 314 1783 (ι
337 1752 477 1783 Urbanus
495 1752 663 1792 episcopm,
680 1760 781 1780 servits
806 1759 958 1780 serrorum
980 1749 1043 1785 Dei,
1067 1748 1177 1778 dilecto
1200 1748 1268 1788 filio

259 1807 362 1837 abbati
374 1817 397 1836 s.
414 1805 534 1845 Eqidii,
552 1805 665 1834 ordinis
681 1814 704 1833 s.
719 1803 888 1838 Benedicti,
904 1802 1113 1832 iW'emausensis
1131 1801 1267 1836 diocesis,

257 1860 384 1890 salutem
399 1865 425 1889 et
442 1858 639 1899 apostolicam
653 1857 900 1887 benedictionem.
918 1856 1063 1895 Dignum
1080 1864 1155 1885 esse
1173 1863 1266 1885 cons·

258 1913 404 1952 picimus
420 1931 470 1942 —.
490 1913 612 1942 Datum
640 1911 727 1950 apud
749 1910 1037 1944 Urbemveterem,
1055 1917 1086 1938 vi
1104 1908 1267 1938 kalendas

254 1966 343 2005 julii,
362 1965 576 2004 pontificatus
595 1964 700 1994 nostri
719 1972 805 1993 anno
823 1963 981 1993 secundo.
1002 1972 1016 1991 ι)
1038 1961 1165 2001 (Bulle.)

846 2121 969 2153 tlrvieto,
989 2122 1021 2148 29
1036 2121 1097 2156 juin
1117 2121 1193 2147 1203.

348 2127 445 2158 295ss

293 2209 449 2244 Eugubinis
466 2208 595 2242 indulget
611 2210 640 2234 nt
657 2210 736 2234 extra
754 2205 931 2241 Eugubinam
949 2204 1085 2231 diocesim
1104 2204 1131 2231 in
1148 2212 1264 2230 causam

256 2258 367 2285 evocari
387 2266 435 2292 per
458 2256 614 2284 triennium
636 2264 691 2282 non
708 2254 829 2290 possint.
855 2255 952 2289 (Aaou.
970 2260 1071 2280 nexio.
1096 2260 1130 2279 nn
1147 2254 1264 2283 Granio,

256 2307 338 2334 Libro
354 2315 428 2334 rosso
445 2308 464 2337 ³,
483 2305 527 2332 sol.
548 2305 581 2333 43
597 2304 649 2339 v0.)

295 2414 310 2434 u
330 2403 468 2433 Urbanus
484 2403 648 2442 episcopus,
661 2411 763 2431 seruus
777 2410 930 2430 servorum
944 2399 1008 2435 Dei,
1027 2398 1145 2428 dilectis
1153 2398 1227 2438 filiis
1237 2423 1242 2428 .
1254 2421 1260 2427 .

249 2456 405 2498 potestati,
419 2483 424 2488 ,
441 2480 447 2486 .
461 2456 630 2496 capitaneo,
648 2454 772 2484 consilio
788 2458 815 2484 et
827 2453 977 2483 communi
989 2452 1174 2491 Euyubinis,
1188 2452 1261 2491 fide-

254 2510 331 2540 libus
354 2510 475 2545 nostris,
493 2508 618 2539 salutem
632 2512 659 2538 et
676 2507 873 2548 apostolicam
892 2506 1137 2537 benedictionem.
1154 2505 1262 2536 Devo-

252 2564 356 2594 tionis
379 2565 411 2593 et
436 2563 514 2593 fidei
545 2563 656 2592 vestre
686 2560 806 2591 merIta
833 2560 970 2599 quibus,
987 2559 1053 2589 hiis
1081 2558 1261 2598 presertim

253 2616 384 2653 diebus,
406 2615 587 2655 apostolice
613 2614 686 2645 sedi
709 2615 823 2653 gratos
850 2622 910 2644 vos
929 2612 1126 2644 reddidistis
1145 2612 1260 2642 multi-

252 2669 385 2709 pliciter
403 2672 435 2699 et
460 2670 624 2706 acceptos,
644 2676 704 2706 pro
736 2666 832 2697 vobis
863 2666 952 2705 apud
973 2666 1112 2697 eandem
1145 2665 1259 2696 sedem

285 2783 305 2805 l.
321 2780 451 2805 Vidimus
477 2787 528 2811 par
554 2778 701 2810 Raymond
726 2778 763 2802 du
789 2777 900 2808 Fauga,
922 2777 1030 2808 eveque
1049 2777 1081 2801 dc
1106 2776 1259 2802 Toulouse.

250 2825 314 2850 <late
329 2825 361 2849 de
380 2825 440 2848 1266
457 2827 483 2848 et
501 2824 578 2848 muni
596 2823 628 2847 de
646 2829 696 2846 son
711 2829 808 2847 sceau.

281 2871 303 2894 2.
321 2870 420 2894 Restes
434 2868 482 2892 des
502 2868 561 2892 lars
573 2868 606 2891 de
623 2867 681 2891 soie
699 2867 785 2898 jaune
803 2869 829 2890 et
844 2872 930 2896 rouge
943 2865 976 2890 de
993 2865 1021 2889 la
1035 2865 1122 2889 bulle.

280 2915 303 2938 3.
317 2914 404 2945 Copia
430 2920 550 2944 presque
572 2911 803 2942 conteinporaine
821 2910 992 2942 puisqu'elle
1015 2913 1056 2934 est
1078 2909 1158 2934 datae
1175 2909 1212 2933 du
1232 2910 1257 2933 14

248 2958 399 2982 novembro
418 2958 486 2982 1263.

1331 350 1413 380 adeo
1436 350 1618 381 efficaciter
1643 351 1861 390 interpellant
1887 351 1976 390 quod
2005 360 2065 381 nos
2084 352 2338 391 apetitionibus

1330 403 1453 433 vestris
1482 404 1634 434 auditum
1654 405 1806 434 avertere
1832 406 2053 442 nequeuntes,
2078 405 2222 435 libenter
2248 406 2339 442 idas,

1330 458 1493 495 quantum
1521 465 1596 486 cum
1620 457 1691 487 Deo
1724 465 1918 495 possumus.
1947 457 2179 488 favorabiliter
2203 458 2340 488 exaudi-

1330 518 1416 540 mus.
1432 510 1564 540 Vestris
1579 510 1682 549 igitur
1692 509 2000 549 supplicationibus
2013 510 2178 545 inclinati,
2193 513 2230 542 ut
2245 514 2341 542 extra

1329 562 1500 593 civitatem
1528 563 1580 593 vel
1602 563 1765 593 diocesim
1785 562 2009 602 Eugubinam,
2031 571 2090 601 per
2111 564 2243 594 litteras
2270 572 2342 603 pre-

1329 615 1417 646 dicte
1445 617 1537 646 sedis
1565 616 1765 655 impetratas
1792 615 1965 649 hactenus,
1991 616 2173 646 dummodo
2201 625 2268 647 non
2298 616 2343 647 sit

1329 677 1444 699 earum
1465 669 1663 699 anctoritate
1679 678 1887 708 processum,
1905 669 1957 700 vel
1975 670 2205 709 impetrandas
2218 671 2342 709 impos-

1329 723 1452 759 terum,
1478 723 1544 752 nisi
1572 722 1687 753 eedem
1704 723 1913 761 impetrande
1933 722 2066 760 plenam
2085 724 2115 752 et
2143 731 2341 761 expressam

1330 774 1468 805 fecerint
1486 775 1526 806 de
1551 775 1682 806 indulto
1701 775 1893 815 hujusmodi
1913 775 2132 808 mentionem.
2150 776 2183 806 in
2205 784 2341 806 causam

1329 828 1416 858 trahi
1430 828 1482 859 vel
1499 829 1631 859 evocari
1647 828 1878 867 adJudicium‚
1890 837 1998 868 usque
2012 829 2051 859 ad
2063 829 2261 865 triennium,
2276 836 2342 858 non

1329 882 1482 920 possitis,
1513 882 1713 912 auctoritate
1747 880 1844 912 vobis
1876 882 2088 920 presentium
2115 882 2340 921 indulgemus.

1328 934 1424 965 Nulli
1442 943 1520 974 ergo
1546 952 1594 965 —.
1611 935 1732 965 Datum
1752 935 1840 974 apud
1858 933 2148 970 Urbemveterem,
2170 945 2204 964 ιιι
2224 934 2340 965 kalen-

1329 988 1389 1018 das
1402 988 1491 1026 julii,
1510 988 1725 1026 pontificatus
1743 988 1849 1018 nostri
1868 997 1954 1018 anno
1974 988 2130 1018 secundo.
2151 998 2167 1016 »

1418 1137 1514 1168 2957
1919 1136 2043 1168 Orvieto,
2060 1138 2093 1164 29
2108 1137 2170 1171 juin
2192 1137 2270 1164 1263.

1365 1220 1510 1247 Universis
1524 1220 1713 1247 ecelesiarum
1730 1220 1866 1254 praelatis
1876 1221 1995 1247 mandat
2012 1224 2041 1247 ut
2055 1220 2261 1255 parrochianos
2274 1229 2340 1248 suos

1327 1269 1510 1303 presbyteros
1545 1270 1573 1294 et
1603 1267 1690 1295 laicos
1721 1268 1882 1302 impediant
1908 1270 2061 1303 quominus
2088 1269 2192 1296 fratres
2221 1269 2341 1296 Militiae

1328 1318 1439 1351 Templi
1458 1316 1694 1352 Jerosolyinitani
1716 1317 1802 1344 certis
1820 1317 2013 1345 exactionibus
2029 1321 2054 1344 et
2071 1318 2215 1345 molestiis
2233 1326 2343 1353 aggra—

1327 1369 1405 1393 vent.
1424 1366 1905 1401 (Aaou.nas130ecmzs-1m-[iaoxr.,
1919 1366 2000 1393 fonds
2010 1368 2046 1394 du
2056 1367 2184 1402 Temple,
2201 1367 2287 1394 liasse
2299 1367 2339 1400 ὅ.)

1368 1470 1382 1487 ι(
1406 1459 1548 1488 Urbanus
1564 1459 1731 1498 episcopus,
1748 1469 1850 1488 seruus
1865 1469 2019 1489 serrorum
2039 1459 2106 1496 Dei,
2121 1459 2341 1489 venerabilibus

1326 1512 1478 1551 fratribus
1492 1512 1729 1552 archiepiscopis
1745 1517 1772 1541 et
1791 1513 1950 1552 episcopis,
1971 1517 1998 1541 et
2020 1512 2139 1542 dilectis
2160 1512 2236 1552 filiis
2251 1511 2340 1542 abba-

1328 1565 1417 1601 tibus,
1431 1565 1595 1605 prioribus,
1611 1565 1745 1601 decanis,
1769 1565 1993 1595 archidiaconis
2009 1571 2036 1595 et
2062 1565 2134 1595 aliis
2148 1565 2341 1596 ecclesiarum

1324 1618 1452 1658 prelatis
1470 1619 1510 1649 ad
1534 1628 1607 1658 quos
1623 1618 1723 1648 littere
1738 1619 1792 1648 iste
1807 1620 2014 1658 pervenerint,
2031 1618 2158 1649 salutem
2176 1624 2203 1649 et
2218 1624 2342 1659 aposto·

1328 1672 1416 1702 licam
1446 1672 1692 1702 benedictionem.
1721 1672 1915 1711 Religiosos
1950 1673 2042 1703 viros
2074 1673 2195 1703 fratres
2217 1672 2341 1704 Militie

1328 1726 1473 1764 Templi,
1494 1734 1553 1764 pro
1571 1725 1734 1763 religione
1752 1728 1783 1756 et
1802 1725 1976 1756 honestate
1998 1735 2071 1761 sua,
2088 1728 2180 1756 tanto
2198 1734 2341 1765 propen-

1327 1780 1401 1809 sius
1429 1788 1447 1808 a
1463 1779 1688 1817 malignorum
1714 1778 1909 1809 incursibus
1930 1781 2102 1818 protegere
2122 1778 2280 1809 volumus
2307 1779 2340 1809 et

1327 1832 1414 1863 tueri
1440 1834 1566 1871 quanto
1594 1832 1767 1870 puriorem
1794 1832 2007 1863 devotionem
2027 1832 2115 1862 circa
2139 1840 2199 1862 nos
2215 1834 2247 1862 et
2274 1832 2340 1863 Ro-

1328 1894 1461 1915 manam
1488 1885 1666 1915 ecclesiam
1694 1884 1816 1915 habere
1842 1888 2036 1915 noscuntur.
2068 1885 2147 1915 Inde
2174 1886 2225 1915 est
2251 1884 2339 1923 quod

1326 1938 1434 1974 vobis,
1461 1939 1501 1968 ad
1527 1939 1635 1968 instar
1659 1938 1770 1968 felicis
1797 1939 2041 1968 recordationis
2067 1938 2220 1976 Gregorii
2240 1945 2337 1976 pape,

1327 1991 1580 2030 predecessoris
1614 1993 1730 2027 nostri,
1764 1999 1823 2029 per
1857 1991 2043 2030 apostolica
2072 1991 2198 2029 scripta
2229 1990 2339 2029 preci-

1325 2044 1448 2084 piendo
1474 2043 1675 2074 mandamus
1692 2043 1853 2082 quatinus
1875 2043 2108 2082 parrochianis
2127 2044 2250 2074 vestris
2266 2044 2340 2074 uni—

1325 2097 1446 2133 versis,
1465 2096 1527 2127 sul)
1547 2097 1821 2127 interminatione
1838 2097 2074 2132 anathematis,
2093 2096 2270 2136 prohibere
2287 2105 2339 2127 cu-

1326 2150 1407 2180 retis
1426 2159 1466 2180 ne
1494 2159 1511 2179 a
1532 2150 1672 2188 prefatis
1693 2149 1854 2180 fratribus
1880 2150 1932 2180 vel
1950 2159 2066 2180 eorum
2083 2149 2279 2180 hominibus
2298 2150 2338 2181 de

1324 2203 1540 2238 victualibus,
1559 2203 1783 2237 vestimentis,
1803 2202 1990 2242 pecudibus
2005 2212 2063 2233 sen
2083 2203 2122 2233 de
2140 2203 2218 2233 aliis
2237 2202 2338 2234 rebus

1324 2256 1519 2286 eorumdem
1541 2255 1681 2285 fratrum
1705 2255 1824 2285 usibus
1847 2256 2031 2294 deputatis,
2050 2256 2243 2295 pedagium,
2263 2264 2337 2286 ren-

1323 2309 1410 2345 dam,
1446 2308 1656 2347 passagium,
1688 2309 1883 2347 caucagium
1916 2318 1976 2339 seu
2015 2309 2116 2339 aliam
2149 2308 2338 2348 quamlibet

1323 2361 1601 2392 consuetudinem
1628 2361 1763 2400 exigere
1782 2362 1833 2392 vel
1854 2363 2056 2400 extorquere
2073 2363 2283 2400 presumant.
2300 2361 2336 2393 Si

1322 2415 1378 2453 qui
1399 2416 1510 2445 autem
1537 2416 1652 2444 contra
1669 2413 1931 2452 prohibitionem
1952 2416 2100 2445 vestram
2125 2414 2240 2445 venire
2262 2422 2337 2454 pre·

1321 2468 1542 2507 sumpserint,
1567 2476 1625 2497 eos
1644 2476 1662 2497 a
1682 2467 1937 2506 presumptione
1959 2476 2031 2504 sua,
2049 2468 2234 2498 monitione
2260 2476 2335 2507 pre-

1320 2521 1439 2555 missa,
1463 2530 1527 2551 non
1546 2520 1711 2551 differatis
1735 2528 1794 2558 per
1818 2520 2180 2551 excommunicationis
2204 2522 2335 2552 senten-

1319 2573 1399 2604 tiam
1421 2573 1597 2604 cohercere
1629 2575 1660 2604 et
1688 2574 1722 2604 in
1746 2574 1847 2604 terris
1869 2582 1997 2610 eorum,
2029 2574 2058 2603 si
2086 2582 2172 2613 quas
2198 2572 2332 2611 habent,

1319 2627 1433 2658 onmia
1449 2627 1574 2661 divina,
1590 2628 1701 2665 preter
1717 2626 1888 2666 baptisma
1902 2626 2122 2666 parvulorum
2136 2628 2167 2657 et
2184 2627 2335 2666 peniten-

1317 2680 1383 2711 tias
1394 2680 1621 2716 morientium‚
1634 2679 1822 2718 prohibere.
1835 2680 2060 2718 appellatione
2072 2681 2212 2716 remota,
2222 2679 2334 2711 officia

1317 2733 1492 2764 celebrari.
1504 2733 1555 2764 Ad
1573 2733 1643 2769 hec,
1659 2733 1748 2772 quia,
1763 2733 1851 2763 sicut
1860 2733 2001 2772 predicti
2022 2733 2145 2763 fratres
2161 2734 2330 2769 asserunt,

1317 2786 1454 2825 quidam
1479 2785 1659 2824 presbiteri
1679 2787 1710 2816 et
1730 2785 1788 2816 alii
1813 2785 1927 2816 cleriei
1945 2787 2056 2816 vestre
2081 2785 2333 2824 jurisdictionis

1316 2839 1350 2869 in
1364 2838 1528 2874 ecclesiis,
1548 2847 1612 2877 qne
1633 2847 1692 2878 pro
1710 2837 1908 2869 excessibus
1928 2838 1961 2868 in
1984 2838 2146 2868 damnum
2164 2838 2331 2877 predicto-

1316 2901 1390 2922 rum
1401 2892 1542 2922 fratrum
1553 2892 1759 2928 commissis,
1772 2891 1834 2922 suh
1845 2891 2023 2922 interdicto
2033 2893 2199 2927 tenentur,
2213 2891 2329 2922 divina

1315 2945 1425 2976 officia
1439 2945 1607 2976 celebrare
1625 2946 1836 2984 presumunt,
1853 2953 1923 2981 eos,
1943 2944 1972 2974 si
1989 2953 2044 2975 res
2062 2945 2108 2975 ita
2125 2953 2161 2975 se
2177 2944 2290 2979 habet,
2310 2952 2328 2975 a
