2519 3262
1035 182 1275 221 TROISIEME
1302 185 1466 222 ANNEE.

304 273 320 303 1
327 273 400 304 620

816 273 942 302 Ori-icto.
961 273 978 299 4
996 273 1054 300 mai
1073 273 1151 300 1264.

246 356 331 382 Petro
347 356 381 382 de
403 356 501 388 sselna,
516 358 666 392 capellano
677 357 846 392 apostolico,
864 358 1065 384 canonicatum
1085 357 1224 384 ecclesiae

213 405 399 432 Carnotensis
417 406 537 433 confert.
559 407 637 433 ‹RE-0.
658 407 702 436 29,
722 406 768 433 fol.
790 407 848 436 100,
867 412 896 432 11ο
913 406 987 438 670.)

252 522 266 540 «
293 512 383 541 Petro
402 512 438 542 de
460 512 565 548 Belua,
583 513 742 553 capellano
767 517 879 543 nostro.
905 513 1068 543 Indecens
1091 514 1123 543 et
1141 522 1224 552 quo-

212 565 390 595 dammodo
418 566 567 596 alienum
586 575 604 596 a
628 567 781 596 caritatis
803 566 913 596 officio
936 566 1068 596 videtur
1093 566 1122 596 si
1148 575 1222 601 nos,

213 619 269 657 qui
287 619 460 649 extraneis
477 621 507 649 et
526 620 652 658 ignotis
668 619 701 649 in
719 619 926 658 provisionis
939 619 1048 657 gratia
1064 619 1224 650 liberales

212 672 407 708 existimus,
433 672 499 702 hiis
527 673 596 711 qui,
622 673 736 711 preter
755 672 788 702 id
814 672 903 711 quod
929 672 1027 702 nobis
1055 672 1224 711 conjuncti

213 725 505 763 consanguinitate
516 726 684 761 dicuntur,
702 725 876 764 obsequiis
887 726 1023 756 assidue
1041 726 1224 756 immoran-

213 780 280 812 tur,
308 778 490 816 apostolice
513 778 743 808 munificentie
769 778 944 808 dexteram
975 778 1222 809 clauderemus.

214 832 297 862 Cum
316 831 420 869 igitur
438 831 605 861 naturalis
630 840 719 861 nexu
737 831 1002 861 necessitudinis
1020 831 1118 862 nobis
1132 833 1226 871 junc-

213 885 268 914 tus
303 892 377 914 esse
410 884 535 914 dicaris
569 884 764 923 nostrisque
796 884 970 923 obsequiis
1007 885 1226 915 laudabiliter

212 937 420 971 immoreris,
451 945 525 971 nos,
556 937 828 968 consideratione
849 938 1055 976 hujusmodi,
1073 938 1225 969 volentes

213 998 292 1028 erga
315 991 440 1021 statum
464 991 561 1020 tuum
582 991 730 1029 gratiose
756 990 975 1021 liberalitatis
995 991 1228 1022 munificentia

211 1043 402 1082 providere,
428 1044 662 1074 canonicatum
685 1044 903 1075 Carnotensis
925 1045 1066 1075 ecclesie
1094 1054 1130 1075 ac
1154 1054 1228 1084 pre-

211 1095 370 1133 bendam,
389 1097 418 1126 si
439 1105 505 1135 qua
527 1097 562 1127 in
584 1106 622 1127 ea
646 1098 739 1127 vacat
757 1098 797 1128 ad
818 1107 971 1136 presens,
989 1107 1064 1128 cum
1082 1098 1228 1137 plenitu-

213 1150 290 1179 dine
304 1150 392 1189 juris
406 1150 571 1186 canonici,
593 1150 656 1180 tibi
674 1150 881 1181 conferimus
901 1153 933 1181 et
950 1151 1169 1190 providemus
1187 1153 1228 1182 de

212 1203 299 1241 ipsis
320 1204 419 1242 teque
438 1212 498 1241 per
521 1205 673 1234 nostrum
699 1204 836 1234 anulum
861 1204 1082 1240 investimus3
1100 1206 1129 1235 si
1148 1214 1227 1236 vero

214 1256 309 1286 nulla
326 1255 372 1286 ibi
389 1256 560 1295 prebenda
578 1259 671 1287 vacat
690 1258 731 1287 ad
748 1266 900 1296 presens,
918 1258 1076 1296 proximo
1092 1260 1226 1288 vacatu-

214 1318 298 1346 ram,
319 1309 556 1340 conferendam
572 1310 634 1340 tibi
650 1311 823 1341 donationi
838 1311 1035 1350 apostolice,
1055 1320 1226 1342 reservan-

214 1365 278 1397 tes,
299 1362 512 1393 decernimus
535 1372 576 1393 ex
594 1365 672 1394 tunc
690 1364 825 1394 irritum
845 1366 876 1395 et
898 1365 996 1395 inane
1019 1365 1047 1395 si
1073 1374 1170 1395 secus
1189 1366 1227 1396 de

215 1416 301 1457 ipsa,
315 1416 501 1455 apostolica
521 1417 574 1447 vel
591 1417 659 1447 alia
677 1418 798 1456 quavis
816 1418 1028 1455 anctoritate,
1048 1419 1226 1457 contigerit

215 1470 418 1508 attemptari.
433 1470 508 1500 Non
523 1470 677 1501 obstante
688 1471 775 1501 si—.
794 1472 889 1501 Nulli
902 1481 980 1511 ergo
996 1474 1110 1502 nostre
1128 1472 1227 1502 colla-

214 1523 330 1557 tionis,
343 1523 561 1561 provisionis,
576 1525 788 1559 investiture‚
804 1526 1046 1555 reservationis
1057 1528 1086 1555 et
1106 1526 1228 1556 consti-

215 1576 359 1606 tutionis
374 1578 435 1606 etc.
453 1594 499 1606 —.
515 1578 637 1608 Datum
656 1578 744 1616 apud
767 1577 1055 1611 [rbemveterem3
1077 1589 1110 1608 111
1125 1588 1228 1609 nonas

217 1629 310 1666 maii,
332 1638 418 1659 anno
436 1631 547 1660 tertio.
568 1640 582 1659 1)

314 1810 402 1840 1621

820 1808 945 1840 Orrieto,
965 1812 981 1835 6
1000 1809 1058 1835 mai
1079 1809 1156 1836 1204.

254 1893 393 1919 Abbatein
413 1901 434 1920 s.
454 1893 581 1927 Dionysii
599 1893 627 1919 in
639 1892 770 1923 Francia,
786 1892 957 1920 Parisiensis
972 1894 1105 1924 diocesis,
1124 1897 1151 1921 et
1170 1902 1230 1921 ma-

218 1941 341 1976 gistrum
358 1941 484 1968 Odonem
501 1943 535 1968 «le
545 1950 568 1968 s.
586 1942 730 1977 Dionysio,
743 1942 915 1969 canonicum
932 1942 1138 1977 Parisiensem,
1151 1951 1231 1977 prae-

218 1989 310 2017 dictae
331 1990 495 2017 collationis
521 1992 638 2025 deputat
666 1994 841 2018 executores.
872 1992 948 2018 11100.
969 1992 1012 2023 29,
1041 1991 1091 2018 fol.
1122 1993 1179 2023 160,
1202 1997 1233 2018 n⁰

237 2040 294 2074 71.)

261 2161 276 2176 «
299 2149 413 2180 Abbati
429 2160 452 2179 s.
478 2149 612 2179 Dionz'sii
631 2150 661 2179 in
679 2150 824 2186 Francia,
845 2151 1029 2180 Parisiensis
1050 2151 1188 2188 diocesis,
1206 2156 1234 2181 ec

218 2203 365 2242 maqistro
386 2203 485 2233 Odoni
504 2203 538 2233 dc
558 2214 582 2234 S.
605 2203 753 2234 Dionisz‘o.
774 2204 918 2233 canonico
941 2204 1120 2234 Parisiensi.
1139 2205 1235 2236 Inde-

220 2265 298 2287 cens
317 2259 392 2293 etc.⁷
412 2259 447 2287 ut
465 2274 514 2285 —.
534 2258 659 2287 Datum
674 2258 763 2296 apud
778 2257 1068 2294 Urbemveterem,
1086 2268 1108 2288 11
1126 2267 1233 2289 nonas

221 2311 313 2346 maii,
334 2319 421 2340 anno
437 2310 549 2340 tertio.
572 2321 586 2339 »

314 2487 411 2518 ,1622
822 2486 946 2519 orvieto,
962 2488 978 2514 9
994 2487 1066 2514 avril
1086 2488 1162 2515 1264.

257 2571 396 2606 Episcopo
414 2569 584 2596 Abrincensi
602 2569 656 2596 hac
673 2570 735 2597 vice
751 2570 879 2606 indulget
897 2574 927 2598 ut
947 2575 1128 2606 personatus,
1144 2574 1236 2609 digni-

221 2621 296 2647 tates
316 2622 343 2647 et
363 2620 419 2646 alia
438 2619 576 2646 beneficia
595 2618 792 2646 ecclesiastica
808 2619 923 2654 quaein
940 2620 1111 2649 Abrincensi
1129 2623 1236 2651 diocesi

221 2671 303 2696 tanto
327 2671 456 2703 tempore
478 2667 643 2695 vacaverint
660 2668 734 2702 quod
751 2669 787 2695 ad
807 2669 904 2696 sedem
926 2670 1116 2704 apostolicam
1136 2679 1236 2699 eorum

223 2718 340 2745 collatio
363 2717 401 2745 sit
421 2717 566 2749 devoluta,
596 2717 726 2744 conferre
750 2717 852 2745 valeat.
878 2718 954 2751 (Rm.
977 2720 1022 2751 29,
1050 2719 1100 2748 fol.
1124 2721 1174 2749 160
1200 2728 1236 2755 v⁰‚

226 2772 256 2793 11θ
275 2768 351 2802 672.)

268 2889 282 2908 ι(
309 2878 468 2918 Episcopo
490 2877 683 2908 Abi-incensi.
705 2876 811 2907 Tuam
836 2877 987 2908 volentes
1004 2877 1170 2910 honorare
1189 2897 1237 2910 —.

2235 201 2292 230 243

1282 275 1405 305 Datum
1426 276 1514 314 apud
1532 276 1821 311 Urbemveterem,
1841 288 1860 306 v
1878 279 1955 310 idus
1974 281 2103 319 aprilis,
2123 285 2290 313 1111110101-

1282 327 1340 357 tio.
1363 338 1377 357 >)

1373 493 1468 524 1623

1827 495 1952 526 Orvieto,
1971 498 2005 524 23
2022 496 2124 523 sevrier
2142 498 2219 524 1204.

1316 575 1437 602 Johanni
1454 577 1600 612 Stephani,
1622 579 1709 612 priori
1724 579 1861 606 secularis
1881 580 2020 608 ecclesiae
2040 590 2063 608 s.
2083 582 2238 608 §alx-atoris
2257 584 2291 608 de

1281 623 1379 658 Regia,
1400 625 1559 653 Elboranac
1569 627 1702 659 diocesis,
1716 629 1833 655 mandat
1855 632 1883 656 ut
1902 629 2019 656 Petrum
2033 630 2195 657 Alexandri.
2211 639 2292 657 cano-

1282 672 1379 699 nicum
1396 675 1533 702 ccclesiae
1548 676 1580 702 de
1597 678 1734 710 Stampis.
1752 678 1779 704 in
1796 678 1916 705 ecclesia
1932 679 2069 713 Burgcnsi
2085 679 2113 705 111
2123 680 2291 706 canonicum

1283 722 1370 756 recipi
1393 722 1489 749 saciat.
1513 725 1590 757 [1100.
1612 726 1655 753 J),
1672 726 1719 752 sol.
1741 728 1788 753 loo
1806 733 1846 757 νῦ,
1865 733 1894 752 11Ο
1909 728 1984 760 673.)

1325 840 1339 859 (1
1352 831 1466 861 tIoanni
1478 832 1645 872 Stephani,
1660 834 1765 872 priori
1782 834 1926 864 secularis
1937 835 2058 865 ecclesie
2073 837 2174 865 sancti
2186 837 2295 867 salva-

1284 884 1359 913 toris
1382 883 1417 913 de
1441 884 1550 924 309111,
1576 885 1734 916 Elhorane
1756 888 1892 924 diocesis,
1920 889 2080 928 capellano
2105 890 2209 920 dilecti
2235 890 2295 930 filii

1286 939 1384 967 nostri
1399 938 1448 975 G.,
1462 950 1486 968 s.
1502 938 1623 979 Gcorqii
1639 941 1680 970 ad
1704 941 1804 971 Velum
1821 943 1957 972 Aureum
1974 942 2096 973 diaconi
2115 944 2292 974 cardinalis.

1284 991 1446 1022 Volentes
1466 993 1627 1023 dilectum
1646 995 1754 1024 tilium
1780 995 1919 1025 Petrum
1939 996 2138 1032 Alexandri.
2163 998 2296 1027 canoni-

1285 1053 1360 1075 cum
1379 1045 1520 1076 ecclesie
1550 1046 1589 1076 de
1614 1047 1763 1086 Stanipis
1789 1050 1820 1078 et
1846 1049 2006 1080 clericum
2036 1050 2127 1080 chori
2155 1051 2296 1081 ecclesie

1285 1099 1482 1137 Burgensis,
1511 1100 1581 1138 qui,
1618 1101 1705 1131 sicut
1739 1103 1874 1137 asserit,
1895 1102 1935 1132 de
1965 1103 2101 1134 civitate
2130 1105 2297 1143 Burgensi

1285 1151 1389 1182 traxit
1408 1152 1575 1191 originem
1593 1155 1625 1183 et
1647 1154 1704 1184 diu
1725 1154 1918 1193 disciplinis
1943 1156 2134 1186 scolasticis
2162 1157 2296 1187 insuda-

1286 1205 1345 1238 vit,
1365 1206 1648 1244 contemplatione
1666 1207 1754 1237 clare
1770 1208 1933 1238 memorie
1949 1209 2001 1244 B„
2021 1209 2136 1248 regine
2153 1210 2297 1240 Franco-

1286 1267 1373 1294 rum,
1399 1259 1493 1296 cujus
1516 1259 1606 1289 idem
1631 1259 1754 1290 Petrus
1780 1261 1962 1300 alumpnus
1983 1262 2107 1292 dicitur
2131 1263 2294 1297 extitisse,

1286 1311 1400 1341 favore
1416 1313 1576 1351 prosequi
1594 1313 1702 1352 gratie
1722 1314 1894 1353 specialis,
1914 1315 2110 1345 discretioni
2130 1317 2185 1346 tue
2204 1325 2293 1346 man·

1286 1364 1406 1394 damus
1422 1367 1590 1403 quatenus
1605 1367 1776 1405 prefatum
1788 1368 2025 1398 B.i11ecclesia
2043 1370 2220 1408 Burgensi‚
2237 1378 2295 1408 per

1286 1420 1316 1448 te
1332 1418 1383 1447 rel
1404 1427 1462 1456 per
1476 1419 1592 1453 alium,
1610 1421 1809 1451 auctoritate
1828 1423 1942 1452 nostra
1955 1422 2060 1460 recipi
2077 1422 2179 1452 facias
2198 1423 2231 1452 in
2244 1432 2296 1453 ca-

1287 1472 1444 1502 nonicum
1458 1474 1489 1503 et
1506 1473 1537 1502 in
1560 1473 1698 1504 fratrem
1717 1476 1747 1504 et
1765 1474 1804 1504 de
1823 1474 2004 1513 prebenda,
2025 1485 2100 1506 cum
2118 1477 2296 1514 prestimo-

1286 1524 1353 1554 niis
1370 1526 1519 1556 cedentis
1537 1527 1588 1556 vel
1609 1527 1801 1557 decedentis
1820 1529 1984 1564 canonici,
2004 1529 2033 1558 si
2054 1531 2148 1559 vacat
2167 1530 2207 1559 ad
2224 1538 2296 1568 pre-

1287 1586 1365 1607 sens
1389 1578 1442 1608 ·x‘el
1472 1587 1572 1617 quam
1598 1580 1745 1618 primum
1772 1581 1812 1610 ad
1835 1581 1870 1610 id
1899 1590 1935 1611 se
1958 1581 2101 1612 facultas
2124 1582 2295 1617 obtulerit,

1286 1631 1466 1668 provideas
1496 1632 1548 1661 rel
1576 1632 1679 1662 facias
1710 1633 1892 1671 provideri,
1924 1634 2106 1665 dummodo
2137 1644 2202 1665 non
2230 1635 2297 1665 nisi

1287 1691 1375 1712 unus
1404 1682 1528 1713 ibidem
1560 1685 1760 1715 auctoritate
1787 1687 1902 1716 nostra
1930 1686 2135 1725 prebendam
2166 1690 2297 1718 vacatu-

1288 1744 1359 1765 ram
1374 1738 1538 1775 expectet,
1550 1737 1603 1767 cui
1617 1737 1775 1768 nolumus
1791 1739 1990 1770 auctoritate
2001 1740 2210 1778 presentium
2227 1749 2297 1779 pre-

1285 1789 1452 1827 judicium
1477 1791 1643 1828 generari.
1671 1792 1746 1833 Non
1770 1791 1925 1822 obstante
1950 1810 1997 1821 —.
2024 1794 2299 1824 Contradictores

1289 1846 1350 1873 etc.
1382 1852 1488 1881 usque
1518 1845 1773 1882 compescendo.
1800 1845 1942 1876 Proviso
1971 1847 2059 1885 quod
2086 1865 2123 1869 —
2149 1848 2181 1876 et
2198 1848 2299 1885 quod,

1289 1897 1469 1935 postquam
1486 1896 1520 1926 in
1539 1897 1656 1927 eadem
1674 1898 1841 1937 Burgensi
1859 1898 2001 1929 ecclesia
2021 1899 2206 1930 obtinuerit
2225 1908 2300 1938 pre-

1289 1949 1446 1985 bendam,
1464 1959 1564 1989 quam
1581 1951 1615 1980 in
1631 1951 1719 1982 dicta
1737 1952 1880 1982 ecclesia
1894 1953 1934 1983 de
1950 1953 2100 1992 Stampis
2115 1962 2202 1983 nunc
2219 1953 2302 1984 obti-

1290 2005 1345 2033 net
1362 2004 1393 2033 et
1408 2012 1508 2042 quam
1521 2007 1654 2034 extunc
1669 2014 1786 2035 vacare
1802 2006 2029 2043 decernimus,
2045 2007 2180 2037 omnino
2193 2007 2303 2037 dimit-

1290 2058 1349 2086 tat.
1382 2057 1452 2087 Nos
1479 2057 1568 2087 enim
1594 2076 1642 2086 —.
1672 2059 1797 2088 Datum
1823 2059 1912 2098 apud
1934 2059 2224 2097 Urbemveterem,
2242 2070 2302 2090 vm

1290 2110 1452 2140 kalendas
1470 2111 1595 2145 martii,
1618 2120 1704 2142 anno
1722 2112 1832 2142 tertio.
1854 2123 1868 2142 »

1382 2275 1479 2306 1624

1878 2276 2003 2308 Orvieto,
2022 2277 2064 2302 ler
2080 2276 2138 2303 mai
2158 2277 2234 2304 1204.

1327 2358 1419 2386 Priori
1436 2367 1458 2385 s.
1476 2359 1573 2386 Hilarii
1590 2367 1674 2394 super
1690 2361 1810 2391 Arnum,
1828 2360 2015 2387 Bituriccnsis
2031 2361 2164 2391 diocesis,
2187 2363 2305 2389 mandat

1292 2410 1323 2435 ut
1341 2407 1536 2435 Theobalduni
1553 2409 1587 2435 de
1605 2409 1819 2444 Canipofrigido
1837 2409 1867 2436 in
1883 2409 2005 2436 ecclesia
2026 2419 2048 2436 s.
2069 2410 2155 2437 Cirici
2174 2412 2208 2437 (10
2226 2411 2306 2438 Exol-

1292 2457 1379 2489 duno,
1396 2457 1584 2484 Bituricensis
1601 2457 1734 2490 diocesis,
1758 2458 1786 2485 in
1805 2459 1976 2485 canonicum
1996 2459 2084 2494 recipi
2103 2459 2200 2488 saciat.
2227 2460 2304 2496 11100.

1292 2507 1337 2538 29,
1355 2506 1404 2533 fol.
1422 2507 1472 2534 160
1484 2510 1526 2539 10,
1545 2512 1575 2533 n⁰
1591 2507 1666 2542 674.)

1335 2623 1350 2643 ((
1370 2612 1477 2643 Priori
1501 2623 1524 2643 s.
1559 2613 1657 2644 Ylarz'z·
1687 2623 1780 2654 super
1797 2615 1928 2654 Arnum,
1946 2615 2149 2646 Bituricensis
2170 2616 2305 2648 diocesi&

1294 2666 1456 2698 Volentes
1484 2667 1605 2697 dilecto
1632 2667 1703 2697 filio
1724 2667 1918 2699 Theobaldo
1953 2669 1993 2700 de
2022 2670 2147 2709 Campo
2172 2670 2306 2710 frigido,

1295 2720 1417 2750 clerico
1431 2720 1544 2751 dilecti
1562 2720 1622 2750 filii
1637 2721 1743 2752 nostri
1758 2721 1884 2752 nobilis
1899 2723 1963 2753 viri
1976 2723 2165 2760 Gusslelmi,
2178 2724 2308 2755 domini

1296 2774 1336 2804 de
1359 2773 1520 2810 Lineriis,
1536 2774 1669 2804 nullum
1694 2775 1800 2805 adhuc
1819 2775 2088 2807 ecclesiasticum
2107 2776 2309 2809 beneficium

1297 2828 1463 2863 assecuto,
1483 2827 1592 2866 ipsius
1617 2827 1755 2858 obtentu
1784 2828 1921 2864 nobilis,
1947 2829 2091 2868 gratiam
2107 2830 2217 2861 facere
2234 2840 2310 2870 spe-

1299 2879 1432 2916 cialem,
1449 2880 1652 2911 mandamus
1669 2883 1835 2920 quatenus
1855 2882 1999 2913 eundem
2015 2883 2187 2918 clericum,
2210 2892 2309 2923 quem
