2659 3242
86 549 160 578 1263

63 607 138 628 nov.
158 597 210 625 21³.

96 753 111 771 1
180 755 191 768 ι

102 1339 114 1355 ⁸
183 1338 194 1353 Ι

103 1680 116 1695 2
184 1679 195 1694 D

102 1923 117 1938 ἲ
185 1923 197 1937 D

108 2509 120 2525 D
188 2509 200 2523 ἱ

108 2848 120 2864 2
189 2849 200 2863 Ι

248 548 375 577 omero.

856 241 1028 273 TABLES
1053 240 1114 271 DU
1141 236 1363 269 REGISTRE
1387 234 1597 266 D’URBAIN
1625 234 1667 263 lv

993 336 1079 362 Paga,
1096 332 1221 355 Numeros.

429 399 541 425 natum
567 404 638 424 cum
665 397 796 423 ecclesia
823 396 861 423 de
896 395 1018 421 Monte-

431 447 541 474 boiaco
570 447 632 473 sibi
671 446 813 480 proxime
842 444 914 476 sita,
945 442 1021 469 reti-

430 502 504 522 nere
521 495 640 522 valeat.

472 548 583 575 Electo
628 547 828 574 salernitano
874 544 1019 578 indulget
1037 539 1042 578 Ι
1059 543 1119 569 375
1137 537 1143 578 1
1158 537 1239 567 2262

432 598 467 624 ut
486 596 641 623 beneficia
662 595 874 622 ecclesiastica
895 593 1035 627 recipere

432 647 464 672 et
491 645 630 672 retinere
657 651 728 671 cum
759 642 1033 676 archiepiscopatu

433 694 636 721 Salernitano
655 693 773 720 valeat.

471 742 699 777 Quaestionem
726 742 809 767 inter
834 740 1017 774 episcopum
1036 736 1041 776 1
1059 736 1119 765 382
1138 734 1143 774 1
1160 735 1241 764 2308

431 791 674 825 capitulumque
708 789 955 819 Anteradenses‚
984 794 1023 814 ex

431 841 523 875 parte
559 847 630 871 una,
652 840 686 866 et
715 839 903 865 executores
921 837 1021 863 testa-

434 889 534 916 menti
556 890 658 915 bonae
680 887 849 913 memoriae
870 886 916 917 G.‚
942 891 1030 919 prae-

432 937 604 964 decessoris
618 936 719 970 ipsius
734 935 884 969 episcopi,
904 934 938 961 et
952 933 1032 968 prio-

432 986 545 1013 rissam
568 985 825 1018 conventumque
849 981 1033 1008 monialium

433 1043 456 1061 s.
477 1033 569 1061 Pauli
587 1034 619 1059 in
638 1032 789 1064 Tervisio‚
800 1038 839 1057 ex
859 1030 968 1063 altera,
982 1037 1031 1057 su-

433 1090 488 1116 per
530 1082 724 1117 quibusdam
766 1078 1031 1114 possessionibus,

434 1138 514 1166 quas
544 1131 627 1157 idem
658 1130 881 1163 praedecessor
913 1128 1033 1154 emerat

434 1180 472 1207 de
500 1179 593 1206 bonis
621 1177 853 1205 Anteradensis
882 1176 1033 1203 eeclesiae

434 1229 465 1254 in
499 1228 638 1255 marchia
670 1226 847 1258 'l‘ervisina‚
893 1233 928 1251 ac
962 1224 1034 1251 aliis

433 1278 528 1304 rebus
547 1277 721 1308 subortam,
744 1275 874 1302 decidit.
1039 1280 1102 1299 tome
1121 1278 1150 1298 ni

475 1326 633 1360 Episcopo
675 1323 853 1352 Tudertino
888 1322 1019 1350 mandat
1038 1317 1043 1357 ἱ
1060 1321 1120 1350 385
1138 1318 1144 1357 ἱ
1162 1320 1243 1349 2330

435 1376 471 1402 ut
503 1373 605 1401 nobili
636 1374 705 1400 viro
738 1372 911 1404 Leonardo,
948 1371 1035 1399 dicto

434 1422 599 1450 Fulcalmo
620 1423 658 1449 de
691 1421 790 1453 Trois,
813 1421 851 1448 ab
888 1419 1036 1447 hostibus

435 1472 583 1500 ecelesiae
608 1471 699 1498 bonis
726 1471 791 1497 suis
818 1469 975 1496 destituto
1003 1470 1035 1496 et

435 1520 563 1548 exulare
585 1521 704 1551 coacto,
730 1519 761 1545 in
784 1517 973 1545 necessariis
995 1518 1033 1544 ab

436 1576 498 1596 uno
514 1569 566 1595 vel
581 1568 726 1602 pluribus
742 1566 944 1594 monasteriis
960 1566 1034 1600 Spo-
1160 1596 1162 1599 ‚

435 1618 562 1644 lelanae
583 1617 718 1644 diocesis
738 1615 899 1651 provideri
917 1614 1024 1642 faciat.
1041 1622 1104 1641 tome
1122 1620 1152 1640 m

474 1666 615 1693 Officiali
642 1665 813 1692 parisiensi
829 1665 960 1691 mandat
988 1664 1023 1691 ut
1042 1659 1047 1699 l
1064 1664 1124 1691 398
1142 1660 1148 1699 ἱ
1164 1661 1244 1691 2379

435 1714 599 1750 quamcito
624 1721 753 1741 causam
779 1715 817 1740 de
841 1712 975 1740 ecclesia
1000 1713 1038 1740 de

435 1765 607 1796 Overtone,
636 1762 865 1789 Wintoniensis
892 1761 1035 1793 diocesis,

436 1812 596 1845 terminet,
625 1812 693 1846 ejus
717 1811 749 1838 in
774 1812 884 1838 eodem
909 1811 1036 1843 negotio

436 1861 627 1896 negligentia
661 1861 834 1894 increpata.

477 1910 625 1944 Guidoni,
670 1909 820 1943 episcopo
864 1908 1040 1941 sabinensi,
1062 1904 1138 1943 1301
1162 1903 1242 1944 1603

437 1958 583 1986 concedit
606 1959 651 1991 ut,
677 1958 702 1985 si
724 1957 822 1984 fuerit
844 1958 953 1991 partes
975 1957 1037 1983 Αῃ-

436 2008 519 2041 gliae
538 2008 695 2041 ingressus
715 2008 749 2034 et‘
767 2014 805 2033 ex
825 2006 933 2041 aliquo
952 2007 1038 2040 post—

428 2057 560 2083 modum
593 2057 712 2083 eventu
736 2055 809 2082 illas
844 2055 949 2089 egredi
990 2055 1034 2089 ip-

438 2112 507 2132 sum
521 2104 604 2131 forte
619 2105 798 2139 eontigerit,
816 2103 918 2138 possit
943 2104 1040 2130 semel

437 2154 471 2180 et
483 2153 601 2180 iterum
615 2154 649 2179 et
661 2153 811 2187 quotiens
824 2153 1039 2186 opportunum

438 2202 546 2234 ruerit⁷
569 2201 689 2235 regredi
713 2202 751 2227 ad
773 2201 907 2234 easdem,
932 2202 965 2227 et
986 2201 1052 2227 tam

438 2251 522 2278 intra
549 2250 634 2285 ipsas
658 2257 754 2285 quam
782 2251 881 2282 extra,
910 2249 1039 2284 legatio—

438 2299 487 2326 nis
513 2298 655 2325 officium
681 2300 713 2325 et
738 2300 845 2325 cetera
872 2298 932 2332 ipsi
957 2305 1040 2324 com-

439 2348 544 2379 missa,
570 2348 728 2382 quantum
753 2348 791 2373 ad
815 2346 941 2381 negotia
971 2353 1039 2381 par-

439 2397 520 2424 tium
538 2396 783 2431 praedictarum,
805 2396 903 2422 lbere
926 2395 957 2421 in
976 2402 1039 2421 om-

438 2445 531 2472 nibus
565 2452 720 2472 exercere.

1035 498 1099 516 tome
1117 494 1146 514 ΙΙΙ

1034 697 1098 716 tome
1116 694 1145 714 lll

481 2499 592 2524 ljidem
625 2498 771 2524 concedit
803 2499 848 2527 ut,
883 2497 909 2524 si
945 2504 1045 2523 acces·
1066 2492 1143 2531 1301
1167 2492 1247 2532 [604

440 2553 508 2573 sum
533 2546 633 2580 ipsius
656 2547 694 2572 ad
719 2547 828 2579 partes
849 2545 984 2579 Angliae
1005 2545 1062 2572 im·

440 2595 541 2629 pediri
577 2595 692 2628 quovis
729 2595 823 2620 modo
859 2593 1041 2627 eontigerit,

441 2644 539 2678 possit
564 2643 767 2669 nihilominus
787 2644 877 2669 extra
898 2642 982 2676 ipsas
1001 2641 1043 2668 le-

440 2691 578 2725 gationis
602 2690 744 2718 ofricium
768 2693 801 2717 et
824 2697 1044 2726 quaecumque

440 2741 500 2775 ipsi
531 2742 604 2767 sunt
634 2739 686 2767 vel
715 2739 836 2766 fuerint
865 2739 1041 2771 commissa,

440 2789 540 2815 libere
563 2789 594 2815 in
618 2788 765 2815 omnibus
788 2795 943 2815 exercere.
1047 2795 1111 2814 tome
1129 2793 1158 2813 nl

482 2837 631 2864 Decernit
673 2837 833 2871 negotium
864 2836 1030 2864 electionis
1048 2834 1128 2874 1373
1150 2834 1156 2875 1
1172 2834 1252 2861 ‘2249

443 2887 636 2913 auctoritate
661 2885 835 2919 apostolica
861 2886 894 2912 et
920 2885 1041 2912 ordina-

1320 777 1393 805 1263

1297 834 1370 854 nov.
1387 824 1437 853 29.

1338 2066 1348 2078 »
1381 2054 1421 2080 30

1308 2398 1373 2425 dec.
1402 2399 1442 2423 l‘r

1481 778 1607 804 Oruidn,

2404 229 2465 259 133

2222 323 2306 346 Pia-:rsv
2325 321 2450 343 Numeros.

1659 385 1754 411 tionis
1773 384 1804 410 in
1824 383 2046 418 presbyterum
2065 382 2098 407 et
2116 380 2258 407 benedic-

1659 433 1755 459 tionis
1775 434 1812 459 ab
1835 432 1983 465 episcopo
2002 428 2193 463 Lingonensi
2210 429 2255 460 B„

1656 481 1784 508 abbatis
1816 479 2000 507 monasterii
2033 477 2256 509 Morbacensis,

1662 531 1702 556 ad
1720 529 1896 556 Romanam
1913 527 2077 554 ecclesiam
2094 525 2181 553 nullo
2196 532 2259 552 me-

1660 579 1713 605 dio
1739 578 1939 612 pertinentis,
1969 576 2087 602 ordinis
2112 582 2137 602 s.
2162 575 2261 601 Bene-

1659 627 1746 658 dicti,
1770 626 1953 653 Basiliensis
1974 624 2115 656 diocesis,
2139 622 2262 650 nullum

1659 676 1721 710 juri
1754 675 1904 702 ecclesiae
1935 671 2120 700 Basiliensis
2151 671 2273 705 praeJ'u⁷

1660 725 1776 751 dicium
1803 729 1961 757 gcnerare.
2266 718 2330 737 ὈΜ
2348 716 2377 735 '¹⁰

1704 778 1799 803 Petro
1835 775 2024 802 Laurentiae
2050 773 2243 807 presbytero,
2264 768 2344 808 1374
2365 768 2372 807 ξ
2389 770 2474 798 2258

1662 825 1813 853 canonico
1843 822 2057 854 Maeloviensi,
2090 821 2209 848 ordinis
2238 828 2262 848 s.

1660 873 1839 909 Augustini,
1869 872 2032 900 ecclesiam
2061 878 2084 898 s.
2113 869 2201 896 Petri
2227 870 2266 896 de

1660 924 1796 955 Bedano,
1813 920 2037 948 Macloviensis
2051 918 2194 950 diocesis,
2210 925 2263 945 va-

1662 973 1788 999 cantem
1824 977 1879 1005 per
1916 970 2052 995 mortem
2098 966 2263 998 dohannis,

1661 1020 1739 1047 dicti
1778 1018 1927 1053 Lipalms,
1968 1017 2168 1044 retinendam
2206 1021 2278 1042 cum

1661 1069 1850 1096 canonicatu
1865 1066 1999 1094 confert.
2270 1062 2334 1080 *⁰¹⁹²
2352 1060 2382 1079 ’θ’

1698 1121 1838 1149 officiali
1878 1119 2081 1147 Noviomensi
2119 1118 2250 1144 mandat
2268 1113 2274 1152 Ι
2293 1116 2349 1142 374
2370 1113 2480 1151 12260»

1663 1172 1699 1198 ut
1735 1170 1865 1198 Galtero
1902 1170 1940 1195 de
1977 1169 2065 1199 Fara,
2116 1166 2267 1193 canonico

1662 1219 1890 1250 Suessionensi,
1921 1216 2086 1244 dimidiam
2113 1216 2264 1250 praeben-

1663 1270 1736 1296 dam
1770 1267 1929 1301 resignare
1964 1267 2086 1300 parato,
2124 1264 2260 1291 obtentu

1664 1317 1792 1349 Mariae,
1819 1315 1964 1342 dominae
1991 1315 2028 1340 de
2054 1315 2142 1344 Fara,
2171 1313 2209 1339 dr:
2234 1312 2278 1338 in-

1665 1367 1750 1400 tegra
1774 1364 1953 1399 praebenda
1977 1362 2143 1397 provideat
2165 1360 2197 1387 in
2220 1367 2267 1387 ec-

1662 1414 1756 1441 clesia
1783 1411 2009 1440 Suessionensi.

1703 1468 1830 1494 Decano
1850 1466 2001 1492 ecclesiae
2012 1465 2050 1491 de
2062 1463 2251 1496 Kamutoyr,
2272 1458 2352 1497 [376
2371 1458 2475 1497 12272

1665 1515 1853 1544 Venetensis
1890 1513 2032 1541 diocesis.
2063 1512 2195 1539 mandat
2232 1512 2269 1538 ut

1666 1566 1794 1592 Petrum
1837 1562 2037 1594 Laurentiae,
2082 1559 2269 1588 canonicum

1665 1613 1915 1644 Maeloviensem,
1963 1611 1993 1637 in
2038 1608 2267 1644 possessionem

1665 1661 1816 1689 ecelesiae
1830 1668 1855 1688 s.
1870 1659 1958 1687 Petri
1984 1661 2022 1686 de
2046 1659 2175 1685 Bedano
2199 1657 2272 1683 mit-

1666 1711 1725 1738 tat·
2272 1705 2336 1724 tone
2352 1702 2384 1722 ll!

1706 1760 1833 1786 Decano
1864 1759 1897 1784 et
1917 1750 2061 1784 'officiali
2078 1754 2249 1782 Carnoten-
2268 1750 2275 1790 1
2292 1753 2351 1780 399
2370 1750 2377 1789 ζ
2395 1751 2475 1779 2380

1667 1808 1754 1835 sibus
1769 1807 1901 1834 mandat
1917 1807 1962 1839 ut,
1980 1805 2006 1832 si
2021 1803 2170 1832 officialis
2184 1803 2268 1830 Pari-

1667 1856 1781 1884 siensis
1824 1855 2012 1882 mandatum
2058 1852 2279 1887 apostolicum,

1667 1905 1746 1932 inira
1786 1904 2016 1939 praescriptum
2056 1903 2183 1935 tempus
2219 1908 2272 1928 ne-

1667 1953 1803 1988 glexerit
1842 1951 2024 1985 adimplere,
2067 1951 2134 1977 loco
2173 1950 2272 1983 ipsius

1670 2003 1837 2037 procedere
1864 2002 1987 2028 curent.
2275 1998 2339 2016 (ΟΜ
2355 1995 2385 2014 ⁸¹¹

1707 2049 2003 2078 OfficiaIiTrecensi
2025 2048 2157 2075 mandat
2177 2047 2257 2075 elee-
2276 2042 2282 2082 Ῐ
2297 2045 2357 2074 372
2375 2044 2383 2082 ¹.
2398 2044 2478 2072 2911&

1671 2103 1738 2127 tum
1750 2098 1994 2126 Macloviensem
2008 2097 2179 2131 compellat
2191 2098 2236 2128 ut,
2245 2096 2290 2123 in-

1670 2149 1717 2176 fra
1743 2150 1821 2176 duos
1846 2154 1969 2174 menses
1995 2147 2070 2180 post
2095 2145 2197 2180 ipsius
2220 2144 2290 2172 offi-

1670 2198 1760 2224 cialis
1781 2196 1997 2228 monitionem,
2024 2196 2062 2222 de
2083 2194 2180 2221 certis
2201 2200 2293 2227 pecu-

1672 2247 1794 2273 niarum
1833 2245 1963 2271 summis
2001 2243 2158 2270 mutuatis
2194 2249 2270 2269 non-

1671 2294 1768 2321 nullis
1811 2292 2039 2319 mercatoribus
2081 2290 2273 2318 senensibus

1671 2342 1860 2370 satisfaciat.

1714 2392 1871 2425 i-{piscopo
1902 2388 2107 2416 Eruniatensi
2143 2388 2275 2415 mandat
2293 2383 2301 2423 Ι
2319 2385 2377 2411 222
2397 2383 2404 2422 ξ
2421 2388 2490 2414 459,-

1672 2449 1708 2466 υτ(
1756 2441 1846 2473 parte
1868 2438 2061 2473 apostolicae
2084 2436 2167 2465 sedis
2188 2436 2272 2470 capi-

1674 2490 1740 2516 tulo
1768 2490 1806 2514 «ie
1833 2490 1968 2514 &arzana
1998 2487 2140 2513 inhibeat
2165 2492 2204 2512 ne
2230 2485 2270 2511 ad

1672 2537 1859 2565 electionem
1887 2535 2035 2569 episcopi.
2064 2535 2131 2561 sine
2155 2533 2286 2561 licentia

1674 2586 1858 2621 apostolica,
1898 2584 2058 2618 procedat.

1712 2634 1858 2662 (luidoni,
1882 2634 2030 2666 episeopo
2051 2631 2225 2663 SabinenSi,
2247 2631 2278 2656 in
2297 2625 2404 2667 [2⁹01
2422 2630 2481 2655 awl-

1673 2684 1817 2717 partibus
1843 2682 1974 2715 Angliae
2001 2680 2192 2714 apostolicae
2228 2686 2275 2706 se·

1672 2733 1720 2759 dis
1738 2732 1850 2765 legato,
1871 2730 1946 2764 quia
1966 2730 2047 2756 forte
2068 2730 2106 2755 ad
2137 2728 2273 2762 explica-

1671 2781 1788 2807 tionem
1812 2778 1909 2805 ori'icii
1931 2779 1960 2804 et
1985 2777 2181 2811 negotiorum
2213 2776 2274 2810 ipsi

1670 2828 1905 2856 commissorum
1924 2826 2071 2860 expediet
2089 2826 2125 2852 ut
2152 2824 2276 2859 aliquas

1674 2884 1822 2911 personas
1861 2875 1959 2908 ipsius
1997 2882 2071 2902 sune
2108 2873 2277 2908 legationis

2272 1406 2336 1425 tome
2354 1405 2385 1424 lu
