2519 3262
1039 174 1279 213 TROISIEME
1306 175 1471 212 ANNEE.

211 262 245 292 in
273 263 361 293 dicta
387 263 529 294 ecclesia
561 273 625 294 11011
654 266 749 295 vacat
774 265 815 295 ad
838 274 988 304 presens
1017 265 1221 304 prebendam

211 315 405 356 hujusmodi
430 317 584 356 proximo
612 318 645 348 in
663 318 779 348 eadem
797 318 939 349 ecclesia
956 320 1148 348 vacaturam
1167 318 1220 348 do-

211 369 339 400 nationi
357 370 447 400 sedis
461 370 644 409 apostolice
657 372 879 406 reservantes,
894 370 1131 400 conferendam
1145 370 1218 407 tibi,

212 422 426 453 decernimus
440 423 576 453 irritum
593 425 624 453 et
642 423 741 453 inane
758 424 787 453 si
806 431 903 453 secus
921 423 961 453 de
979 432 1017 453 ea
1035 424 1149 453 nostra
1167 422 1221 453 vel

213 475 333 513 quavis
353 476 551 506 auctoritate
577 476 754 515 contigerit
772 476 976 514 attemptari.
994 476 1069 506 Non
1088 475 1222 505 obstan-

212 527 303 558 tibus
315 546 363 565 —‚
378 530 410 559 et
421 529 509 568 quod
520 529 553 558 in
566 529 643 558 aliis
655 528 738 558 locis
748 528 967 559 beneficiatus
980 529 1112 558 existis.
1127 528 1222 559 Nulli

215 588 292 619 ergo
310 597 358 611 —.
376 581 498 611 Datum
514 581 602 619 apud
618 580 907 617 Urbemveterem,
928 590 977 610 1111
994 581 1069 610 idus
1092 580 1223 612 februa-

212 633 266 669 rii,
282 641 369 663 anno
386 633 498 664 tertio.
517 642 532 662 1)

308 819 402 850 1279

765 819 888 852 Orvieto,
907 819 937 846 10
953 818 1056 845 Γόν1161
1075 819 1149 846 1261.

253 900 453 937 infrascriptos
501 903 645 937 przcdictae
691 903 852 931 collationis
895 904 1011 938 deputat
1046 906 1223 931 executores.

215 950 292 985 (aaa.
309 951 352 982 29,
371 951 420 978 fol.
439 952 489 979 100
509 957 545 987 v‘’7
565 957 595 978 n⁰
610 953 684 988 329.)

260 1078 273 1092 «
289 1066 439 1105 Magistro
457 1065 671 1096 Bartlzolomeo
687 1066 725 1096 de
740 1066 834 1106 Heqz'o
849 1067 961 1107 Reqino
978 1073 1003 1096 ec
1020 1067 1175 1107 Raynerio
1192 1067 1226 1097 de

220 1119 310 1156 Pisis,
332 1119 454 1149 ecclesie
474 1119 650 1157 Duaeensis,
672 1120 883 1150 Atrebatensis
900 1120 1038 1156 diocesis,
1060 1122 1224 1158 canonicis,

217 1172 355 1202 Parisius
366 1173 632 1203 commorantibus.
644 1173 830 1204 Personam
843 1174 955 1205 dilecti
966 1174 1029 1204 filii
1040 1175 1157 1211 Blasii,
1173 1184 1225 1205 ca-

218 1224 344 1263 pellani
362 1225 480 1260 nostri,
499 1225 633 1264 nepotis
652 1226 762 1256 felicis
778 1226 1021 1257 recordationis
1037 1227 1223 1258 Alexandri

216 1287 301 1317 pape
311 1279 572 1317 predecessoris,
583 1279 690 1309 nostri
700 1280 850 1310 canonici
861 1280 1114 1317 Ambianensis,
1126 1281 1226 1311 110110-

216 1340 290 1362 rare
298 1332 451 1363 volentes
461 1333 521 1363 etc.
532 1334 568 1363 ut
580 1341 683 1372 supra
692 1333 725 1363 in
736 1334 1025 1372 proxima‚verbis
1037 1337 1225 1373 competen-

214 1386 265 1416 ter
280 1386 430 1421 mutatis,
445 1395 552 1425 usque
569 1387 697 1417 existit.
715 1387 878 1422 Quocirca
897 1389 1098 1419 mandamus
1114 1390 1226 1427 quate-

220 1447 284 1469 nus
298 1447 357 1469 vos
377 1439 429 1469 vel
450 1439 535 1470 alter
549 1441 700 1470 vestrum
717 1449 776 1479 per
793 1450 852 1471 vos
870 1441 921 1471 vel
940 1442 1044 1471 alium
1064 1450 1123 1472 seu
1140 1442 1225 1472 alios

220 1492 363 1522 eundem
388 1493 540 1523 Blasium
559 1493 611 1523 vel
629 1495 882 1533 procuratorem
913 1504 1012 1524 suum
1036 1497 1091 1525 aut
1108 1495 1225 1532 alium,

219 1546 293 1585 ejus
315 1546 462 1581 nomine,
482 1546 516 1576 in
533 1546 620 1577 dicta
642 1547 784 1577 ecclesia
800 1548 904 1586 recipi
922 1548 1054 1578 faciatis
1073 1549 1106 1578 in
1127 1557 1220 1578 cano-

219 1599 332 1629 nicum
350 1601 381 1629 et
397 1600 430 1629 in
447 1599 596 1634 fratrem,
614 1600 679 1629 sibi
699 1601 798 1631 stallo
815 1601 848 1630 in
867 1601 966 1632 choro
984 1603 1015 1632 et
1034 1602 1104 1632 loco
1124 1602 1156 1631 in
1173 1610 1226 1631 ca-

218 1652 337 1691 pitulo,
365 1661 440 1682 cum
467 1653 677 1692 plenitudine
692 1654 780 1693 juris
803 1655 966 1689 canonici,
990 1656 1173 1694 assignatis
1189 1664 1227 1685 ac

218 1705 459 1736 nichilominus
471 1707 505 1736 in
518 1707 726 1746 corporalem
743 1708 994 1746 possessionem
1010 1709 1226 1738 canonicatus

218 1759 413 1798 hujusmodi
445 1768 482 1790 ac
511 1760 678 1799 prebende
706 1761 735 1790 si
764 1770 840 1800 qua,
860 1763 1012 1800 tempore
1035 1762 1226 1792 collationis

215 1813 422 1852 hujusmodi,
449 1814 482 1843 in
501 1814 651 1852 predicta
672 1814 815 1844 ecclesia
834 1814 984 1850 vacabat,
1012 1815 1179 1845 inducatis
1196 1817 1227 1846 et

214 1866 403 1896 defendatis
420 1865 605 1902 inductum,
626 1868 737 1897 amoto
760 1866 799 1897 ab
818 1876 856 1897 ea
874 1867 1025 1906 quolibet
1041 1868 1225 1898 detentore.

217 1919 313 1955 Quod
330 1919 357 1948 si
386 1920 463 1949 tunc
486 1919 520 1949 in
543 1919 659 1950 eadem
677 1920 819 1950 ecclesia
841 1920 1011 1959 prebenda
1029 1922 1144 1960 aliqua
1161 1930 1226 1951 non

217 1971 367 2006 vacabat,
387 1973 417 2002 ei
441 1972 480 2003 de
508 1972 679 2011 prebenda
695 1974 723 2003 si
750 1982 816 2012 qua
840 1975 874 2004 in
896 1974 1062 2012 prelibata
1085 1975 1227 2005 ecclesia

216 2027 309 2056 vacat
337 2026 379 2055 ad
400 2034 552 2064 presens,
582 2026 633 2056 vel
663 2027 832 2065 quamcito
863 2028 904 2058 ad
934 2028 968 2058 id
998 2028 1159 2058 obtulerit
1192 2037 1227 2058 se

215 2079 370 2116 facultas,
411 2079 510 2118 Juxta
551 2081 817 2111 reservationem
866 2083 898 2111 et
949 2082 1227 2111 constitutionem

215 2132 421 2172 hujusmodi,
456 2133 633 2172 providere
661 2135 798 2165 curetis
830 2135 987 2166 Invocato
1018 2136 1059 2165 ad
1092 2135 1164 2170 hoc,
1198 2135 1228 2165 si

219 2195 304 2225 opus
338 2186 449 2223 fuerit,
481 2187 610 2217 auxilio
638 2187 766 2217 brachii
792 2188 967 2218 secularis.
994 2189 1068 2219 Non
1092 2188 1228 2218 obstan-

220 2239 311 2270 tibus
328 2258 378 2269 —.
394 2240 667 2271 Contradictores
683 2243 744 2271 etc.
761 2250 868 2281 usque
887 2242 1142 2280 compescendo.
1162 2243 1228 2273 Da-

214 2294 285 2323 tum
310 2293 399 2332 apud
427 2293 715 2330 Urbemveterem,
744 2305 792 2325 1111
825 2295 901 2326 idus
934 2295 1109 2331 februarii,
1142 2296 1229 2326 anrio

218 2347 328 2377 tertio.
347 2358 362 2376 ))

311 2536 405 2567 1280

757 2536 883 2568 Orvieto,
904 2537 935 2564 12
957 2536 1061 2563 sevrier
1080 2538 1155 2564 1262.

259 2618 393 2650 Consulo,
414 2618 552 2646 canonico
562 2619 691 2646 ecclesia}
708 2628 730 2646 s.
751 2619 846 2646 Mariae
861 2620 895 2646 de
907 2620 1047 2654 Bictonio‚
1062 2620 1230 2648 Assisinatis

225 2667 359 2701 diocesis,
386 2668 506 2695 mandat
534 2670 564 2695 ut
587 2667 747 2695 Johannem
775 2668 924 2701 clericum,
955 2671 1053 2696 natum
1077 2670 1174 2696 Jacobi
1197 2671 1230 2696 de

228 2717 365 2748 Mevania,
383 2717 501 2744 obtentu
517 2717 542 2744 J.
558 2726 580 2744 s.
600 2717 687 2744 Marie
709 2717 738 2743 in
756 2717 908 2744 Cosmedin
929 2717 1041 2745 diaconi
1063 2718 1231 2751 cardinalis,

227 2765 255 2792 in
275 2765 396 2793 ecclesia
419 2765 541 2793 seculari
567 2775 589 2793 s.
609 2766 703 2793 Μαι-116
721 2766 755 2792 (16
775 2765 937 2798 Laurentio,
957 2767 1116 2800 Spolctanae
1138 2767 1231 2794 dioce-

228 2814 278 2847 sis,
296 2815 324 2841 in
346 2815 515 2842 canonicum
536 2814 625 2849 recipi
645 2814 729 2842 faciat
749 2823 814 2841 cum
832 2815 1043 2849 exspectatione
1061 2816 1229 2850 praebenda’.

224 2864 303 2897 (lim.
321 2864 364 2895 29,
384 2864 433 2891 fol.
451 2864 501 2892 106
520 2868 560 2897 v0,
576 2869 606 2890 11ο
623 2863 699 2895 330.)

1319 274 1336 294 ((
1351 263 1492 301 Consule,
1504 265 1648 294 canonico
1658 266 1779 297 ecclesie
1792 274 1893 298 sancte
1903 270 1997 300 Mat-ie
2009 271 2044 303 (le
2057 273 2206 311 Bia-eonio,
2220 277 2288 306 ,lsi-

1279 317 1387 346 sinatis
1410 317 1545 347 diocesis.
1575 319 1772 350 Affectionis
1800 324 1937 360 paterne
1967 326 2117 356 studIum
2137 344 2185 356 —.
2202 329 2288 359 Illuc

1280 371 1330 400 est
1359 371 1446 408 quod
1478 379 1538 400 nos
1566 371 1726 402 dilectum
1757 374 1865 404 tilium
1896 376 2082 408 Johannem
2116 380 2288 416 clericum,

1280 425 1394 453 natum
1414 422 1540 453 nobilis
1564 425 1626 454 viri
1647 425 1764 456 Jacobi
1782 427 1821 457 de
1842 428 2009 466 Mevania,
2028 431 2125 461 nobis
2141 434 2172 462 et
2193 443 2288 472 :ipos-

1279 475 1378 506 tolice
1397 476 1469 506 sedi
1485 477 1609 511 devoti,
1629 477 1765 509 obtentu
1780 480 1894 510 dilecti
1914 482 1975 512 tilii
1992 485 2097 514 nostri
2113 485 2156 521 J.‚
2175 488 2288 516 sancte

1279 529 1384 559 Marie
1400 529 1432 559 111
1449 530 1622 560 cosmidin
1636 531 1767 562 diaconi
1785 534 1979 571 cardinalis,
1997 537 2054 575 qui
2066 546 2125 576 pro
2141 547 2178 568 eo
2194 548 2288 577 apos-

1280 582 1416 612 tolicam
1452 583 1594 621 gratiam
1627 584 1835 623 imploravit,
1870 589 2009 625 paterno
2043 595 2288 630 prosequentes

1282 635 1412 671 affectu,
1443 635 1640 666 discretioni
1662 639 1717 668 tue
1735 640 1936 671 mandamus
1960 644 2127 680 quatenus
2145 645 2288 674 eundem

1281 688 1454 720 clericum.
1477 689 1506 718 si
1527 690 1577 719 est
1596 690 1760 728 ydoneus,
1784 694 1983 725 auctoritate
2006 698 2122 726 nostra
2144 697 2176 726 in
2196 706 2288 728 secu-

1281 741 1344 771 lari
1360 741 1502 772 ecclesia
1517 751 1544 772 s.
1558 743 1662 774 Marie
1679 744 1718 774 de
1731 745 1925 782 Laurentio,
1942 748 2118 786 Spoletane
2131 750 2287 787 diocesis,

1282 794 1315 824 in
1340 803 1406 833 qua
1428 795 1562 826 collatio
1590 797 1837 834 prebendarum
1864 800 1973 838 ipsius
1990 802 2030 831 ad
2047 826 2052 831 .
2069 826 2075 831 .
2093 803 2240 841 priorem
2258 805 2290 834 et

1281 847 1467 886 capitulum
1485 848 1636 887 ejusdem
1653 850 1776 881 dicitur
1792 853 1972 890 pertulere,
1993 854 2096 885 facias
2115 864 2173 894 per
2191 858 2222 886 te
2239 857 2289 887 vel

1282 900 1387 930 alium
1409 900 1442 930 in
1467 902 1664 932 canonicum
1691 905 1723 933 et
1748 904 1886 935 fratrem
1909 907 2025 945 recipi,
2055 908 2188 947 sibique
2218 918 2290 948 pre-

1282 953 1426 984 bendam
1451 954 1480 984 si
1498 964 1562 994 qua
1584 955 1619 985 in
1636 956 1778 987 ecclesia
1806 958 1880 996 ipsa
1897 962 1990 990 vacat
2009 961 2049 990 ad
2067 970 2218 1000 presens
2238 963 2290 993 vel

1283 1008 1453 1045 quamcito
1478 1016 1514 1038 se
1537 1008 1679 1040 facultas
1698 1009 1871 1048 obtulerit,
1898 1013 2051 1044 conferas
2071 1016 2102 1044 et
2124 1015 2288 1055 assignes.

1282 1060 1358 1090 Non
1378 1060 1531 1091 obstante
1551 1079 1600 1090 -.
1624 1063 1673 1093 Ita
1690 1065 1803 1094 tamen
1830 1082 1879 1094 —.
1902 1066 2025 1097 Datum
2047 1069 2134 1106 apud
2152 1069 2290 1099 Urbem-

1283 1114 1442 1150 veterem,
1466 1123 1489 1144 11
1506 1115 1583 1145 idus
1602 1115 1776 1154 februarii,
1794 1126 1880 1148 anno
1898 1119 2010 1150 tertio.
2027 1130 2041 1149 »

1377 1298 1469 1329 1281

1843 1300 1968 1335 Orvicto,
1985 1302 2001 1329 3
2022 1301 2126 1329 sevrier
2145 1303 2219 1330 1202.

1321 1381 1502 1415 Dispensatio
1520 1391 1605 1417 super
1625 1383 1838 1418 irregularitate
1862 1386 2052 1414 matrimonii.
2074 1388 2152 1421 (Rea.
2178 1389 2222 1419 250,
2243 1388 2290 1415 101.

1285 1432 1343 1460 107,
1362 1436 1391 1457 11ο
1406 1432 1480 1464 331.)

1324 1549 1340 1568 ((
1362 1564 1366 1568 ,
1387 1563 1393 1568 .
1417 1539 1558 1579 episcopo
1587 1539 1762 1569 Sabinensi.
1784 1541 1937 1571 Dilectus
1965 1542 2056 1573 filius
2074 1544 2291 1583 Austorgius,

1284 1592 1485 1622 domicellus
1498 1594 1553 1622 tue
1564 1593 1720 1630 diocesis,
1736 1602 1796 1623 sua
1809 1594 1907 1624 nobis
1919 1595 2081 1633 petitione
2095 1598 2294 1628 monstravit

1285 1645 1373 1683 quod
1391 1645 1462 1684 ipse
1481 1654 1555 1675 cuni
1574 1647 1743 1684 quondam
1762 1648 1943 1678 Francisca
1961 1649 2101 1680 muliere
2121 1651 2294 1681 matrimo-

1285 1698 1379 1727 nium
1405 1707 1465 1737 per
1490 1698 1592 1729 verba
1616 1700 1655 1730 de
1690 1700 1802 1730 futuro
1822 1702 1988 1731 contraxit
2008 1710 2043 1732 ac
2064 1704 2293 1741 postmodum,

1285 1751 1402 1781 eadem
1422 1752 1474 1787 F„
1493 1752 1585 1781 nulla
1604 1752 1692 1782 inter
1715 1753 1808 1791 ipsos
1828 1754 2072 1786 interveniente
2097 1757 2222 1786 carnali
2241 1766 2295 1787 co-

1285 1804 1375 1842 pula,
1396 1805 1485 1834 viam
1505 1805 1660 1835 universe
1690 1806 1802 1836 carnis
1828 1807 1992 1845 ingressa,
2017 1808 2202 1839 Romanam
2226 1819 2294 1839 mu-

1284 1856 1416 1893 lierem,
1437 1866 1500 1895 que
1515 1858 1699 1896 predictam
1724 1860 1761 1889 F.
1781 1860 1885 1898 gradu
1909 1862 2213 1900 consanguinitatis
2232 1865 2295 1893 ter-

1284 1910 1331 1940 tio
1345 1910 1541 1949 attingebat,
1558 1911 1625 1941 sibi
1639 1912 1935 1943 matrimonialiter
1948 1914 2128 1952 copulavit,
2141 1915 2226 1945 inter
2239 1924 2296 1946 eos

1285 1963 1479 2003 hujusmodi
1496 1965 1615 2004 copula
1632 1965 1824 1996 subsecuta.
1844 1967 1954 2002 Quare
1971 1968 2121 2006 prefatus
2140 1969 2297 2000 domicel-

1286 2017 1340 2047 lus
1358 2017 1455 2047 nobis
1472 2017 1648 2049 humiliter
1665 2020 1869 2058 supplicavit
1884 2023 2016 2057 ut,cum
2027 2030 2067 2052 ex
2085 2024 2296 2061 separatiOne

1285 2070 1479 2109 hujusmodi
1498 2073 1718 2109 matrimonii,
1743 2073 1771 2103 si
1797 2082 1870 2103 eam
1890 2074 1963 2104 fieri
1986 2075 2204 2115 contingeret,
2225 2085 2296 2115 gra-

1286 2125 1340 2154 via
1354 2126 1493 2163 possent
1508 2125 1541 2155 in
1557 2125 1627 2155 illis
1646 2126 1801 2164 partibus
1812 2127 1969 2157 scandala
1987 2128 2147 2164 suboriri,
2161 2130 2297 2168 dispen-

1286 2186 1360 2208 sare
1381 2186 1482 2217 super
1498 2178 1558 2208 hoc
1575 2179 1839 2210 misericorditer
1856 2189 2062 2211 curaremus.
2080 2182 2150 2213 Nos
2169 2182 2295 2221 itaque,

1287 2231 1892 2271 ipsiusdomicellisupplicationibus
1910 2234 2073 2271 inclinati,
2093 2235 2296 2266 fraternitati

1286 2286 1342 2314 tue
1359 2285 1560 2315 mandamus
1579 2288 1756 2324 quatenus,
1786 2287 2008 2317 consideratis
2030 2288 2297 2319 circumstantiis

1286 2338 1471 2373 universis,
1509 2339 1537 2368 si
1566 2339 1726 2377 expedire
1746 2339 1882 2374 videris,
1908 2349 1967 2378 per
1994 2342 2025 2371 te
2044 2341 2097 2371 vel
2117 2350 2176 2380 per
2192 2342 2296 2373 alium

1287 2400 1362 2422 cum
1379 2391 1540 2430 predictis
1551 2392 2043 2432 AustorgioetRomanaquod,
2056 2394 2297 2433 impedimento

1286 2444 1481 2484 hujusmodi
1497 2454 1561 2475 non
1580 2445 1746 2481 obstante,
1767 2446 1858 2476 licite
1874 2447 2050 2485 possintin
2063 2448 2111 2478 sic
2129 2450 2298 2480 contracto

1287 2498 1505 2528 matrimonio
1537 2507 1722 2535 remanere,
1750 2500 1948 2530 auctoritate
1972 2502 2089 2531 nostra
2107 2501 2296 2541 dispenses.

1287 2552 1412 2582 Datum
1430 2552 1517 2591 apud
1538 2552 1826 2589 Urbemveterem,
1847 2563 1881 2582 111
1898 2562 2003 2584 nonas
2020 2554 2194 2590 februarii,
2213 2565 2299 2587 anno

1286 2605 1400 2636 tertio.
1422 2615 1436 2635 >›

1380 2783 1474 2814 1282

1856 2784 1979 2818 Orvicto,
1995 2786 2011 2812 9
2027 2785 2132 2813 fcvrIer
2151 2787 2226 2814 1:202.

1325 2866 1463 2901 Episcopo
1482 2867 1615 2894 Saxcnati
1635 2867 1752 2894 mandat
1769 2870 1799 2895 ut
1814 2868 1849 2895 ab
1865 2869 2027 2904 Aymerico,
2044 2871 2198 2906 praeposito
2219 2873 2301 2899 ‹lesc-
