2519 3262
1083 270 1334 301 APPENDICE
1359 270 1399 300 ΙΙ.
2236 279 2273 307 39

205 357 225 393 †
248 358 315 397 Ego
332 358 436 389 frater
459 359 570 398 Hugo,
588 360 679 390 tituli
708 370 734 390 S.
760 360 881 392 Sabine
910 362 1077 400 presbiter
1104 363 1208 393 cardi—

283 412 383 446 nalis,
401 411 581 451 subcripsi.

202 511 223 546 †
244 508 313 546 Ego
327 507 528 545 Richardus‚
551 517 578 538 s.
599 509 718 548 Angeli
737 510 899 540 diaconus
917 511 1113 548 cardinalis,
1131 511 1206 541 sui)-

301 561 416 600 cripsi.

202 612 222 648 †
243 614 312 653 Ego
329 614 545 648 OctavIanus,
562 624 588 645 s.
609 616 712 646 Marie
731 616 765 646 in
780 617 843 646 Via
862 617 944 647 Lata
963 617 1123 648 diaconus
1140 626 1207 648 car-

279 667 415 703 dinalis,
433 667 633 707 subscripsi.

199 723 220 758 †
242 719 311 759 Ego
329 720 511 757 Johannes‚
524 730 551 752 s.
568 721 722 752 Nicholai
748 722 782 752 in
799 723 938 753 Carcere
961 723 1119 754 Tulliano
1139 724 1206 754 dia-

279 781 382 803 conus
399 774 593 810 cardinalis,
612 774 812 813 subscripsi.

198 825 218 861 †
242 826 311 864 Ego
344 826 543 863 Ottobonus,
573 836 600 857 s.
640 827 781 858 Adriani
814 828 975 858 diaconus
1010 829 1205 865 cardinalis,

278 879 478 919 subscripsi.

199 929 220 964 †
242 932 311 971 Ego
327 932 484 969 Jacobus,
504 942 531 964 s.
549 933 653 964 Marte
670 933 704 963 in
721 934 901 964 Cosmedin
921 934 1082 964 diaconus
1103 935 1205 965 cardi-

278 986 377 1022 nalis,
397 985 595 1024 subscripsi.

199 1035 220 1071 †
241 1038 311 1077 Ego
327 1039 548 1075 Gottefridus,
566 1048 594 1069 s.
610 1039 747 1078 Georgii
763 1040 804 1069 ad
820 1039 943 1070 Velum
964 1041 1114 1071 Aureum
1137 1041 1205 1071 dia*

277 1101 380 1122 conns
397 1092 588 1129 cardinaIIS,
608 1092 806 1131 subscripsi.

196 1146 217 1182 †
239 1145 306 1184 Ego
324 1144 483 1181 Uberius,
501 1154 528 1176 s,
546 1146 719 1176 Eustachii
736 1146 898 1177 diaconus
915 1147 1110 1182 cardinalis,
1128 1146 1205 1177 sub-

275 1199 408 1237 scripsi.

233 1296 357 1326 Datum
370 1296 516 1327 Viterbii
527 1306 586 1336 per
599 1306 738 1327 manum
752 1298 907 1337 magistri
918 1298 1070 1330 Jordani,
1083 1299 1198 1329 sancte

191 1349 342 1380 Romane
360 1350 500 1381 ecclesie
518 1351 641 1381 notarii
658 1352 689 1381 et
710 1351 977 1388 vicecancellari,
992 1360 1013 1381 v
1028 1351 1104 1381 idus
1115 1360 1201 1382 mar-

190 1402 242 1438 tii,
261 1402 444 1434 indictione
473 1413 504 1440 v,
546 1404 790 1434 incarnat-ionis
822 1404 988 1435 dominice
1025 1413 1111 1435 anno
1154 1405 1201 1435 Μο

191 1455 255 1486 CC⁰
271 1455 354 1492 LXI,
379 1457 594 1495 pontificatus
617 1465 696 1487 vero
715 1457 843 1488 domini
868 1457 996 1488 Urbani
1022 1467 1106 1497 pape
1135 1458 1200 1488 IIII

191 1517 277 1539 anno
293 1509 402 1548 primo
420 1510 440 1539 ¹.
458 1520 472 1538 η

279 1671 377 1702 2892
751 1670 877 1703 Viterbe,
898 1671 929 1697 ic
947 1678 1024 1697 mars
1046 1671 1123 1697 1262.

223 1754 312 1781 Priori
331 1757 358 1781 et
377 1754 514 1781 fratribus
536 1754 688 1789 hospitalis
706 1755 940 1790 Jerosolymitani
963 1754 990 1781 in
1011 1755 1143 1786 Francia,
1165 1755 1198 1782 li-

187 1804 312 1830 bertatcs
329 1806 356 1830 et
375 1803 575 1830 immunitates
596 1803 758 1832 confirmat.
775 1804 872 1838 (Aaou.
889 1804 961 1830 Nar.
980 1812 993 1830 1.
1010 1804 1072 1835 254,
1090 1809 1118 1830 Ψ
1141 1804 1196 1839 18.)

227 1912 241 1931 t(
255 1902 394 1932 Urbanus
406 1901 575 1941 episcopus,
587 1912 690 1931 servus
703 1912 858 1931 servorum
871 1902 938 1937 Dei,
953 1902 1070 1932 dilectis
1080 1903 1155 1942 filiis
1168 1927 1174 1932 .
1187 1927 1193 1932 .

184 1956 285 1996 priori
301 1961 328 1985 ec
344 1955 496 1994 fratribus
509 1955 668 1994 hospitalis
677 1955 925 1985 Jerosolimitani
943 1957 973 1985 in
989 1956 1132 1993 Francia,
1150 1967 1194 1986 sa-

185 2009 274 2039 lutem
291 2013 318 2039 et
334 2008 534 2048 apostolicam
553 2008 799 2039 benedictionem.
816 2009 900 2039 Cum
918 2018 936 2039 a
953 2009 1051 2040 nobis
1065 2027 1113 2041 —.
1131 2011 1195 2041 Da-

184 2065 256 2093 tum
270 2062 428 2099 Viterbii,
439 2071 510 2092 xvu
523 2062 685 2093 kalendas
701 2063 833 2101 aprilis,
847 2063 1063 2101 pontificatus
1083 2065 1193 2094 nostri

185 2125 271 2147 anno
288 2116 409 2155 primo.
431 2127 445 2142 »

743 2269 868 2301 Viterbe,
892 2270 924 2296 12
942 2278 1020 2296 mars
1041 2270 1120 2297 1202.

271 2271 368 2302 2393

218 2354 319 2381 Abbati
342 2362 365 2380 s.
386 2354 544 2380 Genovcfae
565 2353 736 2380 Parisiensis
759 2355 878 2381 mandat
901 2362 935 2381 nc
957 2355 1107 2388 permittat
1130 2363 1191 2382 mo·

182 2403 338 2430 nasterium
357 2403 523 2430 s.Germani
540 2403 574 2429 de
590 2403 683 2430 Pratis
698 2411 714 2430 a
730 2403 874 2430 nonnullis
891 2403 1037 2438 praelatis,
1052 2403 1189 2438 capitulis

181 2456 205 2479 et
223 2452 393 2479 ol‘fivialibus
413 2451 574 2486 inquietari.
596 2453 694 2485 (Anca.
712 2452 784 2478 NAT.
809 2460 823 2478 L
837 2452 889 2479 254
904 2458 934 2478 n⁰
955 2453 1010 2483 16.)

221 2558 235 2577 t<
255 2547 393 2578 Urbanus
407 2548 576 2588 episcopus,
595 2557 695 2577 servus
705 2557 856 2577 servorum
869 2547 936 2584 Dei,
953 2547 1065 2577 dilecto
1078 2548 1144 2588 filio
1155 2571 1162 2578 .
1181 2572 1187 2578 .

181 2602 315 2632 abbatis.
331 2601 480 2640 Genovcfc
494 2601 686 2638 Parisiensis,
697 2600 823 2631 salutem
839 2605 866 2630 et
881 2601 1085 2641 apostolicam
1103 2601 1187 2632 bene-

179 2655 350 2685 dictionem.
376 2655 443 2686 Sua
456 2654 554 2684 nobis
571 2654 686 2685 dilecti
700 2654 762 2684 filii
781 2677 787 2683 .
805 2677 812 2685 .
828 2654 931 2685 abbas
951 2656 983 2685 et
1002 2656 1188 2686 conventus

179 2708 377 2739 monasterii
401 2716 426 2738 s.
445 2707 606 2739 Germani
621 2707 661 2737 de
680 2707 794 2738 Pratis
815 2707 1035 2744 Parisiensis‚
1057 2707 1188 2738 ordinis

179 2771 206 2792 s.
224 2761 407 2798 Benedicti,
425 2760 465 2791 ad
482 2761 671 2791 Romanam
688 2760 866 2791 ecclesiam
880 2760 973 2791 nullo
986 2760 1097 2791 medio
1112 2769 1185 2799 per-

210 2880 231 2902 i.
249 2878 327 2903 Cette
345 2877 422 2901 bulte
434 2879 476 2902 est
493 2877 644 2908 rapportee
660 2877 732 2901 dans
755 2884 793 2901 un
812 2877 937 2902 vidimus
951 2877 984 2901 de
1006 2877 1134 2901 l'official
1153 2876 1185 2900 de

178 2924 324 2952 L‘esancon
349 2922 412 2947 date
430 2922 468 2947 du
495 2922 604 2946 samedi
629 2923 717 2946 avant
744 2921 772 2946 la
798 2922 851 2946 sete
876 2922 910 2946 de
933 2929 958 2947 s.
989 2922 1094 2946 Michel
1126 2922 1186 2945 1326

176 2969 215 3000 (27
230 2967 389 2999 septembre
404 2968 484 2998 1326.)

1262 363 1414 399 tinentis,
1438 363 1599 402 petitione
1622 366 1853 395 monstrarunt
1879 367 1979 405 quod,
1998 366 2076 397 licet
2093 368 2142 397 eis
2163 371 2271 399 certos

1262 418 1515 447 conservatores
1534 417 1790 456 privilegiorum
1813 427 1951 449 suorum
1969 420 2153 458 apostolica
2174 423 2270 453 sedes

1262 469 1396 499 duxerit:
1414 469 1634 507 deputandos,
1652 470 2013 502 nicliilominustarnen
2031 474 2184 504 nonnulli
2200 483 2272 513 pre-

1261 522 1331 558 lati,
1346 522 1492 560 capitula
1502 525 1533 552 et
1547 522 1712 553 officiales
1723 532 1763 553 ex
1781 533 1818 554 eo
1835 524 2080 565 funientes(sic)
2095 527 2269 558 audaciam

1261 575 1348 613 quod
1367 575 1469 605 iidem
1486 577 1741 606 conservatores
1757 579 1872 607 contra
1889 586 1946 608 eos
1960 587 2023 608 non
2039 581 2181 617 possunt
2194 589 2269 619 pro-

1260 628 1388 663 cedere,
1411 637 1485 658 cum
1514 628 1563 658 eis
1590 629 1679 667 quod
1705 631 2002 665 excommunicari,
2030 633 2191 672 suspendi
2216 635 2269 664 vel

1261 681 1416 711 interdici
1441 689 1507 710 non
1524 681 1656 712 valeant
1674 691 1692 712 a
1707 683 1784 713 sede
1800 683 1844 713 sit
1863 683 2029 714 indultum
2051 686 2177 720 eadem,
2204 687 2270 717 dic-

1260 735 1312 764 tos
1331 733 1485 764 abbatem
1513 736 1545 765 et
1571 737 1771 765 conventum
1790 738 1906 766 contra
1921 737 2175 776 privilegiorum
2194 748 2269 770 nos-

1261 788 1389 817 trorum
1417 789 1569 817 tenorem
1604 788 1838 826 multipliciter
1876 789 2074 828 inquietant.
2107 792 2269 827 Quocirca

1260 840 1453 870 discretioni
1471 843 1525 871 tue
1541 849 1601 879 per
1614 842 1799 880 apostolica
1809 842 1936 881 scripta
1950 844 2150 874 mandamus
2161 846 2268 883 quati-

1261 902 1334 927 nus,
1352 893 1544 931 hujusmodi
1562 894 1772 934 indulgentia
1788 904 1853 925 non
1868 895 2034 933 obstante,
2049 905 2114 927 non
2132 899 2269 936 permit‘

1260 948 1311 977 tas
1328 955 1388 985 per
1407 948 1439 977 te
1458 947 1510 977 vel
1531 956 1590 986 per
1613 948 1718 978 alium
1741 949 1968 987 predictorum
1993 952 2269 981 conservatorum

1260 999 1409 1030 osticium
1423 999 1464 1030 ab
1476 1000 1648 1039 aliquibus
1661 1001 1832 1040 impediri,
1842 1002 2068 1033 temeritatem
2081 1011 2196 1033 eorum
2210 1004 2268 1042 qui

1259 1054 1374 1083 contra
1393 1054 1675 1092 presumpserint,
1701 1063 1761 1093 per
1785 1063 1963 1085 censuram
1990 1056 2265 1092 ecclesiasticam,

1259 1107 1484 1145 appellatione
1516 1107 1718 1146 postposita,
1764 1109 2018 1147 compescendo,
2052 1109 2267 1148 presentibus

1258 1160 1334 1198 post
1349 1160 1619 1199 quinquennium
1638 1161 1779 1192 minime
1794 1161 1962 1192 valituris.
1974 1162 2098 1192 Datum
2108 1163 2267 1198 Viterbii,

1258 1222 1307 1242 1111
1324 1213 1400 1243 idus
1416 1214 1542 1250 martii,
1561 1214 1779 1253 pontificatus
1796 1215 1903 1245 nostri
1921 1224 2008 1246 anno
2025 1215 2134 1254 primo
2148 1217 2169 1245 ¹.
2190 1229 2205 1244 »

1826 1373 1951 1407 Viterbc,
1968 1373 2002 1400 23
2020 1382 2097 1401 mars
2118 1375 2194 1402 1262.

1346 1373 1443 1403 2894

1289 1455 1439 1490 Anagnino
1459 1455 1591 1490 episcopo
1608 1456 1748 1483 moniales
1764 1466 1786 1483 s.
1808 1457 1883 1484 Petri
1906 1458 1940 1484 de
1966 1458 2062 1485 Vineis
2084 1467 2170 1494 prope
2187 1460 2262 1486 Ana-

1254 1504 1363 1539 gniam,
1383 1504 1490 1531 ordinis
1510 1513 1534 1534 s,
1565 1505 1706 1535 Damiani,
1731 1506 1899 1533 committit.
1920 1507 2018 1541 (Aaou.
2042 1508 2138 1534 CAPIT.
2158 1509 2262 1536 οἈΝΑ-

1253 1561 1301 1579 Gx1
1320 1561 1327 1579 1
1348 1558 1380 1579 n0
1397 1554 1453 1586 39.)

1292 1654 1308 1675 ((
1334 1644 1474 1674 Urbanus
1503 1645 1671 1684 episcopus,
1699 1655 1800 1675 servus
1824 1656 1977 1676 servorum
2003 1647 2069 1683 Dei,
2096 1648 2260 1678 venerabili

1250 1697 1356 1736 fratri.
1381 1722 1386 1726 .
1406 1698 1547 1737 episcopo
1563 1698 1739 1737 Anaqnim,
1759 1698 1885 1729 salutem
1906 1704 1933 1729 et
1952 1700 2150 1740 apostolicam
2174 1701 2261 1731 hene-

1251 1750 1424 1780 dictionem.
1443 1752 1565 1781 Datum
1582 1751 1738 1788 Viterbii,
1757 1761 1779 1782 x
1802 1753 1964 1783 kalendas
1980 1754 2110 1792 apriliS,
2130 1755 2261 1793 pontifi-

1251 1805 1345 1834 catus
1377 1804 1485 1835 nostri
1505 1813 1591 1834 anno
1610 1805 1730 1843 primo.
1751 1815 1765 1834 υ

1819 1959 1944 1990 viterbo,
1959 1961 1993 1987 23
2012 1969 2088 1987 mars
2110 1962 2184 1988 1202.

1341 1959 1436 1990 2895

1283 2042 1510 2076 Archiepiscopis
1526 2044 1553 2069 et
1569 2042 1710 2077 episcopis
1730 2044 1847 2070 mandat
1865 2047 1895 2071 ut
1912 2044 2060 2079 magistris
2076 2049 2103 2072 et
2119 2045 2255 2073 fratribus

1249 2091 1401 2126 Hospitalis
1415 2100 1438 2118 s.
1452 2092 1568 2118 Antonii
1582 2092 1751 2119 Viennensis
1763 2092 1883 2119 diocesis
1896 2094 2002 2120 exsolvi
2020 2094 2125 2121 saciant
2140 2095 2212 2121 bona
2229 2099 2256 2122 et

1248 2140 1341 2175 legata
1353 2140 1422 2175 ipsis
1433 2149 1483 2175 pro
1495 2141 1705 2168 sustentatione
1720 2150 1876 2176 pauperum
1891 2143 2051 2176 promissis.
2069 2144 2167 2177 (Anca.
2182 2145 2242 2170 Nar

1248 2198 1262 2216 L
1278 2190 1340 2223 252,
1359 2196 1388 2216 n⁰
1405 2190 1459 2225 19.)

1287 2290 1301 2309 (‹
1323 2280 1462 2310 Urbanus
1472 2281 1641 2320 episcopus,
1659 2291 1761 2310 servus
1779 2291 1932 2312 servorum
1953 2282 2016 2316 Dei,
2034 2284 2253 2314 venerabilibus

1243 2334 1394 2373 fratribus
1418 2334 1655 2373 archiepiscopis
1681 2339 1707 2363 ec
1737 2335 1886 2375 episcopis
1914 2336 1954 2364 all
1981 2346 2053 2374 quos
2079 2336 2178 2366 littere
2199 2339 2253 2368 isle

1244 2387 1448 2427 pervenerint,
1476 2387 1602 2417 salutem
1629 2392 1657 2416 et
1675 2388 1872 2427 apostolicam
1890 2388 2134 2419 benedictionem.
2158 2391 2250 2422 Sicut

1245 2441 1359 2471 dilecti
1376 2441 1437 2471 filii
1454 2464 1460 2470 .
1476 2466 1481 2471 .
1499 2441 1672 2480 magister,
1685 2443 1717 2471 et
1732 2441 1853 2471 fratres
1864 2442 2054 2480 Hospitalis
2070 2452 2097 2472 s.
2112 2444 2250 2475 Antonii

1243 2495 1448 2525 Viennensis
1472 2494 1618 2524 diocesis
1640 2493 1737 2524 nobis
1762 2494 1952 2532 significare
1977 2497 2147 2533 curarunt,
2170 2505 2250 2527 non-

1243 2548 1329 2578 nulli
1347 2548 1461 2578 clerici
1476 2549 1507 2578 et
1520 2547 1598 2577 laici
1615 2549 1805 2577 vestrarum
1817 2547 1991 2577 civitatum
2006 2549 2037 2578 et
2050 2548 2248 2587 diocesium,

1244 2602 1436 2633 emittentes
1452 2602 1538 2636 vota,
1556 2599 1643 2630 bona
1657 2600 1820 2638 eligentes
1832 2602 1863 2630 et
1875 2600 1941 2630 alia
1952 2601 2086 2632 nomine
2100 2611 2126 2632 S.
2145 2604 2249 2634 Anto-

1243 2655 1290 2685 nii
1301 2654 1545 2694 promittentes,
1560 2653 1619 2683 illa
1628 2653 1842 2692 postmodum
1855 2653 1995 2692 implere
2009 2663 2045 2684 ac
2060 2655 2202 2694 solvere,
2215 2657 2249 2687 in

1242 2708 1453 2738 infirmorum
1464 2716 1500 2737 ac
1509 2715 1694 2746 pauperum
1702 2706 1891 2745 Hospitalis
1900 2706 2008 2746 ipsius
2019 2707 2246 2747 dispendium,

1241 2761 1504 2800 pretermittunt.
1533 2760 1627 2791 Unde
1653 2759 1750 2790 nobis
1769 2759 1942 2790 humiliter
1959 2761 2193 2800 supplicarunt
2211 2766 2248 2795 ut

1242 2823 1342 2853 super
1353 2814 1414 2844 hoc
1425 2822 1622 2844 curaremus
1638 2813 1824 2843 remedium
1837 2813 2060 2852 apostolicum
2074 2815 2246 2847 adhibere.

1273 2921 1294 2945 t.
1316 2920 1360 2944 Au
1377 2919 1437 2945 dos.
1454 2919 1537 2943 d'une
1554 2918 1678 2943 ecriture
1694 2918 1731 2942 du
1746 2923 1798 2943 xvc
1815 2925 1855 2944 s.:
1877 2918 1975 2943 nullius
1990 2919 2084 2944 valor-is
2099 2921 2162 2952 quia
2175 2921 2245 2953 expi-

1240 2966 1338 2989 ratum.
