2519 3262
1078 186 1316 224 TROISIPME
1343 185 1505 222 ANNEE.

256 279 505 318 impediendum
540 278 682 317 predicti
712 278 817 308 nostri
849 277 995 307 mandati
1026 276 1258 306 executionem

255 332 501 370 interposuisse
525 331 659 365 dicitur,
687 331 884 361 auctoritate
909 331 1023 359 nostra
1054 329 1262 367 suspendere

255 385 443 424 procuretis
457 393 494 414 ac
504 393 591 421 eum,
604 384 758 422 usquead
769 382 1034 412 satisfactionem
1048 381 1261 419 condignam,

256 438 388 468 faciatis
427 446 563 467 manere
595 444 809 475 suspensum.
828 434 1098 465 Contradictores
1121 433 1262 463 auctori-

255 492 321 521 tate
349 490 467 526 simili,
485 489 618 520 sublato
645 487 883 527 appellationis
905 486 1089 519 obstaculo,
1111 494 1259 524 compes-

255 544 370 574 cendo.
399 544 475 574 Non
498 542 651 573 obstante
674 541 704 570 si
726 558 772 568 —.
797 540 921 570 Datum
941 539 1028 578 apud
1044 539 1263 570 Urbemvete-

256 605 338 633 rem,
362 606 410 626 xri
434 595 596 626 kalendas
615 593 739 629 martii,
765 601 850 623 anno
867 592 979 622 tertio.
1009 602 1023 621 »

790 768 914 800 Orvieto,
934 768 967 795 19
985 767 1090 794 ferrici·
1113 768 1189 795 12111.

348 772 442 803 1313

290 853 480 888 infrascriptis
501 853 616 879 mandat
637 853 672 879 ad
689 853 786 879 sedem
799 852 989 886 apostolicam
1002 852 1089 879 citent
1107 851 1262 886 archiepis-

254 911 356 937 copum
375 902 583 933 Coloniensem,
601 901 623 928 si
640 902 809 928 mandatum
827 900 1016 935 apostolis-um
1038 902 1070 927 de
1088 901 1213 927 Aruoldo
1235 901 1263 927 in

254 952 465 986 possessionem
475 951 690 985 praepositurae
701 951 850 981 mittendo,
861 950 959 984 exequi
971 958 1057 976 renue
1065 949 1112 976 rit.
1126 950 1205 984 (aaa.
1215 950 1262 983 29,

254 1000 301 1027 fol.
324 1001 372 1027 112
388 1004 428 1031 νῦ,
450 1004 482 1026 n⁰
496 999 574 1033 303.)

948 1132 954 1138 .
976 1135 980 1140 .
1006 1109 1120 1139 decano
1141 1109 1263 1139 ecclesie

253 1167 354 1193 sancte
372 1163 469 1193 Marte
495 1163 693 1198 Przcmiensis,
718 1162 906 1192 Treuerensis
939 1162 1077 1192 diocesis.
1110 1163 1263 1193 Dilectus

254 1216 344 1246 filius
362 1216 543 1253 Arnoldus,
561 1216 756 1255 capellanus
773 1217 898 1252 noster,
915 1218 1012 1246 natus
1026 1215 1150 1246 nobilis
1163 1216 1261 1246 viri..

255 1270 387 1300 comitis
404 1270 443 1299 de
460 1270 537 1306 Los,
558 1270 752 1308 prepositus
778 1270 918 1300 ecclesie
943 1269 1168 1306 Coloniensis,
1203 1278 1264 1299 sua

255 1322 351 1352 nobis
370 1323 531 1360 petitione
550 1323 847 1361 monstravitquod
863 1324 896 1353 in
911 1323 1103 1353 Coloniensi
1120 1323 1263 1353 ecclesia

255 1375 418 1406 electione
436 1375 603 1405 celebrata
623 1375 662 1405 de
686 1375 872 1405 venerabili
903 1375 1004 1405 fratre
1030 1377 1164 1405 nostro.
1181 1400 1186 1405 .
1204 1376 1264 1406 Co-

256 1428 401 1458 loniensi
419 1428 684 1466 archiepiscopo,
706 1428 914 1463 confirmata,
936 1437 995 1458 nos
1013 1428 1263 1467 preposituram

255 1481 341 1511 dicte
355 1481 506 1516 ecclesie,
525 1489 624 1520 quam
636 1481 724 1511 idem
736 1481 1020 1519 archiepiscopus,
1039 1482 1264 1519 promotionis

256 1543 313 1563 sue
328 1536 489 1572 tempore,
506 1533 690 1568 obtinebat,
704 1534 812 1564 eidem
832 1534 979 1564 Arnoldo
992 1534 1197 1564 contulimus
1217 1535 1265 1573 ip-

256 1596 398 1625 sumque
415 1595 474 1625 per
493 1588 645 1617 nostrum
662 1587 800 1616 anulum
823 1587 1057 1616 investivimus
1082 1587 1120 1616 de
1147 1587 1264 1617 eadem

294 1119 309 1139 «
335 1109 457 1139 Eisdem
488 1110 590 1140 abbati
608 1114 633 1139 el
654 1109 868 1139 archidiacono
889 1114 915 1138 el

256 1644 506 1674 etdeerevimus
520 1644 653 1674 irritum
663 1646 693 1674 et
705 1644 803 1674 inane
813 1646 887 1679 etc.‚
902 1645 936 1673 ut
947 1653 1049 1682 supra
1062 1644 1096 1673 vin
1110 1645 1264 1682 proxima

256 1698 295 1727 de
315 1697 414 1727 verbo
431 1698 472 1727 ad
488 1697 627 1727 verbum
649 1706 756 1736 usque
780 1697 918 1727 admisit
941 1699 983 1732 et,
1015 1706 1137 1727 manus
1156 1698 1265 1736 ipsius

256 1751 295 1780 A.
310 1751 482 1780 intersitas
493 1750 673 1789 recipiens,
690 1749 728 1780 ab
745 1750 862 1780 eodem
875 1752 912 1779 A.
928 1750 1052 1788 recepit
1068 1750 1263 1788 homagium

255 1805 330 1839 etc.,
349 1806 381 1833 ut
400 1803 434 1832 in
453 1803 569 1833 eadem
588 1803 766 1841 superiori.
786 1811 892 1841 usque
915 1804 1144 1840 procurarent.
1179 1806 1264 1833 Sane

256 1856 426 1895 predictus
447 1855 720 1894 archiepiscopus
743 1856 775 1885 in
794 1856 990 1886 executione
1017 1856 1166 1886 mandati
1190 1865 1261 1886 nos·

254 1910 297 1940 tri
309 1910 487 1948 procedere
498 1908 657 1948 neglexit,
670 1909 702 1938 in
710 1910 939 1947 contemptum
948 1910 1100 1938 nostrum
1112 1918 1147 1939 ac
1156 1909 1266 1948 ipsius

256 1962 627 2001 Arnoldiprejudicium
640 1962 671 1992 et
686 1971 884 2001 gravamen,
900 1964 1036 2000 propter
1049 1962 1137 2000 quod
1154 1963 1265 1992 dictus

255 2016 425 2046 Arnoldus
444 2015 585 2045 incurrit
601 2015 746 2054 dampna
763 2016 877 2053 gravia
905 2016 935 2045 et
962 2024 1140 2053 expensas,
1161 2024 1262 2054 super

255 2078 319 2108 qno
338 2069 369 2108 ip
378 2077 409 2098 se
429 2069 469 2098 ad
491 2070 641 2099 nostram
653 2068 900 2107 providentiam
916 2077 1087 2099 recurrere
1100 2070 1151 2099 est
1169 2077 1262 2099 coac-

254 2123 320 2152 tus.
339 2121 501 2152 Nolentes
521 2121 625 2160 igitur
642 2121 731 2160 quod
750 2121 838 2151 idem
864 2121 1059 2159 capellanus
1083 2121 1266 2152 frustretur

256 2175 340 2205 facta
360 2174 425 2204 sibi
445 2175 552 2213 gratia
570 2175 602 2204 in
624 2174 684 2204 hac
710 2175 817 2213 parte,
852 2174 1049 2204 discretioni
1077 2175 1187 2205 vestre
1207 2183 1266 2213 per

255 2228 440 2266 apostolica
458 2227 594 2266 scripta,
613 2228 647 2257 in
663 2227 786 2258 virtute
804 2226 1009 2263 obedientie,
1024 2227 1177 2257 districte
1192 2236 1265 2266 pre-

254 2281 408 2318 cipiendo
423 2281 622 2311 mandamus
635 2280 795 2319 quatinus
807 2289 866 2310 vos
880 2281 935 2310 aut
952 2280 1017 2309 duo
1031 2280 1082 2310 vel
1095 2288 1181 2309 unus
1194 2288 1266 2309 ves-

255 2335 343 2363 trum
361 2342 420 2372 per
436 2342 495 2363 vos
512 2333 566 2363 vel
584 2343 642 2372 per
661 2334 745 2363 alios
772 2342 831 2363 seu
850 2333 955 2363 alium
977 2333 1121 2364 eundem
1142 2332 1266 2363 archie-

255 2386 431 2424 piscopum
443 2395 484 2416 ex
506 2387 601 2425 parte
622 2388 737 2417 nostra
761 2395 896 2416 monere
914 2387 946 2416 et
972 2386 1130 2417 inducere
1147 2394 1266 2425 procu-

256 2439 392 2474 retisut,
402 2439 687 2478 infraquindecim
697 2439 768 2469 dies
776 2440 852 2478 post
866 2440 1087 2470 monitionem
1102 2440 1266 2475 vestram,

256 2501 321 2522 non
334 2492 545 2523 obstantibus
562 2492 846 2531 appellationibus
854 2501 938 2531 quas
954 2493 995 2523 ad
1007 2492 1264 2531 impediendum

255 2545 396 2584 predicti
412 2545 559 2575 mandati
578 2545 684 2575 nostri
697 2546 942 2582 executionem,
959 2546 1207 2584 interposuisse
1219 2545 1266 2575 di-

255 2599 354 2634 citur,
370 2598 557 2637 injunctum
575 2598 639 2628 sibi
656 2600 850 2637 preceptum
869 2599 1093 2637 apostolicum
1115 2607 1174 2638 per
1193 2607 1267 2637 pre-

256 2652 362 2682 dictas
373 2653 506 2681 nostras
520 2651 586 2681 sibi
596 2651 881 2682 directaslitteras
889 2653 1089 2691 exequatur.
1103 2651 1267 2691 Alioquin

256 2704 369 2743 ipsum
387 2706 508 2735 extunc
521 2704 747 2743 perempt0r1e
759 2705 861 2735 citare
877 2705 1002 2735 curetis
1015 2707 1063 2741 ut,
1078 2705 1165 2735 infra
1181 2705 1268 2735 duos

257 2766 391 2788 menses
406 2759 481 2797 post
500 2758 693 2788 citationem
714 2759 873 2792 vestram,
888 2758 1114 2796 personaliter
1133 2767 1267 2797 compa-

257 2812 328 2840 reat
345 2819 456 2841 coram
473 2810 581 2846 nobis,
595 2819 696 2849 super
712 2819 773 2840 sua
789 2810 1018 2841 inobedientia
1035 2811 1161 2841 nostris
1178 2811 1267 2850 pari-

257 2865 353 2893 turus
382 2864 550 2894 mandatis
591 2872 627 2894 ac
657 2863 766 2894 eidem
798 2863 947 2894 Arnoldo
980 2863 1019 2893 de
1048 2863 1204 2902 dampnis
1235 2866 1266 2894 et

2263 197 2321 228 175

1319 275 1681 314 expensishujusmodi
1701 276 1965 306 satisfactionem
1990 278 2176 316 plenariam
2196 280 2320 318 impen-

1319 337 1431 357 surus.
1452 328 1549 358 Diem
1568 337 1645 357 vero
1672 328 1841 358 citationis
1871 330 1902 359 ct
1934 330 2073 360 formam
2104 333 2133 361 et
2163 332 2322 371 quicquid

1319 380 1394 410 inde
1416 380 1574 416 feceritis,
1589 380 1685 410 nobis
1701 390 1758 419 per
1773 383 1900 411 vestras
1916 382 2046 412 litteras
2062 383 2179 413 harum
2200 385 2322 415 seriem

1318 434 1540 468 continentes,
1560 434 1704 464 fideliter
1729 434 1886 464 intimare
1920 436 2056 465 curetis.
2079 437 2200 466 Datum
2237 437 2323 476 apud

1319 486 1607 521 Urbemveterem,
1627 496 1674 516 xii
1699 487 1860 517 kalendas
1879 488 2003 523 martii,
2025 497 2111 518 anno
2137 489 2246 519 tertio.
2269 500 2283 518 »

1412 654 1505 684 1314

1858 654 1981 686 Orvieio,
2003 655 2034 681 10
2052 655 2153 681 sex-rior
2177 655 2253 682 1204.

1355 737 1560 763 Archidiacono
1577 740 1603 763 et
1625 737 1762 771 magistro
1780 737 1919 772 Philippo,
1936 739 2011 765 dieto
2031 740 2158 769 Romano,
2186 740 2324 767 canonico

1319 785 1594 819 Cenomanensibus,
1612 786 1728 812 mandat
1740 788 1771 813 111
1784 787 1919 813 Jacobum
1934 787 2082 821 clericum,
2096 790 2194 814 natum
2206 788 2324 821 Cinthii,

1319 834 1388 861 civis
1411 833 1543 866 Romani,
1564 835 1590 860 in
1614 834 1734 861 ecclesia
1756 843 1767 861 s
1806 835 1940 861 Mederici
1962 835 2129 862 l‘arisiensis
2157 837 2184 863 in
2207 837 2325 864 canoni-

1321 891 1385 909 cum
1403 882 1488 917 recipi
1517 882 1633 909 faciant.
1655 883 1732 916 (luza.
1753 884 1796 915 29,
1817 883 1863 910 l'ol⁴
1890 884 1937 910 112
1960 888 1995 912 v0,
2014 888 2047 910 11·
2068 885 2142 912 3134.)

1360 993 1374 1012 ((
1394 1006 1400 1012 .
1418 1007 1423 1013 .
1441 982 1668 1019 archidiacono,
1683 987 1710 1012 et
1731 983 1876 1022 maqistro
1890 982 2046 1023 l’lzylippo
2061 984 2140 1014 dicto
2156 985 2324 1023 Romano,

1320 1036 1463 1065 canonico
1494 1035 1779 1066 cenomanensibus.
1800 1037 1997 1075 Apostolice
2022 1038 2113 1067 sedis
2135 1037 2325 1077 benignitas

1321 1107 1368 1118 —.
1390 1089 1474 1119 Cum
1505 1089 1608 1128 igitur
1637 1089 1780 1119 dilectus
1810 1089 1901 1119 filius
1932 1089 2056 1120 nobilis
2083 1091 2134 1121 vir
2157 1091 2324 1128 Cinthius,

1319 1143 1404 1173 civis
1421 1143 1604 1179 Romanus,
1622 1143 1730 1181 ipsius
1745 1143 1836 1173 sedis
1848 1143 1988 1174 devotus
2004 1144 2126 1174 existat
2144 1153 2180 1174 ac
2195 1145 2224 1174 01
2241 1153 2327 1174 sem·

1320 1204 1379 1234 per
1398 1196 1469 1234 ipse
1487 1196 1608 1234 suique
1626 1195 1858 1234 progenitores
1873 1204 1932 1234 per
1947 1198 2040 1233 grata
2055 1197 2214 1227 stu‹.luere
2232 1197 2327 1227 obse-

1320 1249 1399 1287 quia
1415 1249 1635 1287 complacere,
1653 1257 1725 1285 nos,
1742 1249 2009 1280 consideratione
2028 1250 2148 1288 ipsius,
2167 1250 2326 1280 dilectum

1321 1301 1428 1331 tilium
1444 1301 1621 1337 Jacobum,
1640 1301 1799 1331 clericum
1824 1304 1937 1331 natum
1965 1302 2049 1340 ejus,
2073 1303 2230 1342 prosequi
2256 1312 2328 1342 gra—

1319 1354 1406 1385 tiose
1424 1354 1587 1390 volentes,
1609 1354 1805 1385 discretioni
1819 1356 1928 1385 vestre
1948 1355 2147 1385 mandamus
2161 1357 2327 1394 quatenus

1322 1408 1463 1437 eundem
1483 1407 1642 1437 clericum
1664 1407 1806 1444 faciatis,
1831 1408 2027 1438 auctoritate
2052 1409 2178 1444 nostra,
2196 1417 2255 1438 vos
2274 1408 2326 1438 vel

1322 1461 1406 1490 alter
1421 1462 1570 1490 vestrum
1589 1469 1647 1498 per
1662 1469 1720 1490 vos
1738 1460 1790 1490 vel
1809 1469 1866 1498 per
1879 1461 1982 1490 alium
1999 1469 2059 1491 seu
2076 1461 2161 1490 alios
2175 1461 2207 1490 in
2224 1461 2326 1491 eccle-

1322 1514 1371 1543 sia
1390 1513 1498 1542 sancti
1518 1513 1676 1543 Mederici
1691 1513 1907 1547 Parisiensis‚
1923 1513 2104 1543 dummodo
2119 1523 2182 1543 non
2203 1514 2244 1543 sit
2260 1514 2325 1543 nisi

1322 1574 1408 1595 unus
1428 1566 1460 1595 in
1486 1565 1601 1595 eadem
1636 1565 1778 1596 ecclesia
1808 1566 1945 1604 speciali
1980 1567 2178 1596 auctoritate
2213 1568 2327 1597 nostra

1322 1618 1525 1656 prebendam
1541 1620 1733 1647 vacaturam
1751 1619 1942 1656 expectans,
1964 1619 1995 1647 in
2013 1619 2207 1649 canonicum
2224 1619 2327 1657 recipi

1322 1672 1352 1701 et
1373 1671 1404 1700 in
1423 1671 1560 1701 fratrem
1580 1671 1711 1709 sibique
1729 1671 1935 1709 provideatis
1954 1671 1993 1701 de
2022 1671 2202 1710 prebenda,
2228 1673 2257 1701 si
2276 1681 2329 1702 va·

1322 1726 1372 1754 cat
1396 1723 1523 1754 ibidem
1544 1724 1585 1753 ad
1605 1732 1744 1762 presens
1765 1724 1817 1753 vel
1842 1724 2094 1762 quamprimum
2115 1725 2155 1754 ad
2179 1725 2211 1754 id
2237 1725 2327 1755 obtu-

1322 1777 1400 1807 lerit
1417 1785 1452 1806 se
1473 1776 1626 1811 facultas,
1658 1776 1758 1806 stallo
1789 1776 1897 1806 eidem
1930 1777 1964 1806 in
1993 1777 2091 1807 choro
2124 1779 2156 1807 et
2186 1778 2258 1807 loeo
2293 1778 2326 1807 in

1322 1830 1481 1868 capitulo⁷
1500 1838 1574 1859 cum
1601 1829 1689 1867 juris
1720 1830 1869 1859 canonici
1888 1830 2108 1867 plenitudine,
2131 1831 2323 1869 assignatis.

1322 1884 1397 1914 Non
1415 1882 1567 1912 obstante
1587 1900 1634 1911 —.
1666 1882 1937 1912 Contradictores
1964 1885 2024 1913 etc.
2047 1892 2153 1921 usque
2180 1891 2329 1922 compes·

1322 1935 1435 1966 cende.
1455 1936 1579 1965 Datum
1594 1935 1682 1973 apud
1694 1935 1980 1969 Urbemveterem,
2002 1945 2045 1965 xv
2063 1936 2224 1965 kalendas
2244 1945 2329 1965 mar-

1322 1989 1373 2025 tii,
1392 1997 1477 2018 anno
1498 1988 1608 2019 tertio.
1629 1998 1642 2016 ι)

1414 2165 1509 2196 1315

1862 2163 1983 2195 Orvieto,
2001 2165 2035 2191 20
2045 2163 2158 2199 janvier
2177 2164 2251 2190 1202.

1358 2247 1460 2274 Abbati
1480 2248 1513 2274 de
1532 2248 1658 2274 Lavanza
1678 2247 1705 2273 in
1726 2247 1845 2274 ecclesia
1867 2247 2015 2274 l‘alentina
2037 2249 2151 2274 mandat
2179 2250 2208 2274 ut
2226 2256 2326 2281 quain-

1324 2296 1380 2322 cito
1400 2295 1520 2322 .Ιο111111111
1543 2295 1660 2330 Pelagii,
1680 2295 1880 2322 archidiacono
1899 2296 2073 2330 Urgesseusi,
2091 2296 2240 2330 capellano
2257 2296 2331 2330 epis-

1323 2345 1384 2378 copi
1408 2344 1607 2371 l'renestiniet
1622 2344 1725 2371 elerico
1743 2344 1818 2379 regis
1839 2344 1980 2370 Castellae
1995 2347 2021 2370 et
2038 2345 2178 2380 Legionis,
2196 2345 2222 2371 111
2240 2345 2329 2371 eccle-

1324 2393 1366 2420 sia
1389 2393 1585 2420 Salamantina
1604 2394 1637 2419 de
1655 2393 1805 2427 praebenda
1822 2393 1980 2427 provideat.
1998 2393 2076 2428 (Rae.
2092 2394 2136 2425 29,
2155 2393 2200 2420 fol.
2224 2394 2272 2420 ir.)
2288 2399 2324 2425 w,

1325 2444 1355 2464 nn
1370 2439 1447 2473 365.)

1364 2554 1378 2573 ‹(
1402 2543 1513 2573 Abbati
1543 2543 1579 2573 de
1602 2543 1741 2573 Lavanza
1770 2543 1799 2572 in
1821 2542 1943 2573 ecclesia
1973 2543 2146 2574 Pale-utine.
2175 2545 2326 2576 Dilectus

1324 2597 1416 2628 filius
1444 2597 1615 2627 Johannes
1643 2597 1783 2635 Pelagii,
1814 2596 2068 2628 archidiaconus
2102 2598 2327 2636 Urgellensis,

1324 2650 1518 2690 capellanus
1539 2649 1744 2680 venerabilis
1767 2649 1882 2680 fratris
1904 2651 2031 2681 nostri.
2050 2676 2055 2681 .
2081 2651 2230 2690 episcopi
2251 2652 2331 2681 Pre-

1325 2704 1462 2739 nestini‚
1480 2705 1510 2734 et
1528 2703 1670 2734 clericus
1692 2702 1866 2734 karissimi
1888 2703 1921 2734 in
1940 2703 2072 2734 Christo
2094 2703 2155 2733 tilii
2176 2705 2283 2734 nostri
2300 2730 2305 2735 .
2323 2727 2330 2734 .

1325 2757 1471 2787 illustris
1491 2757 1579 2795 regis
1601 2756 1747 2787 Castelle
1776 2757 1807 2787 et
1829 2757 2000 2795 Legionis,
2026 2757 2182 2795 exposuit
2214 2766 2326 2788 coram

1325 2810 1423 2841 nobis
1440 2810 1539 2849 quod,
1555 2809 1632 2839 licet
1647 2809 1718 2848 ipse
1732 2809 1859 2839 dudum
1876 2810 1909 2839 111
1925 2810 2067 2840 ecclesia
2081 2810 2325 2847 Salamantina,

1324 2864 1359 2894 in
1376 2872 1441 2902 qua
1458 2866 1536 2894 tunc
1546 2864 1616 2893 erat
1627 2863 1866 2902 portionarius,
1884 2864 2081 2893 auctoritate
2093 2863 2202 2893 felicis
2218 2873 2326 2894 recor-
