2519 3262
180 219 218 248 ⁶28

220 301 385 332 Tenorem
410 302 599 332 litterarum
624 302 774 341 ipsarum
801 303 840 333 de
864 304 964 334 verbo
984 305 1025 334 ad
1046 304 1187 335 verbum

180 354 394 393 presentibus
413 355 516 384 inseri
536 355 708 392 facientes,
729 356 785 395 qui
807 356 886 386 talis
907 358 957 387 est
977 368 982 387 :

219 417 235 437 «
259 408 293 437 In
322 408 455 437 nomine
482 408 631 443 Domini,
659 418 767 439 amen.
798 409 889 440 Olim
914 410 1002 440 inter
1022 410 1187 441 discretos

179 460 270 490 viros
289 460 464 496 Ubertum,
481 461 752 492 archidiaconum
768 463 993 499 Brixiensem,
1013 465 1044 493 et
1062 464 1187 495 Guido-

180 522 254 543 nem
282 514 321 543 de
339 514 439 550 Zena,
459 515 637 545 canonIcos
654 515 867 552 Mantuanos,
889 525 992 555 super
1006 516 1187 556 prebendis

179 575 242 606 que
267 575 326 605 per
353 568 495 597 mortem
525 568 651 598 Azouis
667 568 906 599 Confanonerii
935 571 966 600 et
995 569 1118 601 Ubaldi
1147 569 1186 599 de

177 620 326 658 Ripalta,
343 621 511 659 quondam
525 621 763 651 canonicorum
778 622 1050 659 Mantuanorum,
1066 623 1099 653 in
1111 624 1186 662 ipsa

928 221 1174 253 REGISTRES
1202 222 1417 254 D'URBAIN
1446 224 1504 255 IV.

1218 319 1219 328 1
1249 314 1266 335 »
1283 306 1322 337 G.
1341 308 1376 337 ut
1393 306 1434 337 ab
1451 307 1692 346 impedimento
1712 309 1744 338 et
1764 308 2000 339 molestatione
2022 310 2184 348 predictis
2204 310 2261 341 de-

1218 382 1219 390 ,
1249 368 1265 388 1)
1285 359 1383 390 sistat
1401 360 1559 399 compelli
1581 362 1613 391 et
1637 361 1885 391 sententialiter
1905 362 2156 401 condempnari,
2180 364 2261 402 ipsi-

1218 404 1219 432 Ῑ
1248 419 1265 441 »
1283 421 1346 451 que
1360 422 1461 451 super
1474 413 1540 443 hiis
1550 415 1581 444 et
1595 414 1684 444 dicta
1693 414 1864 453 prebenda
1874 417 2073 453 perpetuum
2085 416 2261 447 silentium

177 672 358 703 Mantuana
386 675 542 704 vacarant
568 674 721 711 ecclesia,
744 677 817 706 orta
844 676 877 705 in
911 677 1064 707 Romana
1093 676 1186 722 cpria
1216 671 1217 713 ]

1216 727 1217 738 ¹
1247 733 1338 762 »tur
1364 732 1497 762 futuras
1528 742 1709 772 expensas,
1741 733 1835 764 salvo
1865 734 1941 773 jure
1976 734 2119 764 addendi
2139 737 2169 764 et
2198 734 2260 764 mi-

177 727 318 757 materia
328 727 528 766 questionis,
539 727 778 757 sanctissimus
794 729 901 767 pater,
912 729 1070 760 dominus
1081 729 1186 759 Urba-

177 788 240 810 nus
249 789 334 818 papa
344 780 407 810 IIII
418 780 781 817 nobis,Uberto‚sancti
791 782 964 812 Eustachii
973 783 1112 813 diacono
1120 791 1187 813 car·
1216 781 1218 787 ⁴

176 833 292 869 dinali,
308 842 443 863 causam
458 833 658 863 audiendam
675 834 846 865 commisit
864 836 896 865 et
912 835 976 866 fine
996 835 1107 866 debito
1124 838 1188 866 ter-

175 886 380 916 minandam.
400 887 551 917 Predicto
568 887 672 927 igitur
685 887 839 918 Guidone
851 897 910 927 pro
926 897 962 919 se
975 891 1006 920 et
1024 889 1186 928 magistro

173 940 322 970 Gerardo
341 940 380 970 de
397 940 527 976 Trecio,
548 941 708 971 canonico
726 941 1186 981 Pergamensi,procurat0re

174 992 254 1023 dicti
282 993 519 1029 archidiaconi,
545 993 584 1023 ab
608 994 680 1032 ipso
705 994 940 1025 archidiacono
961 995 1002 1025 ad
1018 996 1185 1035 agendum

174 1047 206 1076 et
222 1045 467 1076 defendendum
487 1046 660 1078 sufficiens
679 1049 710 1078 et
736 1048 884 1087 speciale
910 1049 1107 1079 mandatum
1129 1048 1185 1080 ha·

172 1098 283 1135 bente,
317 1099 589 1138 comparentibus
618 1109 729 1130 coram
762 1100 870 1137 nobis,
888 1110 948 1140 pro
977 1104 1072 1141 parte
1103 1102 1184 1132 dicti

173 1152 397 1183 archidiaconi
416 1152 553 1183 libellus
572 1153 704 1184 oblatus
724 1154 837 1184 extitit
853 1155 886 1184 in
907 1154 967 1185 hac
987 1155 1096 1186 forma
1116 1165 1122 1184 :

212 1215 229 1236 «
252 1206 371 1236 Coram
401 1206 509 1243 vobis,
537 1207 719 1237 reverendo
746 1209 853 1246 patre,
879 1208 1016 1239 domino
1042 1208 1181 1246 Uberto,

172 1267 189 1288 »
208 1259 312 1289 sancti
330 1259 502 1289 Eustachii
517 1260 657 1290 diacono
670 1261 845 1297 cardinali,
858 1261 1012 1300 partibus
1029 1263 1182 1294 auditore

174 1321 188 1340 »
209 1320 378 1348 concesso,
404 1313 485 1343 dicit
511 1315 541 1344 et
569 1314 724 1352 proponit
754 1314 915 1353 magister
944 1315 1115 1346 Gerardus
1141 1316 1182 1346 de

172 1373 188 1393 »
207 1365 337 1402 Trecio,
358 1366 540 1396 canonicus
568 1367 818 1405 pergamensis,
838 1369 1035 1406 procurator
1053 1369 1182 1399 domini

173 1427 187 1446 >›
206 1417 769 1455 Uberti,archidiaconiBrixiensis
784 1422 815 1450 et
831 1421 983 1451 canonici
995 1421 1181 1459 Mantuani,

173 1480 187 1499 »
206 1473 321 1501 contra
348 1472 522 1502 dominum
545 1473 735 1503 Guidonem
763 1474 802 1503 de
832 1474 931 1510 Zena,
962 1475 1181 1506 Mantuanum

172 1533 188 1553 »
207 1525 416 1560 canonicum,
435 1526 534 1564 quod,
555 1534 631 1555 cum
649 1526 759 1556 dictus
779 1527 1035 1557 archidiaconus
1050 1528 1181 1567 jamdiu

174 1588 187 1606 »
208 1580 362 1617 receptus
380 1578 499 1608 suisset
518 1579 550 1608 in
568 1579 657 1609 dicta
673 1580 816 1610 ecclesia
831 1581 864 1610 iu
882 1581 1081 1612 canonicum
1100 1583 1180 1613 etin

173 1639 188 1658 »
208 1629 345 1660 fratrem
364 1630 504 1661 ecclesie
521 1631 713 1669 supradicte
733 1640 769 1661 ac
784 1641 842 1670 per
861 1633 1029 1671 quandam
1048 1634 1179 1664 ordina-

173 1693 187 1712 »
207 1683 333 1713 tionem
348 1683 467 1713 saetam
477 1684 674 1714 auctoritate
687 1685 872 1723 apostolica
882 1694 940 1724 per
953 1686 1179 1717 venerabilem

173 1746 188 1765 »
206 1737 347 1774 patrem,
362 1736 536 1766 dominum
554 1737 786 1774 Octavianum,
807 1741 920 1769 sancte
940 1739 1045 1770 Marie
1064 1740 1097 1770 in
1116 1741 1179 1771 Via

171 1797 188 1817 »
206 1789 271 1820 lata
289 1789 467 1820 diaconum
484 1790 700 1827 cardinalem,
715 1792 896 1821 canonicus
910 1792 1060 1831 ejusdem
1076 1794 1179 1824 eccle-

173 1852 187 1871 »
207 1843 256 1872 sie
284 1844 471 1881 reputatus,
491 1844 613 1874 fuisset
639 1844 739 1874 etiam
761 1844 932 1875 decretum
956 1855 1015 1884 per
1035 1847 1178 1877 eundem

172 1906 186 1923 »
206 1895 379 1925 dominum
409 1898 443 1926 ut
466 1896 554 1926 idem
583 1897 839 1927 archidiaconus
866 1899 1010 1936 primam
1038 1899 1178 1937 preben-

172 1958 186 1975 »
205 1948 282 1978 dam
301 1949 340 1979 de
359 1949 528 1979 vacaturis
546 1952 619 1988 post
641 1949 734 1980 illam
755 1951 1002 1981 ordinationem
1027 1952 1178 1983 obtinere

171 2012 185 2030 ),
205 2001 352 2036 deberet,
379 2011 415 2032 ac
442 2004 517 2041 post
544 2003 769 2041 receptionem
803 2004 910 2042 ipsius
936 2005 1123 2036 vacavisset
1144 2006 1178 2036 in
1209 2035 1210 2042 ,

170 2065 184 2083 11
202 2055 290 2085 dicta
303 2055 443 2085 ecclesia
456 2055 625 2094 prebenda
639 2065 697 2094 per
711 2059 852 2086 mortem
867 2058 1034 2095 quondam
1051 2059 1178 2089 Azouis

168 2116 183 2136 »
203 2108 450 2141 Confanonerit,
470 2116 534 2147 que
551 2108 615 2147 ipsi
639 2108 872 2139 archidiacono
892 2112 942 2140 est
960 2110 1072 2141 debita
1087 2114 1117 2142 et
1136 2112 1176 2142 ad

168 2170 182 2188 »
201 2169 276 2190 eum
301 2161 444 2199 pertinet
461 2163 491 2191 et
510 2161 584 2200 jure
603 2162 791 2192 dinoscitur
813 2163 992 2201 pertinere,
1019 2164 1108 2194 idem
1125 2174 1175 2195 ar-

166 2223 181 2243 »
203 2213 419 2244 chidiaconus
448 2214 652 2253 prebendam
689 2216 829 2246 candem
866 2217 978 2247 extitit
1016 2218 1174 2248 canonice

166 2278 180 2296 »
200 2269 386 2304 3336631113,
406 2270 435 2298 61
457 2269 490 2298 111
509 2268 582 2306 ejus
603 2269 855 2307 possessionem
875 2270 1031 2301 inductus
1048 2273 1079 2301 et
1099 2280 1173 2302 eam

163 2328 180 2350 »
199 2321 350 2359 possedit
367 2321 565 2360 aliquandiu
591 2325 623 2352 et
644 2322 795 2361 possidet
814 2332 900 2353 nunc
922 2324 1078 2359 eandem3
1098 2333 1173 2363 pre-

162 2381 179 2403 »
198 2374 286 2404 fatus
303 2383 380 2405 vcro
398 2374 507 2405 Guido
520 2375 628 2405 eidem
647 2375 893 2412 archidiacono,
905 2377 960 2416 qui
980 2377 1081 2407 aliam
1099 2387 1172 2417 pre-

162 2435 179 2457 »
197 2427 339 2457 bendam
370 2437 433 2466 quc
465 2429 583 2467 postea
610 2429 740 2459 vacavit
772 2429 804 2459 in
831 2429 918 2460 dicta
944 2430 1087 2461 ecclesia
1111 2440 1171 2470 per

161 2487 178 2510 »
198 2482 338 2511 mortem
366 2481 534 2519 quondam
560 2481 695 2518 Ubaldi,
719 2482 870 2513 canonici
902 2483 1088 2520 Mantuani,
1105 2484 1170 2515 sibi

160 2541 178 2562 »
197 2534 341 2564 conferri
361 2533 436 2564 fecit
454 2536 485 2564 et
505 2543 539 2564 se
560 2535 592 2564 in
609 2535 681 2572 ejus
700 2536 954 2574 possessionem
972 2537 1096 2574 induci,
1116 2547 1170 2568 su-

160 2594 177 2616 »
195 2595 253 2625 per
273 2587 389 2617 eadem
408 2587 577 2625 prebenda
595 2589 890 2627 contrajustitiaiu
909 2598 944 2620 se
962 2591 1112 2629 opponit,
1133 2600 1169 2621 ac

159 2648 175 2668 »
195 2640 307 2679 ipsum
327 2640 466 2678 impedit
492 2642 523 2671 et
547 2641 703 2672 molestat
725 2643 907 2681 quominus
926 2644 1034 2682 possit
1060 2643 1168 2682 ipsius

157 2700 175 2723 »
193 2692 362 2732 prebende
381 2693 518 2731 pacifica
544 2695 760 2732 possessione
782 2696 936 2734 gaudere.
956 2696 1065 2732 Quare
1083 2698 1167 2736 petit
1197 2725 1198 2729 ,

157 2755 173 2775 1)
194 2746 366 2785 predictus
385 2749 580 2785 procurator
602 2748 742 2778 candem
761 2748 964 2786 prebendam
982 2750 1023 2780 ad
1039 2750 1164 2781 dictum

156 2808 171 2828 1)
192 2799 462 2829 archidiacomun
487 2800 526 2829 de
547 2800 622 2838 jure
642 2804 791 2839 spectare
809 2810 867 2840 per
890 2803 1092 2833 seutentiam
1113 2804 1164 2835 de-

155 2860 172 2882 »
190 2852 323 2886 clarari,
338 2856 369 2882 et
385 2861 456 2882 eain
474 2852 537 2882 sibi
559 2863 595 2882 ac
618 2854 705 2883 dicto
725 2856 933 2892 procuratori
950 2864 1010 2894 pro
1031 2865 1068 2886 eo
1087 2866 1161 2887 cuin

154 2905 319 2944 »juribus
337 2906 369 2935 et
394 2906 606 2944 pertinentiis
637 2907 708 2936 suis
733 2907 929 2945 adjudicari,
950 2909 1160 2948 eundemque

1247 473 1265 494 »
1284 466 1424 505 imponi,
1437 475 1513 497 cum
1530 467 1660 497 nullum
1675 467 1731 506 jus
1747 467 1910 498 habeatin
1929 468 2057 504 eadem,
2071 477 2107 499 ac
2124 470 2259 500 decerni

1248 527 1265 547 »
1283 521 1317 548 ut
1340 519 1428 549 idem
1451 519 1489 550 G.
1509 520 1568 550 illa
1584 520 1755 559 prebenda
1771 521 1938 559 premissa
1955 530 2019 560 que
2044 523 2175 553 vacavit
2200 532 2260 562 per

1248 580 1265 601 »
1283 574 1427 603 mortem
1451 573 1529 603 dicti
1552 573 1674 605 Ubaldi
1700 574 1819 605 debeat
1843 583 1979 605 manere
2008 577 2196 612 contentus,
2227 578 2260 607 et

1248 634 1263 653 »
1283 625 1343 656 hoc
1360 626 1444 664 petit
1464 635 1540 656 cum
1565 627 1722 666 dampnis
1739 629 1771 657 et
1789 628 1949 666 expensis
1968 628 2130 667 legitimis
2148 638 2212 668 que
2229 631 2261 660 et

1248 689 1263 707 »
1283 687 1368 718 quas
1388 679 1529 709 extimat
1547 682 1680 710 centum
1698 680 1805 711 libras
1826 681 2022 711 senensium
2041 683 2258 720 et·pr0testa-

1248 794 1265 814 »
1283 786 1418 816 nuendi.
1444 795 1460 815 »

1289 849 1304 868 «
1321 839 1363 869 Et
1387 848 1406 869 a
1431 839 1519 870 dicto
1542 839 1697 871 Guidone
1715 840 1854 870 libellus
1879 840 2052 871 exhibitus
2070 841 2183 871 extitit
2200 849 2261 880 per

1247 891 1306 921 hec
1323 891 1425 922 verba
1446 903 1451 922 :

1287 954 1302 973 «
1325 944 1446 975 Coram
1466 945 1573 982 vobis,
1592 946 1776 976 reverendo
1794 947 1902 984 patre,
1919 946 2056 977 domino
2078 946 2131 983 U„
2152 947 2260 978 sancti

1248 1007 1262 1027 »
1282 998 1453 1029 Eustachii
1469 999 1609 1029 diacono
1636 999 1811 1036 cardinali,
1837 999 1992 1039 partibus
2010 1000 2163 1031 auditore
2183 1009 2259 1031 con-

1245 1059 1263 1080 »
1280 1060 1387 1089 cesso,
1416 1051 1497 1082 dicit
1528 1054 1560 1083 et
1574 1053 1734 1092 proponit
1763 1052 1873 1083 Guido
1892 1053 1932 1084 de
1955 1053 2056 1090 Zeua,
2076 1054 2259 1085 canonicus

1247 1114 1262 1134 »
1281 1105 1498 1144 Mantuanus,
1526 1106 1626 1145 quod,
1660 1106 1845 1136 cumidem
1866 1106 1976 1137 Guido
2000 1107 2069 1146 jam
2101 1107 2159 1137 diu
2191 1106 2260 1138 fue·

1245 1160 1333 1189 »rat
1359 1160 1515 1199 receptus
1543 1159 1577 1189 in
1604 1160 1804 1190 canonicum
1833 1162 1863 1190 et
1891 1160 1925 1190 in
1954 1160 2093 1191 fratrem
2117 1160 2259 1191 ecclesie

1244 1212 1471 1251 »supradicte
1497 1222 1534 1243 ac
1564 1221 1624 1252 per
1658 1213 1827 1252 quandam
1857 1213 2105 1244 ordinationem
2134 1213 2259 1245 factam

1244 1266 1479 1296 »auctoritate
1505 1266 1692 1305 apostolica
1716 1275 1776 1305 per
1801 1266 2029 1297 venerabilem
2053 1268 2184 1306 patrem
2201 1267 2260 1298 do-

1244 1327 1261 1347 »
1278 1319 1408 1349 minum
1426 1319 1478 1355 O.‚
1496 1322 1609 1350 sancte
1626 1319 1731 1349 Marie
1750 1319 1783 1349 in
1796 1319 1860 1349 Via
1879 1320 1947 1349 lata
1965 1320 2143 1350 diaconum
2155 1320 2260 1351 cardi-

1245 1382 1260 1401 »
1278 1372 1400 1409 nalem,
1426 1373 1608 1403 canonicus
1633 1373 1786 1412 ejusdem
1803 1372 1944 1403 ecclesie
1974 1375 2163 1411 reputatus,
2195 1374 2259 1404 suit

1243 1434 1260 1454 »
1278 1425 1380 1455 etiam
1401 1426 1574 1456 decretum
1600 1435 1660 1465 per
1687 1426 1831 1456 eundem
1857 1426 2032 1456 dominum
2051 1426 2258 1458 cardinalem

1243 1487 1260 1507 »
1278 1480 1313 1508 ut
1332 1479 1421 1508 idem
1442 1479 1481 1509 G.
1504 1479 1686 1509 secundam
1704 1478 1911 1518 prebendam
1932 1480 1971 1510 de
1989 1480 2160 1510 vacaturis
2182 1481 2259 1519 post

1244 1541 1259 1560 »
1279 1531 1374 1561 illam
1405 1532 1652 1562 ordinationem
1685 1531 1837 1563 obtinere
1869 1532 2018 1569 deberet,
2051 1534 2212 1563 executor
2239 1541 2259 1563 a

1242 1593 1259 1613 »
1279 1585 1357 1615 sede
1386 1585 1572 1624 apostolica
1592 1585 1772 1624 deputatus
1798 1587 1984 1615 memorato
2011 1585 2159 1616 Guidoni
2181 1594 2254 1624 pre·

1243 1648 1258 1666 »
1276 1637 1420 1668 bendam
1444 1647 1508 1678 que
1531 1641 1606 1677 post
1624 1638 1717 1669 illam
1744 1639 1993 1669 ordinationem
2018 1638 2051 1668 in
2071 1639 2188 1669 eadem
2207 1647 2259 1670 ec-

1241 1699 1258 1720 »
1277 1691 1380 1721 clesia
1398 1692 1529 1722 vacavit
1547 1700 1607 1731 per
1622 1694 1765 1722 mortem
1788 1692 1957 1731 quondam
1984 1692 2110 1721 Azouis
2135 1691 2258 1722 Conta-

1242 1755 1256 1773 »
1277 1745 1420 1781 nonerii,
1444 1745 1594 1775 canonici
1624 1745 1810 1779 Mantuani,
1834 1754 1898 1784 que
1926 1744 2063 1783 quidem
2084 1744 2259 1776 dicebatur

1242 1808 1256 1826 »
1275 1806 1350 1828 esse
1369 1798 1559 1828 secundain
1578 1798 1637 1828 illa
1654 1798 1866 1828 ordinatione
1883 1800 2051 1834 contenta,
2065 1797 2208 1828 contulit
2226 1799 2259 1828 et

1241 1861 1256 1880 »
1277 1852 1475 1889 assignavit,
1496 1861 1532 1881 ac
1565 1851 1675 1890 ipsum
1697 1851 1736 1881 G.
1760 1851 1792 1881 in
1817 1851 1927 1890 ipsius
1946 1850 2156 1890 corporalem
2182 1859 2258 1890 pos-

1241 1905 1465 1934 »sessionem
1492 1905 1636 1939 induxit,
1670 1904 1764 1934 salvo
1794 1904 1882 1943 quod
1911 1904 2021 1934 eidem
2055 1904 2093 1934 G.
2122 1903 2254 1934 nullum

1241 1955 1499 1994 »prejudicium
1525 1956 1617 1985 tieret
1644 1964 1703 1993 per
1732 1955 1946 1985 collationem
1973 1957 2004 1985 et
2024 1955 2254 1985 inductionem

1239 2007 1468 2046 »hujusmodi
1494 2008 1526 2037 in
1554 2007 1722 2046 prebenda
1736 2008 1802 2037 alia
1820 2016 1884 2047 que
1908 2010 2026 2046 postea
2053 2010 2198 2042 vacaret,
2223 2008 2253 2038 si

1240 2071 1255 2089 »
1274 2062 1483 2101 contingeret
1497 2062 1640 2092 eundem
1653 2061 1692 2093 G.
1711 2070 1775 2091 non
1791 2070 1890 2100 posse
1904 2062 2087 2100 predictam
2101 2061 2254 2092 obtinere

1240 2124 1254 2143 »
1273 2115 1477 2154 prebendam
1491 2125 1496 2149 ;
1511 2124 1654 2153 cumque
1668 2116 1743 2154 post
1758 2115 1966 2145 vacationem
1983 2115 2070 2145 dicte
2083 2114 2253 2153 prebende

1238 2178 1253 2196 1)
1272 2170 1423 2198 vacasset
1439 2168 1505 2198 alia
1523 2167 1693 2207 prebenda
1710 2177 1766 2206 per
1783 2172 1925 2198 mortem
1938 2168 2108 2207 quondam
2122 2167 2255 2198 domini

1236 2230 1251 2249 »
1272 2221 1394 2252 Ubaldi
1404 2221 1443 2252 de
1456 2221 1764 2260 Ripalta‚canonici
1783 2221 1968 2257 Mantuani,
1985 2230 2049 2260 que
2063 2220 2250 2251 secundum

1235 2284 1250 2303 »
1270 2275 1463 2313 opinionem
1490 2274 1674 2305 multorum
1698 2275 1763 2314 ipsi
1787 2275 1934 2305 Guidoni
1955 2275 1995 2305 de
2016 2275 2092 2313 jure.
2116 2283 2250 2313 compe-

1235 2336 1250 2354 »
1267 2328 1337 2356 tere
1356 2335 1392 2356 36
1417 2325 1482 2355 sibi
1500 2325 1620 2356 debere
1638 2325 1822 2360 dicebatur,
1842 2326 1930 2356 idem
1951 2329 2111 2356 executor
2135 2326 2248 2357 eidem

1235 2389 1249 2408 »
1268 2379 1306 2410 G.
1333 2379 1425 2409 illam
1459 2379 1666 2418 prebendam
1698 2379 1884 2418 assignare.
1915 2381 1946 2409 et
1972 2388 2048 2409 eum
2079 2379 2111 2409 in
2137 2380 2248 2419 ipsius

1234 2443 1249 2461 »
1268 2433 1520 2472 possessiouem
1539 2433 1697 2463 inducere
1720 2432 1871 2471 predicta
1890 2432 2088 2463 auctoritate
2105 2434 2246 2470 curavit,

1234 2496 1248 2515 »
1269 2487 1315 2516 ita
1339 2487 1428 2525 quod
1453 2495 1495 2516 ex
1521 2486 1752 2525 assignatione
1775 2487 1805 2515 et
1830 2485 2023 2515 inductione
2051 2485 2246 2525 hujusmodi

1233 2550 1247 2569 »
1268 2539 1399 2569 nullum
1418 2539 1447 2570 ei
1465 2539 1874 2578 generaretprejudicium
1888 2539 1975 2569 circa
1986 2539 2087 2569 aliam
2107 2539 2247 2578 preben-

1232 2603 1246 2621 »
1266 2593 1342 2622 dam
1357 2592 1598 2631 supradictam,
1612 2592 1641 2621 si
1663 2592 1807 2631 liqueret
1825 2592 1935 2630 ipsum
1954 2592 1992 2622 G.
2015 2592 2047 2622 in
2070 2601 2107 2622 ea
2129 2593 2245 2631 potius

1198 2649 1199 2654 ¹
1232 2646 1318 2684 »jus
1337 2645 1470 2676 habere.
1484 2645 1606 2681 Quare,
1631 2654 1706 2675 cum
1730 2645 1902 2683 ptulit—tus
1920 2645 1958 2675 G.
1978 2645 2057 2675 velit
2078 2645 2244 2675 declarari

1230 2709 1244 2727 »
1264 2698 1296 2728 in
1315 2707 1380 2738 qua
1405 2699 1445 2729 de
1470 2698 1630 2737 predictis
1653 2697 1786 2727 duabus
1798 2698 1980 2737 prebendis
1997 2698 2108 2737 potior
2124 2697 2245 2729 debeat

1229 2762 1243 2778 11
1263 2752 1425 2790 reputari,
1447 2751 1528 2790 petit
1546 2751 1610 2781 sibi
1627 2751 1813 2790 adjudicari
1834 2751 2020 2790 predictam
2036 2751 2243 2789 prebendam

1227 2816 1241 2833 »
1261 2814 1325 2844 que
1345 2806 1407 2835 t'uit
1424 2805 1503 2835 dicti
1527 2805 1663 2841 Azouis,
1690 2807 1721 2835 et
1741 2814 1814 2835 eam
1838 2814 1913 2835 cum
1929 2805 2066 2843 juribus
2091 2807 2122 2834 et
2140 2804 2243 2843 perti-

1194 2851 1195 2855 *
1224 2868 1241 2888 »
1260 2859 1383 2889 nentiis
1401 2858 1696 2888 suisdeclarariad
1714 2867 1749 2887 36
1768 2860 1931 2897 spectare.
1944 2859 1971 2887 si
1988 2858 2027 2887 de
2042 2857 2117 2896 jure
2127 2856 2242 2887 debita

1192 2907 1193 2912 ¹
1225 2923 1239 2939 11
1261 2913 1309 2942 est
1336 2911 1456 2942 eidem.
1476 2911 1638 2950 Alioquin
1659 2911 1739 2949 petit
1760 2911 1830 2941 lieri
1853 2910 2046 2950 hujusmodi
2071 2910 2241 2948 adjudica—
