2519 3262
175 216 233 245 108

174 299 303 328 minum
330 304 565 327 concessarum
594 303 695 334 super
712 294 984 325 archidiaconatu
1003 293 1042 323 de
1058 293 1185 323 Monte-

173 351 267 390 nigro
286 350 555 388 impetratarum,
571 348 655 378 hanc
673 348 871 385 dignitatem
888 355 948 377 seu
964 347 1182 385 personatum

173 412 247 433 cum
264 403 499 442 prestimoniis
514 411 580 432 una
598 410 673 432 cum
690 401 821 431 duobus
838 400 916 430 aliis
936 399 1122 434 beneficiis,
1139 399 1182 429 si-

171 457 287 486 milem
303 465 417 486 curam
434 455 625 486 animarum
640 453 855 489 habentibus,
867 462 968 491 super
979 461 1122 491 quorum
1135 460 1183 482 re-

171 510 325 548 ceptione.
342 518 379 539 ac
397 509 583 540 retentione
598 508 708 538 felicis
726 506 971 538 recordationis
989 506 1183 536 Alexander

170 572 258 602 papa
273 565 414 601 quartus
429 571 503 592 cum
520 570 570 598 eo,
590 562 625 591 ut
643 561 819 596 0550111111,
835 559 1057 598 dispensavit,
1074 559 1182 597 possit

170 615 292 646 habere
309 616 401 645 licite
418 624 454 645 ac
469 624 543 644 cum
557 614 635 644 aliis
652 622 716 652 que
732 613 842 649 habet,
862 613 1002 643 insimul
1022 613 1180 648 retinere,

170 677 235 699 non
253 668 407 699 obstante
431 667 672 698 constitutione
690 666 859 705 generalis
876 666 1011 696 concilii
1033 674 1092 696 seu
1115 666 1182 695 alia

170 731 270 760 quani
289 721 446 751 dominus
462 743 467 750 .
483 744 489 750 .
506 720 705 751 Sabinensis
722 719 912 758 episcopus,
933 728 1009 749 cum
1028 719 1061 748 in
1081 719 1181 758 parti-

168 774 232 804 bus
257 774 391 812 Ispanie
419 773 598 812 legationis
625 772 736 803 officio
761 772 968 811 fungeretur,
991 781 1093 811 super
1119 771 1180 802 hoc

169 827 291 857 dicitur
312 826 470 861 edidisse,
494 835 554 856 seu
572 826 601 855 si
619 844 668 855 -.
694 826 733 855 In
756 825 851 864 cujus
874 825 921 855 rei
945 825 1179 855 testiinonium

168 882 199 911 et
216 880 450 910 certitudinem
471 879 669 917 pleniorem,
686 881 879 917 presentem
899 878 1101 909 sententiam
1119 886 1178 908 seu

166 933 414 964 ordinationem
442 934 473 962 et
505 932 736 970 provisionem
763 941 822 970 per
847 932 1070 962 (luillelmum
1098 931 1179 961 Mal-

164 986 252 1025 pilii,
274 987 486 1016 sacrosancte
511 986 663 1016 Romane
687 985 827 1016 ecclesie
854 985 1003 1023 judicem
1028 986 1059 1014 et
1086 986 1178 1014 nota-

163 1040 266 1075 rium,
284 1039 355 1069 fieri
376 1039 516 1069 fecimus
532 1040 563 1069 et
580 1038 687 1068 nostri
705 1038 809 1077 sigilli
825 1037 944 1068 robore
960 1037 1175 1068 communiri.

162 1093 286 1123 Actum
316 1093 350 1122 in
379 1091 589 1128 Urheveteri‚
618 1091 652 1121 in
680 1090 807 1130 palatio
834 1091 962 1121 domini
988 1099 1085 1129 pape,
1114 1089 1176 1120 sub

164 1154 250 1176 anno
272 1145 410 1176 Domini
433 1144 688 1181 M⁰CC⁰LXIII⁰,
715 1144 931 1183 pontificatus
957 1143 1086 1174 domini
1115 1144 1178 1175 Ur-

162 1198 242 1229 bani
266 1207 350 1237 pape
376 1198 453 1235 1111,
479 1207 564 1228 anno
593 1198 751 1233 secundo,
773 1197 956 1227 indictione
978 1206 1037 1233 vn,
1060 1206 1176 1227 mense

158 1252 249 1290 julii,
273 1252 326 1281 die
344 1261 398 1288 xx,
418 1251 634 1290 presentibus
654 1251 792 1281 domino
815 1250 959 1287 Matheo,
979 1250 1091 1289 judice
1110 1250 1177 1280 Lu-

163 1305 271 1339 censi;
289 1305 389 1335 Petro
406 1305 445 1334 de
459 1305 541 1341 Deo,
561 1305 720 1334 canonico
734 1304 982 1339 Minduniensi,
998 1303 1176 1334 Dominico

162 1358 330 1395 Menendi,
364 1358 522 1388 canonico
550 1357 795 1393 Ulixbonensi3
823 1358 925 1387 Iterio
953 1357 992 1387 de
1025 1358 1176 1396 Rupeca-

161 1410 268 1447 vardi,
281 1410 402 1441 clerico
417 1411 669 1446 Leinovieens13
684 1410 887 1449 Raymundo
900 1411 940 1440 de
954 1410 1173 1445 castronovo,

161 1464 283 1494 clerico
299 1464 531 1494 Narbonensis
553 1464 715 1499 diocesis,
735 1464 911 1494 Fernando
929 1463 1033 1498 Petri,
1053 1463 1174 1493 clerico

160 1516 407 1553 Minduniensi3
429 1519 460 1547 et
482 1517 649 1548 Roderico
670 1517 844 1553 Gonsalvi,
869 1517 990 1547 0101100
1014 1517 1171 1553 Lucensi,

161 1570 202 1600 ad
230 1570 291 1600 1100
317 1571 444 1600 vocatis
471 1570 616 1600 testibus
643 1572 675 1600 et
700 1570 838 1609 rogatis.
868 1571 937 1609 Ego
966 1570 1173 1600 (inillehnus

159 1623 316 1662 Malpilii,
341 1625 552 1654 sacrosancte
575 1624 728 1654 Romane
749 1623 889 1654 ecclesie
905 1623 1010 1662 judex
1030 1626 1061 1653 et
1081 1625 1172 1654 nota-

159 1677 232 1707 rius
253 1677 422 1716 publicus,
446 1677 627 1716 prolationi
648 1677 734 1707 dicte
756 1677 934 1711 sententie,
954 1677 1099 1712 arbitrii,
1121 1686 1172 1707 or-

159 1730 344 1761 dinationis
360 1732 391 1761 et
408 1731 614 1769 provisionis
629 1739 769 1769 presens
788 1731 927 1761 interfui
945 1732 977 1761 et
990 1731 1148 1761 mandato
1164 1731 1171 1749 ¹

160 1783 239 1814 dicti
258 1784 387 1814 domini
415 1784 576 1823 episcopi,
595 1783 765 1822 publicavi
784 1785 815 1814 et
834 1792 910 1814 meo
927 1784 1023 1823 signo
1040 1784 1171 1823 signavi

158 1839 306 1876 rogatus.
328 1846 345 1866 »

198 1890 293 1920 Nulli
318 1898 396 1929 ergo
419 1892 532 1921 nostre
557 1890 824 1921 confirmationis
848 1892 909 1921 etc.
932 1891 1055 1921 Datum
1083 1891 1171 1930 apud

159 1942 448 1980 Urbemveterexn,
468 1953 500 1973 Vi
521 1944 684 1974 kalendas
703 1945 848 1983 augusti,
868 1953 954 1974 anno
979 1944 1135 1975 secundo.
1156 1955 1170 1974 11

703 2132 826 2163 0111010,
842 2133 876 2160 23
892 2133 1003 2168 jani-ier
1023 2134 1097 2161 1202.

250 2133 345 2164 1119

193 2215 387 2243 Praebendam
404 2216 432 2242 111
443 2216 565 2243 ecclesia
581 2226 603 2243 5.
619 2217 722 2243 Mariae
735 2218 768 2244 de
782 2217 921 2244 Alcazoba
934 2219 968 2244 de
982 2219 1167 2250 sanctarena,

156 2262 354 2291 Ulixboncnsis
370 2264 505 2296 diocesis,
522 2274 537 2292 a
557 2266 697 2299 magistro
716 2266 852 2293 Dcltinate
872 2267 1018 2301 Alpbonso
1038 2268 1168 2295 ,111-11011111

157 2312 361 2348 adjudicatam,
379 2314 543 2341 conlirinat.
561 2315 642 2349 (1100.
658 2316 703 2346 229,
723 2315 771 2342 sol.
790 2316 834 2349 71,
852 2321 881 2341 11Ω
900 2316 975 2349 los.)

196 2429 211 2448 «
233 2419 391 2459 Alpltonso
413 2419 564 2456 Memmi,
589 2420 731 2450 canonico
750 2421 868 2451 ecclesie
888 2426 990 2452 sancte
1008 2421 1105 2452 ,11111ἱο
1131 2422 1167 2452 de

154 2472 309 2502 Alcazoha
338 2472 373 2502 de
405 2474 606 2510 Sanam-ena,
646 2473 857 2504 [flia-bonensis
885 2474 1021 2505 diocesis.
1056 2476 1166 2507 ,Iustis

153 2526 341 2564 petentium
358 2528 433 2563 etc,
456 2535 561 2565 usquo
576 2527 756 2566 complere.
774 2527 975 2566 Exposuisti
996 2528 1165 2567 siquidem

154 2578 252 2609 nobis
270 2579 370 2618 quod,
390 2581 420 2609 te
440 2580 520 2609 011111
543 2580 576 2610 111
593 2580 735 2611 eeclesia
757 2583 870 2612 sancte
885 2582 991 2612 Marie
1011 2582 1050 2612 de
1071 2582 1166 2613 Alca-

154 2631 238 2662 zoba
267 2632 305 2661 de
336 2633 539 2663 Sanetarcna
571 2635 705 2672 recepto
741 2635 939 2665 auctoritate
972 2635 1163 2667 litterarum

153 2684 264 2715 felicis
294 2686 538 2716 recordationis
565 2687 751 2717 Alexandri
785 2696 881 2726 pape,
912 2689 1164 2727 predecessoris
1193 2710 1194 2713 =

153 2738 273 2775 nostri,
292 2738 325 2768 in
343 2739 540 2769 canonicum
555 2742 584 2770 et
598 2740 631 2770 in
646 2740 795 2775 fratrem,
814 2750 850 2771 ac
864 2742 1046 2772 vacantein
1063 2742 1164 2773 eccle·
1192 2736 1193 2748 ¹

154 2791 204 2821 sia
235 2791 309 2830 ipsa
339 2792 482 2830 quadam
506 2793 675 2831 prebenda
707 2794 778 2825 sive
806 2795 962 2833 portione
993 2803 1054 2834 per
1076 2804 1162 2826 mor-

184 2902 206 2925 1.
223 2901 278 2926 Les
295 2904 366 2926 111015
385 2904 408 2926 ct
423 2903 547 2927 mammio
561 2906 625 2928 sont
641 2903 761 2935 repetes.

933 207 1177 241 REGISTRES
1198 206 1413 238 D'URBAIN
1436 206 1494 237 IV.

1244 292 1313 321 tem
1337 290 1491 330 magistri
1515 290 1686 321 Dominici
1705 291 1744 321 de
1766 291 1988 330 Ferraginali,
2017 292 2158 322 ecclesie
2185 301 2260 331 pre-

1244 344 1331 374 dicte
1348 344 1513 380 canonici,
1528 343 1591 374 tibi
1608 344 1730 383 dejure
1740 344 1864 378 debita,
1897 344 2073 375 {odericus
2092 345 2260 384 Alphonsi

1244 397 1301 436 qui
1336 396 1433 427 habet
1467 397 1655 435 predictam
1690 397 1867 427 ecclesiam
1909 398 2189 433 commendatam,
2227 400 2257 429 et

1243 450 1358 480 0101101
1382 450 1534 489 ejusdem
1565 450 1706 480 ecclesie
1733 451 1773 480 ad
1797 459 1882 489 quos
1909 451 2044 481 collatio
2074 451 2261 489 prebenda-

1244 512 1317 532 rum
1337 503 1408 533 sivc
1422 503 1617 542 portionum
1635 503 1669 533 in
1687 511 1724 533 ea
1738 503 1895 542 pertinet,
1915 503 2131 534 medietatem
2149 504 2259 543 ipsius

1243 555 1410 594 prebende
1452 565 1511 586 5011
1552 556 1720 595 portionis
1756 557 1869 595 Aprili
1911 557 2095 593 Yincentii,
2135 557 2258 587 clerico

1242 609 1484 639 Bracharensis
1498 609 1655 645 diocesis,
1682 609 1721 639 de
1738 609 1837 643 facto,
1860 618 1936 639 cum
1958 609 2084 648 dejure
2101 610 2259 649 nequive-

1242 663 1320 698 rint,
1340 662 1564 696 contulerunt,
1590 663 1624 692 in
1643 665 1737 693 tuum
1754 663 1980 701 prejudicium
2000 666 2031 693 et
2049 672 2232 702 gravamen
2249 673 2258 700 ;

1242 717 1378 754 propter
1412 715 1500 754 quod
1534 717 1567 745 tu
1598 715 1639 745 ad
1670 715 1786 746 sedem
1819 716 2041 754 apostolicam
2074 716 2257 754 appellasti

1242 777 1369 807 nosque
1394 768 1457 799 tibi
1482 771 1619 807 propter
1644 768 1717 804 hoc,
1734 768 1832 808 juxta
1850 769 2127 799 constitutionem
2147 769 2259 800 felicis

1241 822 1485 852 recordationis
1514 821 1703 852 Innocentii
1731 830 1829 860 pape,
1854 822 2106 860 predecessoris
2135 823 2255 859 nostri,

1241 883 1342 913 super
1365 874 1426 905 1100
1444 875 1581 911 editam,
1602 874 1643 904 ad
1661 875 1776 905 sedem
1793 875 1903 913 ipsam
1921 875 2146 913 personaliter
2167 884 2258 906 acce-

1239 928 1331 958 denti
1351 930 1381 958 et
1403 929 1491 967 parti
1514 928 1612 958 alteri
1634 928 1794 958 dilectum
1817 928 1926 958 filium
1955 928 2156 967 magistrum
2182 929 2258 959 Dei-

1241 982 1376 1012 linateni
1396 981 1435 1011 de
1453 981 1608 1020 Neapoli,
1630 981 1843 1020 capellanum
1862 983 2029 1015 nostrum,
2047 981 2205 1011 dedimus
2222 981 2258 1011 in

1239 1043 1340 1064 causa
1368 1034 1561 1073 hujusmodi
1590 1034 1793 1065 auditorem.
1818 1034 1913 1064 Idem
1939 1043 2018 1065 vero
2045 1034 2254 1073 capellanus,

1237 1095 1298 1126 pro
1331 1088 1425 1125 parte
1457 1087 1600 1117 adversa
1630 1096 1743 1117 coram
1775 1096 1813 1117 eo
1850 1087 1984 1117 nemine
2026 1089 2257 1126 comparente,

1238 1148 1443 1179 quamquam
1461 1139 1550 1169 idem
1575 1140 1686 1178 ipsam
1711 1140 1746 1170 in
1769 1140 1941 1170 audientia
1970 1140 2105 1179 publica
2124 1140 2254 1179 pluries

1238 1193 1464 1233 peremptorie
1486 1193 1604 1223 fecerit
1623 1192 1732 1229 citari,
1752 1194 1784 1223 et
1803 1195 1880 1231 post
1896 1194 2079 1223 terminum
2103 1194 2135 1223 in
2161 1202 2256 1224 cons-

1236 1248 1394 1278 titutione
1410 1247 1579 1286 premissa
1598 1248 1764 1278 statutum
1786 1247 1915 1277 diutius
1933 1248 2174 1286 expectaveiat,
2196 1257 2253 1278 au-

1237 1301 1321 1332 divit
1338 1302 1474 1332 tandem
1485 1301 1573 1339 quod
1591 1303 1627 1331 tu
1638 1301 1777 1331 voluisti
1791 1309 1979 1340 proponere
1990 1310 2101 1331 coram
2120 1310 2171 1332 00.
2189 1301 2255 1332 Sed

1237 1363 1312 1385 cum
1342 1355 1453 1385 dictus
1486 1354 1649 1393 magister
1681 1354 1834 1384 Delfinas
1868 1354 1972 1384 nollet
2003 1354 2184 1393 procedere
2213 1355 2255 1384 ad

1237 1408 1438 1438 sententiam
1452 1416 1554 1446 super
1564 1407 1625 1437 hoc
1637 1407 1886 1446 proferendam,
1901 1416 1963 1438 nos
1973 1408 2135 1438 dilectum
2146 1407 2256 1438 filium

1236 1461 1438 1500 magistrum
1455 1461 1658 1497 Navarrum,
1677 1461 1890 1499 capellanum
1909 1462 2075 1497 nostrum,
2095 1461 2128 1491 in
2154 1469 2257 1492 causa

1235 1515 1310 1553 ipsa
1344 1514 1576 1544 concessimus
1601 1513 1756 1553 partibus
1790 1514 1990 1545 auditorem.
2011 1514 2087 1550 Qui,
2108 1515 2256 1554 cognitis

1234 1568 1344 1606 ipsius
1375 1576 1474 1598 cause
1513 1567 1646 1598 meritis
1675 1569 1707 1598 et
1737 1567 1826 1606 juris
1858 1568 1974 1598 ordine
2013 1567 2190 1599 observato
2219 1577 2255 1598 ac

1230 1621 1365 1660 juribus
1391 1621 1459 1651 tuis
1488 1621 1587 1660 plene
1618 1621 1797 1657 discussis,
1815 1621 2012 1660 jamdictam
2042 1620 2251 1659 prebendam

1233 1674 1305 1704 sive
1317 1674 1508 1713 portionem
1525 1674 1566 1704 ad
1580 1675 1611 1704 te
1626 1674 1665 1704 de
1677 1674 1752 1713 jure
1771 1676 1923 1712 spectare
1941 1674 2102 1708 decrevit,
2120 1674 2251 1714 tibique

1232 1736 1291 1766 per
1318 1727 1536 1758 diffinitivam
1562 1727 1765 1757 sententiam
1794 1727 1999 1766 adjudicavit
2028 1727 2181 1765 eandem,
2204 1728 2252 1767 ip·

1233 1789 1377 1819 sumque
1401 1780 1556 1819 Aprilem
1578 1780 1619 1810 ab
1643 1780 1839 1819 hujusmodi
1864 1780 2044 1811 medietate
2073 1781 2161 1811 dicte
2178 1790 2252 1820 pre-

1233 1834 1339 1864 bende
1369 1843 1429 1864 seu
1452 1833 1619 1872 portionis
1643 1842 1852 1869 animovens,
1878 1842 2036 1872 superea
2061 1833 2158 1865 duxit
2183 1834 2251 1865 sibi

1232 1888 1434 1926 perpetuum
1459 1886 1633 1917 silentium
1658 1887 1914 1925 imponendum,
1945 1886 2008 1917 tibi
2037 1887 2182 1918 eundem
2214 1888 2251 1918 in

1232 1940 1399 1970 fructibus
1421 1940 1588 1978 perceptis
1615 1949 1657 1970 ex
1680 1940 1796 1970 eadem
1818 1939 1989 1978 prebenda
2011 1949 2071 1970 seu
2092 1941 2248 1978 portione

1232 2002 1268 2023 ac
1288 1993 1322 2023 111
1345 1993 1490 2032 quadam
1511 1993 1651 2031 pecunie
1675 2001 1821 2027 summa,
1842 2001 2069 2031 expensarum
2096 1994 2246 2029 nomine,

1230 2047 1401 2077 taxatione
1436 2045 1612 2084 prehabita
1642 2048 1673 2075 ct
1706 2054 1724 2075 a
1758 2047 1790 2076 te
1823 2054 1925 2084 super
1957 2045 2017 2076 hoc
2052 2046 2247 2085 juramento

1231 2099 1383 2138 prestito,
1403 2098 1645 2128 nichilominus
1660 2098 1950 2137 condempnando,
1962 2100 2061 2137 prout
2078 2099 2248 2130 ininstru-

1231 2155 1343 2183 mento
1355 2152 1490 2192 publico
1501 2152 1652 2182 confecto
1663 2152 1796 2187 exinde,
1808 2152 1919 2190 ipsius
1932 2152 2089 2191 magistri
2102 2152 2247 2184 Nar-arri

1231 2206 1379 2245 sigillato
1398 2205 1523 2243 sigillo,
1551 2205 1685 2244 plenius
1715 2205 1917 2236 continetur.
1936 2205 2007 2235 Nos
2031 2205 2146 2244 igitur,
2176 2206 2247 2237 tuis

1231 2258 1539 2298 supplicationibus
1557 2258 1720 2293 inclinati,
1738 2259 1942 2289 sententiam
1958 2258 2154 2298 hujusmodi
2170 2267 2245 2298 pro-

1230 2313 1303 2343 vide
1318 2313 1433 2348 latam,
1447 2314 1553 2342 ratam
1570 2312 1733 2342 habentes
1749 2314 1780 2342 et
1795 2312 1938 2349 firmam,
1955 2320 2030 2342 eam
2044 2313 2245 2344 auctoritate

1229 2366 1415 2405 apostolica
1439 2366 1681 2396 confirmamus
1705 2367 1735 2395 et
1766 2365 1936 2404 presentis
1959 2365 2076 2404 scripti
2099 2366 2245 2404 patroci-

1228 2419 1284 2449 nio
1298 2419 1560 2449 communimus.

1268 2473 1434 2502 Tenorem
1454 2471 1670 2502 instrumenti
1689 2471 1840 2510 ejusdem
1860 2470 2077 2509 presentibus
2088 2471 2128 2502 de
2141 2471 2243 2503 verbo

1227 2526 1269 2556 ad
1288 2525 1428 2556 verbum
1447 2525 1551 2555 inseri
1571 2524 1732 2555 facientes
1751 2524 1809 2563 qui
1826 2524 1907 2554 talis
1925 2526 1975 2555 051
1991 2535 1997 2554 ;

1267 2592 1280 2607 «
1301 2580 1339 2609 In
1356 2579 1491 2609 nomine
1510 2578 1661 2612 Domini,
1677 2586 1786 2608 anien.
1805 2577 1895 2609 Olim
1913 2577 2023 2608 felicis
2040 2578 2244 2609 recordatio·

1225 2633 1279 2662 nis
1299 2633 1458 2663 dominus
1488 2631 1679 2662 Alexander
1706 2640 1792 2670 papa
1817 2633 1959 2670 quartus
1975 2631 2133 2662 discretis
2158 2631 2242 2662 viris

1225 2685 1330 2724 priori
1358 2688 1389 2716 et
1418 2685 1552 2715 clericis
1579 2684 1744 2715 secularis
1767 2684 1909 2714 ecclesie
1935 2686 2048 2714 sancte
2075 2684 2182 2715 Marie
2200 2684 2241 2715 de

1224 2739 1393 2769 Alcazova
1414 2738 1454 2768 de
1479 2738 1696 2774 Sanctarena,
1716 2737 1962 2767 Uixbonensis
1982 2738 2141 2774 diocesis.
2167 2737 2241 2768 suis

1225 2791 1287 2822 sub
1310 2793 1401 2822 certa
1422 2791 1529 2822 forma
1551 2791 1641 2821 dedit
1667 2790 1792 2821 litteris
1811 2791 1845 2820 111
1864 2791 2032 2830 preceptis
2059 2792 2096 2821 ut
2123 2790 2240 2821 Alfon—

1224 2853 1299 2875 suni
1317 2844 1475 2875 Menendi
1490 2844 1651 2874 clericum
1668 2844 1872 2882 recipientes
1890 2843 1924 2873 in
1940 2843 2138 2874 canonicum
2155 2845 2188 2874 et
2204 2843 2239 2874 in

1224 2897 1375 2934 fratrem,
1405 2897 1471 2928 sibi
1489 2897 1528 2928 de
1548 2896 1718 2936 prebenda
1737 2897 1835 2936 siqua
1857 2899 1935 2928 tunc
1953 2895 2090 2927 vacabat
2110 2895 2237 2927 ibidem
