2519 3262
225 311 264 341 26
930 309 1007 338 LEs
1030 308 1273 339 REGISTRES
1296 308 1512 339 D'URBAIN
1537 308 1594 339 IV.

226 401 450 440 perducamus
459 401 625 434 effectum,
636 400 781 430 omissas
791 408 856 430 non
866 399 1035 430 extimans
1046 400 1102 430 sed
1114 400 1236 430 admis-

227 464 295 491 saS,
312 454 539 485 venerabilem
563 453 700 483 fratrem
722 454 875 483 nostrum
894 453 1116 490 Thebaldum,
1136 462 1234 492 quem

227 509 267 538 de
286 508 425 538 fratrum
443 509 635 537 nostrorum
655 506 797 536 consilio
817 507 926 537 eidem
942 507 1083 537 ecclesie
1100 506 1234 537 Cabilo-

227 561 322 591 nensi
335 560 549 599 prefecimus,
565 560 744 598 {quemque
754 559 1035 597 consideratione]
1051 568 1110 589 sue
1126 558 1235 598 probi-

225 615 306 644 tatis
318 623 354 643 ac
370 614 505 652 antique
523 613 767 643 familiaritatis
780 621 843 652 que
857 613 967 651 ipsum
982 612 1079 642 nobis
1093 613 1235 643 reddunt

225 668 409 705 acceptum,
429 675 543 696 carum
561 665 736 701 habemus,
753 665 793 695 ob
810 666 1033 696 reverentiam
1053 666 1234 704 apostolice

225 720 316 750 sedis
328 722 359 751 et
378 721 539 756 nostram,
557 720 606 750 sic
621 719 767 758 gratiose
786 719 956 758 prosequi,
977 720 1024 749 sic
1042 728 1118 749 eum
1136 721 1167 749 et
1184 728 1231 749 ec-

224 773 362 803 clesiam
377 772 443 802 sibi
454 773 672 803 commissam
688 772 801 802 fovere
817 772 954 802 studeas
971 772 1104 811 ipsique
1122 772 1233 802 favere

224 827 312 865 quod
339 834 380 856 ex
408 835 568 856 mensura
592 826 717 855 favoris
744 825 852 855 eidem
882 825 923 855 ad
954 828 1088 855 nostras
1118 834 1234 864 preces

223 879 364 910 exhibiti
386 879 566 909 metiamur
584 880 708 917 quanto
730 877 867 908 uberius
889 881 1080 917 quantoque
1103 878 1229 909 ferven-

222 933 292 963 tius
309 933 342 962 in
361 932 501 962 ecclesie
516 933 667 962 Romane
685 931 834 970 negociis
855 940 1043 970 apponeres
1060 933 1116 962 tue
1137 941 1234 971 gran-

223 986 275 1015 dis
295 986 431 1016 virtutis
453 985 620 1015 auxilium
639 986 670 1015 et
695 993 882 1022 exponeres
903 986 1037 1015 tuorum
1052 985 1181 1023 jurium
1200 987 1231 1015 et

221 1039 369 1077 potentie
402 1038 613 1076 magnificam
645 1037 852 1073 facultatem,
887 1046 1015 1076 nosque
1051 1038 1231 1068 reddamur

222 1092 343 1122 exinde
364 1092 403 1121 ad
420 1092 476 1121 tua
496 1091 705 1130 beneplacita
720 1091 959 1130 promptiores.
981 1100 996 1120 »

309 1265 406 1296 2854

255 1358 375 1385 Petrum
396 1358 429 1384 de
447 1356 586 1384 Sabaudia
602 1356 732 1383 hortatur
753 1357 782 1382 ut
797 1364 813 1382 a
833 1355 974 1382 molestiis
990 1356 1122 1390 episcopo
1143 1358 1170 1382 et
1185 1364 1229 1382 ec-

217 1407 321 1434 clesiae
344 1405 554 1432 Seduuensibus
579 1405 667 1432 illatis
686 1404 817 1432 desistat.
840 1405 1005 1438 (BoiumAux
1031 1405 1092 1435 761,
1114 1410 1143 1430 n⁰
1159 1406 1227 1439 5733

219 1456 335 1482 VAme.
351 1456 408 1482 049
425 1461 453 1480 11⁰
465 1454 534 1487 2843
552 1454 631 1481 Brut.
648 1454 747 1480 Vx‘rm.
764 1455 843 1484 0735,
859 1459 887 1479 n⁰
905 1454 952 1484 14;
970 1454 1049 1480 nim„
1063 1454 1134 1480 Nar.
1147 1454 1227 1484 4311,

217 1510 249 1531 n⁰
264 1505 320 1539 14.)

258 1623 272 1641 «
289 1612 404 1642 Dilecto
416 1611 481 1651 silio
494 1611 588 1641 nobili
599 1611 663 1640 viro
676 1611 768 1640 Petro
781 1610 816 1640 dc
826 1610 995 1640 Sabaudia.
1010 1611 1115 1641 Missa
1131 1611 1229 1641 nobis

217 1675 324 1705 nuper
337 1668 395 1696 tua
407 1666 550 1704 epistola
561 1665 738 1695 devotione
751 1664 850 1703 plena
862 1663 1041 1702 verbisque
1059 1664 1229 1695 succincta
1261 1686 1262 1690 ,

218 1720 312 1759 grata
323 1720 484 1749 nimirum
499 1719 626 1748 nostris
642 1717 787 1748 occurrit
804 1716 999 1756 aspectibus
1015 1717 1047 1747 in
1065 1717 1228 1747 relatione

217 1773 330 1813 gaudii
345 1774 383 1803 de
399 1774 515 1802 nostra
530 1772 739 1810 promotione
752 1770 915 1809 concepti,
935 1770 1164 1800 sinceritatem
1178 1771 1228 1801 tui

218 1827 350 1867 generis
363 1826 605 1865 ast-Romanam
622 1824 798 1854 ecclesiam
817 1823 1010 1854 delectabili
1027 1824 1227 1862 repetitione

218 1888 484 1910 commemorans
505 1880 536 1909 et
560 1877 861 1917 promptitudinem
881 1877 927 1907 tui
956 1877 1110 1916 obsequii
1131 1877 1227 1907 nobis

218 1935 250 1964 et
268 1933 376 1963 eidem
397 1932 536 1962 ecclesie
551 1931 684 1961 liberali
705 1930 874 1961 oblatione
894 1932 1108 1968 presentans,
1127 1939 1229 1968 super

218 1986 342 2026 quibus
360 1985 584 2024 magnitudini
601 1987 657 2014 tue
674 1986 785 2023 grates
811 1992 876 2013 non
896 1983 1064 2013 indebitas
1082 1984 1228 2014 referen-

217 2041 280 2076 tes,
307 2041 338 2070 et
364 2039 569 2069 oblationem
586 2039 756 2076 acceptam
775 2036 937 2066 habemus
957 2038 988 2066 et
1014 2039 1228 2075 acceptamus

218 2093 378 2127 oblatam,
397 2092 544 2121 iliacum
560 2091 652 2120 locus
676 2090 819 2125 adesset,
840 2089 934 2119 usuri
960 2091 1051 2119 tanto
1075 2090 1228 2119 securius

218 2148 342 2185 quanto
371 2146 402 2175 id
423 2144 612 2184 promptius
633 2143 886 2173 consideramus
906 2142 1030 2172 offerri.
1057 2144 1226 2177 Ceterum,

218 2199 297 2239 quia
313 2199 456 2229 salutem
472 2200 564 2228 tuam
583 2196 692 2235 plenis
710 2196 860 2226 zelamus
878 2195 1065 2231 affectibus,
1086 2196 1165 2234 quia
1180 2196 1227 2225 in-

217 2254 386 2283 crementa
400 2251 447 2282 tui
465 2251 698 2281 desideramus
712 2249 861 2285 lionoris,
878 2257 990 2279 amare
1008 2249 1156 2287 profecto
1172 2249 1227 2278 do-

217 2306 327 2337 lemus
343 2314 419 2335 cum
435 2304 475 2334 de
492 2306 524 2334 te
542 2303 601 2333 illa
616 2311 676 2333 nos
696 2302 812 2332 audire
825 2302 988 2340 contingit
1006 2310 1069 2340 que
1085 2301 1135 2331 vel
1152 2310 1226 2331 esse

216 2361 272 2390 tue
286 2358 526 2397 impedimento
541 2356 643 2386 saluti
655 2356 707 2386 vel
719 2355 768 2386 tui
782 2355 929 2385 nominis
940 2356 1077 2393 possent
1092 2355 1227 2385 inlicere

215 2413 415 2443 claritatem.
436 2411 476 2441 Et
493 2410 568 2440 ideo
585 2418 651 2439 non
669 2410 742 2439 sine
760 2408 867 2438 multa
884 2407 1076 2438 turbatione
1102 2407 1226 2438 mentis

216 2465 408 2497 audivimus
425 2464 513 2503 quod
528 2464 576 2500 tu,
597 2463 757 2501 relegata,
775 2462 863 2492 sicut
882 2461 999 2497 fertur,
1019 2461 1157 2499 antiqua
1174 2461 1225 2491 tui

214 2519 347 2559 generis
374 2517 522 2548 bonitate
548 2525 585 2546 ac
608 2516 886 2554 predecessorum
916 2516 1052 2545 tuorum
1081 2516 1113 2544 et
1144 2514 1224 2551 tuis,

215 2572 304 2611 quod
320 2571 472 2602 dolentes
486 2569 677 2603 referimus,
692 2567 923 2599 laudabilibus
939 2567 1070 2598 semitis
1087 2567 1225 2597 derelic-

213 2625 271 2662 tis,
289 2623 517 2655 venerabilem
534 2623 672 2652 fratrem
689 2622 841 2651 nostrum
859 2621 1055 2660 episcopum
1073 2622 1104 2650 et
1124 2619 1227 2650 eccle-

214 2679 300 2708 siam
316 2678 528 2708 Sedunenses
544 2675 704 2715 gravibus
715 2674 872 2704 afflixisti
891 2674 1070 2709 molestiis,
1088 2673 1228 2712 injuriis

213 2733 246 2763 et
264 2731 420 2769 dampnis
447 2729 634 2760 innumeris
657 2727 869 2767 oppressisti,
897 2736 1013 2757 eorum
1032 2726 1131 2762 bona,
1151 2726 1209 2765 qui

213 2785 355 2815 busdam
370 2783 410 2813 ab
426 2783 541 2813 eodem
559 2782 717 2820 episcopo
730 2781 846 2811 fictitie
860 2779 1120 2819 permutationis
1137 2779 1224 2809 vela-

213 2837 337 2868 mentis
361 2835 543 2875 exitlortis,
572 2834 763 2873 occupando
793 2834 824 2863 et
851 2835 1011 2872 occupata
1041 2832 1222 2863 detinendo

212 2900 273 2930 pro
287 2892 342 2921 tue
359 2889 454 2920 libito
472 2887 668 2918 voluntatis.
684 2887 793 2922 Quare
812 2886 1023 2916 nobilitatem
1042 2887 1134 2915 tuam
1153 2894 1222 2915 mo-

212 2952 343 2979 nemus,
374 2950 531 2980 rogamus
556 2942 587 2970 et
611 2940 784 2970 hortamur
802 2940 926 2969 attente
950 2947 1008 2977 per
1037 2938 1225 2976 apostolica

211 2995 273 3027 tibi
295 2996 420 3034 scripta
437 2994 634 3024 mandantes
653 2994 830 3032 quatenus,
847 2992 1028 3031 diligenter
1046 2991 1223 3022 attendens

1292 399 1382 438 quod
1416 399 1473 429 ille
1513 399 1608 437 cujus
1640 400 1852 430 tremendum
1876 400 2043 439 judicium
2073 403 2301 438 expectamus,

1293 461 1485 491 quanquam
1509 452 1551 482 sit
1571 452 1668 482 fortis
1685 455 1717 482 et
1736 453 1880 490 patiens
1899 461 2090 492 quanquam
2108 453 2151 482 sit
2173 454 2304 484 miseri-

1292 506 1481 535 cordiarum
1518 507 1623 544 pater,
1651 507 1701 535 est
1729 507 1841 536 tamen
1861 506 1966 544 judex
1980 506 2105 543 justus⁷
2126 509 2175 536 est
2201 507 2303 537 etiam

1294 558 1383 588 Deus
1401 558 1568 588 ultionum
1588 561 1618 588 et
1633 567 1699 596 quo
1719 559 1902 588 vindictam
1924 559 2035 588 differt
2053 558 2245 597 benignius,
2264 568 2303 590 eo

1292 611 1389 649 punit
1406 611 1560 641 acerbius
1578 611 1650 641 dics
1667 620 1747 641 suos
1762 612 1918 642 finientes
1939 612 1971 641 in
1991 612 2091 643 malo.
2112 621 2148 641 ac
2165 612 2304 651 provide

1293 672 1438 702 pensans
1465 666 1626 702 quamtum
1649 664 1771 694 famam
1790 666 1882 694 tuam
1901 665 2056 694 dedeceat
2084 667 2115 694 te
2141 665 2303 695 Crucifixi

1293 717 1546 755 patrimonium,
1567 717 1655 754 quod
1682 717 1731 746 tui
1757 717 1989 756 progenitores
2013 718 2119 747 incliti
2138 718 2302 756 ampliare

1293 770 1462 800 munificis
1481 770 1719 809 largitionibus
1742 770 1955 806 studuerunt,
1974 773 2041 801 tam
2064 771 2191 809 iniquis
2210 779 2302 801 occu·

1292 823 1486 861 pationibus
1504 832 1677 862 usurpare,
1695 832 1734 854 ne
1753 824 1801 853 tui
1818 824 1952 862 generis
1969 833 2143 854 successor
2160 824 2304 863 degener

1291 877 1488 915 prediceris,
1509 877 1556 907 sic
1581 877 1717 907 studeas
1739 878 1849 907 errata
1872 877 2051 915 corrigere,
2079 877 2127 907 sic
2144 877 2233 916 quod
2254 886 2303 908 re-

1291 930 1566 968 prehensibiliter
1593 932 1703 960 actum
1725 930 1848 960 dicitur
1866 930 1899 959 in
1917 930 1978 960 hac
1995 932 2100 968 parte,
2126 930 2302 960 laudabili-

1290 984 1527 1013 teremendarc
1539 984 1679 1013 festines
1694 984 1781 1022 quod
1796 984 1918 1013 iratum
1934 992 1998 1013 non
2013 984 2201 1022 experiaris
2214 983 2304 1022 Judi-

1290 1045 1373 1072 ceni,
1393 1046 1492 1075 quem
1512 1037 1693 1075 benignum
1709 1039 1839 1075 patrem
1858 1037 1906 1066 sic
1921 1037 2048 1075 agendo
2065 1039 2303 1076 contempnere

1289 1089 1532 1128 comprobaris,
1563 1090 1621 1120 sed
1655 1090 1894 1120 reconciliatus
1923 1089 1964 1119 ad
1992 1089 2130 1128 plenum
2157 1089 2302 1120 Domino

1288 1143 1360 1173 Deo
1378 1144 1447 1177 tuo,
1466 1143 1691 1181 integritatem
1710 1142 1771 1173 tibi
1791 1144 1884 1182 grate
1903 1144 1988 1173 fame
2011 1151 2204 1179 conserves,
2222 1151 2303 1173 nos-

1289 1204 1364 1234 que,
1382 1196 1440 1234 qui
1460 1196 1527 1225 tuis
1543 1196 1699 1230 libenter,
1717 1196 1783 1226 nisi
1801 1205 1860 1234 per
1876 1198 1907 1226 te
1931 1196 2075 1232 steterit,
2096 1196 2302 1234 profectibus

1288 1248 1508 1284 intendimns,
1527 1249 1568 1279 ad
1581 1257 1620 1279 ea
1638 1258 1701 1288 que
1725 1249 1784 1280 tibi
1800 1249 1993 1288 expediant,
2013 1249 2223 1280 exaudienda
2240 1249 2303 1280 fer-

1288 1302 1422 1332 ventius
1439 1302 1632 1332 invitemur.
1656 1312 1672 1331 »

1378 1448 1476 1479 2855

1322 1539 1474 1569 Ludovico,
1501 1540 1561 1573 regi
1588 1540 1772 1566 Francorum.
1793 1540 1891 1567 scribit
1917 1540 1977 1575 ejus
2004 1540 2138 1574 puritatis
2165 1542 2301 1567 constan-

1286 1589 1359 1616 tiam
1376 1598 1478 1623 papam
1499 1592 1523 1615 et
1541 1590 1644 1616 fratres
1662 1597 1727 1616 suos
1743 1589 1887 1616 immensa
1904 1590 2025 1616 nimium
2041 1589 2223 1624 jucunditate
2238 1597 2301 1624 per-

1287 1638 1394 1664 fudisse
1411 1637 1492 1672 cique
1520 1646 1649 1664 summas
1675 1638 1769 1664 tribuit
1799 1638 1897 1665 laudes
1914 1639 2000 1672 quod,
2025 1638 2089 1665 lieet
2106 1639 2141 1664 ad
2162 1637 2243 1673 regni
2258 1637 2300 1665 sui

1286 1687 1368 1721 quasi
1385 1690 1479 1721 partes
1499 1686 1616 1714 ultimas
1633 1687 1801 1713 accessisset
1825 1696 1874 1721 pro
1901 1687 2086 1714 matrimonio
2101 1687 2176 1713 inter
2194 1686 2302 1721 Philip-

1287 1744 1366 1770 pum,
1387 1735 1612 1770 primogenitum
1637 1744 1731 1766 suum,
1751 1739 1778 1762 et
1795 1736 1884 1763 liliam
1904 1736 1980 1771 regis
1996 1737 2161 1771 Aragonum
2185 1738 2300 1763 coutra-

1286 1785 1389 1812 hendo.
1407 1787 1554 1819 comperto
1570 1787 1667 1811 tamen
1684 1786 1757 1818 quod
1774 1785 1849 1812 idcm
1875 1793 1922 1811 rex
1935 1785 2026 1812 filiam
2046 1784 2194 1811 Munsredi.
2212 1792 2301 1819 quon·

1286 1835 1351 1860 dam
1375 1833 1512 1868 principis
1540 1834 1697 1861 'sai-entim.
1715 1834 1905 1868 persecutoris
1929 1834 2076 1865 ccclesiae,
2107 1834 2300 1868 primogenito

1285 1891 1336 1909 suo
1360 1883 1613 1910 matrimonialiter
1629 1883 1787 1917 copularat,
1811 1883 1928 1910 omnino
1948 1883 1983 1910 ab
2010 1883 2099 1917 ipsius
2119 1881 2298 1909 matrimonii

1286 1931 1406 1959 destitit.
1425 1932 1590 1964 (Bonnfflrx
1607 1933 1668 1963 701,
1683 1937 1716 1958 11⁰
1730 1934 1801 1965 5753
1821 1932 1965 1959 V.xLL1e.C
1978 1932 2023 1958 49.
2040 1937 2070 1958 n⁰
2082 1932 2206 1958 5:13132⁴
2225 1931 2296 1957 Nar.

1285 1981 1366 2013 4311,
1387 1985 1416 2007 ω’
1433 1981 1480 2009 17ς
1501 1981 1649 2007 l'OTTnAS'r
1668 1981 1777 2015 18402.)

1327 2085 1341 2103 t(
1358 2074 1434 2112 [fessi
1453 2074 1639 2103 Francorum
1659 2073 1780 2103 illustri.
1801 2075 1916 2112 Nuper
1930 2074 1969 2104 de
1986 2073 2138 2104 Viterbio
2155 2090 2202 2103 —.
2222 2083 2237 2102 1)

1377 2225 1474 2255 2856

1322 2317 1430 2343 Decumo
1469 2317 1646 2343 handum—usi
1681 2317 1852 2343 decanatum
1885 2325 1971 2350 quem
2009 2316 2186 2343 Guillclmus.
2220 2315 2297 2343 tituli

1285 2374 1307 2391 s.
1338 2364 1421 2392 Marci
1447 2365 1587 2400 presbiter
1617 2365 1782 2395 cardinalis,
1811 2365 1839 2391 in
1870 2365 1991 2391 ccclesia
2020 2365 2199 2392 Lauduueusi
2226 2365 2299 2392 obn·-

1286 2416 1386 2440 nucrat
1408 2417 1431 2440 ct
1461 2414 1549 2440 libere
1569 2415 1603 2440 ad
1624 2417 1719 2441 votum
1739 2422 1828 2448 papae
1846 2415 2054 2448 resignaverat,
2071 2414 2194 2441 confert.
2216 2415 2298 2447 (Bon-

1285 2470 1381 2489 nmrx
1406 2463 1466 2495 Tol,
1492 2468 1521 2489 n⁰
1545 2464 1613 2493 [ΠΜ
1639 2463 1756 2489 Σίκιμα.
1776 2471 1789 2488 c
1810 2463 1854 2494 49,
1880 2469 1908 2489 n*²
1926 2464 1995 2496 :2903
2019 2463 2098 2490 Binr.
2123 2464 2192 2490 Nn.
2213 2462 2294 2495 4311,

1287 2517 1316 2537 n⁰
1329 2513 1380 2543 2:23
1401 2512 1547 2538 POTTHAST
1566 2512 1674 2545 18750.)

1323 2614 1338 2634 «
1363 2604 1482 2634 Decumo
1504 2603 1711 2634 Laudunensi.
1736 2605 1903 2635 Memores
1926 2605 2066 2635 uberum
2094 2605 2295 2635 Laudunen-

1283 2658 1331 2688 Sis
1346 2676 1394 2688 ——.
1418 2669 1432 2687 i)

1372 2806 1468 2837 2857

1318 2898 1467 2924 Ludovico-
1483 2897 1542 2931 regi
1563 2898 1748 2930 Francorum,
1766 2897 1908 2931 siguificat
1923 2905 1951 2924 se
1967 2898 2099 2924 omnibus
2115 2905 2180 2924 rere
2199 2897 2293 2931 poeni-

1280 2946 1408 2973 tentibus
1421 2949 1449 2972 et
1463 2946 1601 2972 consessis
1619 2946 1665 2980 qui
1686 2954 1735 2981 pro
1749 2955 1781 2973 eo
1796 2946 1925 2973 divinam
1944 2946 2174 2973 miscricordiam
2192 2945 2294 2980 implo-

1254 3005 1256 3016 ε
1280 2996 1394 3027 rabuut,
1414 2994 1536 3029 siugulis
1560 2995 1660 3021 «liebus
1678 2995 1779 3029 quibus
1801 2996 1876 3030 apud
1897 2995 1984 3021 Deum
2009 2995 2171 3030 hujusmodi
2188 2994 2293 3021 oratio·
