2519 3262
279 306 340 335 456
1031 302 1273 332 ItEGIS'l'HES

370 390 465 421 2717
871 385 995 417 ort-icto,
1014 386 1042 413 ts
1059 387 1126 412 amu
1143 386 1218 412 1202.

317 472 510 506 Insrascriptis
528 471 690 505 praedictae
717 470 880 496 collationis
903 469 1061 497 committit
1078 469 1288 497 executionem.

281 522 360 557 (lix-:Gi
378 522 422 553 29,
444 521 492 547 t'ot.
509 520 561 547 :330
582 524 619 551 νο,
638 525 666 545 n‘·
685 520 773 549 1708.)

321 637 335 656 (ι
351 649 357 655 .
376 650 381 656 .
397 626 557 665 preposito
577 630 603 654 el
624 625 768 663 mayislro
789 623 945 663 Haynaldn
962 624 1043 653 dicto
1061 624 1226 660 Romano,
1242 635 1291 654 ι’(ι-

280 681 389 710 noniro
403 679 526 709 ecclesie
543 691 566 709 s.
585 680 608 709 A
617 678 764 714 adomari,
787 678 968 707 Morinflnsis
981 677 1117 708 ‹lim-esis.
1136 678 1291 716 Inspecta

281 733 525 772 obsequiorum
546 732 751 771 gratitudine
779 749 827 761 ——.
848 731 972 761 Datum
994 731 1081 769 apud
1111 730 1290 762 Urbemve-

280 789 399 822 terem,
419 795 463 816 xv
484 785 646 816 kalendas
663 784 876 824 septembris,
897 793 983 814 anno
1000 784 1110 814 tertio.
1129 795 1143 813 n

370 966 467 995 271ss

865 962 989 993 ort-icto,
1009 963 1044 988 25,
1056 963 1120 989 aont
1144 962 1218 989 1202.

316 1047 455 1082 Episcopo
482 1047 619 1074 Imolcnsi
644 1047 763 1076 mandat
789 1045 919 1073 inhibeat
943 1047 1089 1080 potestati,
1114 1047 1245 1074 ancianis
1263 1049 1291 1074 et

280 1097 445 1124 consulibus
475 1096 700 1123 Bononiensibus
718 1095 872 1131 quominus
901 1096 1062 1123 Johanncm
1091 1097 1124 1123 de
1142 1097 1291 1129 Vercellis,

280 1145 485 1173 subdiaconum
503 1145 706 1180 apostolicum,
723 1145 893 1172 canonicum
915 1145 1131 1179 Belvacensem,
1149 1146 1291 1173 Bononiae

280 1197 522 1226 commorantem,
541 1195 689 1222 occasione
707 1194 783 1221 necis
799 1195 943 1228 quondam
972 1194 1080 1221 Nicolai
1105 1194 1291 1229 Bonigerardi

280 1252 296 1270 a
321 1244 408 1278 Nigro
426 1243 581 1270 Guasconis
598 1245 739 1277 patratae,
754 1245 833 1270 extra
848 1251 945 1270 curam
964 1245 991 1270 ct
1011 1243 1220 1277 protectionem
1245 1252 1292 1278 po-

280 1292 394 1319 testatis
404 1295 429 1319 et
442 1292 606 1319 eommunis
616 1292 836 1319 Bononiensium
850 1294 966 1326 ponant.
981 1292 1236 1326 <111÷‹;.29,s01.330
1252 1298 1291 1326 νῦ,

284 1345 315 1367 11⁰
328 1341 417 1376 1700.)

321 1458 336 1477 «
357 1471 363 1477 .
382 1470 389 1477 .
407 1448 546 1487 episcopo
564 1447 717 1477 [molensi.
748 1446 847 1478 Cives
866 1447 1097 1478 Bononienses
1118 1466 1166 1479 —.
1189 1448 1292 1479 Audi-

280 1501 392 1531 vimus
411 1501 580 1540 siquidem
596 1501 695 1540 quod,
715 1509 791 1531 cum
808 1501 944 1540 quidam
964 1501 1071 1531 laicus
1097 1502 1136 1532 de
1159 1502 1294 1532 Vercel-

281 1554 336 1588 lis,
364 1554 466 1593 NIger
489 1554 677 1584 Guasconis
706 1554 852 1589 nomine,
879 1554 1151 1593 consanguineus
1177 1555 1292 1585 dilecti

283 1607 341 1637 filii
357 1607 522 1637 Johannis
541 1607 581 1637 de
598 1607 776 1641 Vercellis,
796 1607 992 1637 subdiaconi
1013 1609 1129 1644 nostri,
1141 1609 1292 1639 canonici

282 1661 509 1696 Belvacensis,
539 1661 688 1691 Bononie
721 1661 973 1696 commorantis,
1007 1662 1094 1700 apud
1121 1662 1291 1692 civitatem

282 1714 531 1744 Bononiensem
551 1714 719 1753 quondam
735 1713 913 1744 Nicolaum
935 1715 1163 1753 Honigerardi,
1185 1715 1292 1745 civem

282 1767 542 1800 Bononiensem,
559 1768 721 1797 Instinctu
733 1767 898 1797 diabolico
911 1767 1045 1798 (luxerit
1058 1768 1290 1805 occidendum,

282 1820 355 1855 filii,
375 1821 616 1859 consanguinei
643 1823 673 1850 et
704 1820 803 1850 amici
827 1821 977 1860 ejusdem
998 1821 1141 1856 Nicolai‚
1160 1830 1197 1852 eo
1220 1831 1292 1860 pre-

281 1875 374 1904 textu
404 1874 493 1912 qnod
512 1874 598 1904 idem
625 1873 822 1904 malefactor
843 1875 893 1904 est
918 1875 1189 1913 consanguineus
1207 1876 1293 1913 ejus-

282 1927 356 1956 dem
373 1927 552 1963 Jobannis,
570 1927 725 1965 sluamvis
737 1927 770 1957 in
787 1927 891 1966 gradu
909 1930 1049 1964 remoto,
1062 1931 1093 1957 et
1109 1928 1292 1967 aliquando

283 1980 465 2010 familiaris
483 1981 556 2019 ejus
574 1981 818 2013 t'uit,an‹‘1ianos
834 1983 865 2011 et
884 1981 1040 2011 eonsules
1058 1982 1187 2020 populi,
1207 1991 1293 2012 cam-

282 2033 328 2062 bii
349 2035 381 2063 et.
409 2034 635 2064 mercadxmtie
651 2034 875 2064 Bononiensis
894 2034 1071 2072 requirunt
1097 2037 1132 2065 ut
1149 2037 1293 2065 eundem

281 2086 468 2117 ,Iohannem
484 2089 580 2116 extra
592 2095 706 2116 curam
734 2088 765 2116 et
793 2087 1076 2125 protectionem..
1102 2089 1291 2126 potestatis,

282 2140 514 2170 etcommunis
531 2140 792 2170 bononiensium
808 2142 944 2178 ponant,
960 2141 1005 2170 ita
1017 2142 1116 2179 quod,
1129 2142 1293 2180 sialiquis
1322 2173 1323 2183 γ

282 2202 358 2223 eum
377 2193 553 2223 offenderit
578 2194 610 2222 in
630 2202 772 2232 persona
793 2193 843 2223 vel
860 2193 959 2223 bouis
979 2194 1063 2229 suis,
1081 2196 1218 2233 propter
1234 2195 1293 2224 boc

283 2246 422 2276 minime
449 2247 622 2284 puniatur,
648 2247 725 2276 licet
742 2246 935 2285 hujusmodi
955 2247 1159 2277 maleficium
1176 2248 1292 2277 eodem

281 2299 435 2330 dohanne
463 2300 570 2330 inscio
592 2301 624 2330 et
651 2299 788 2330 absente
805 2301 836 2330 et
854 2309 918 2329 nou
936 2300 1034 2330 dante
1050 2301 1089 2330 ad
1107 2300 1167 2330 hoc
1186 2301 1291 2331 eonsi—

283 2353 379 2388 lium,
394 2353 561 2383 auxilium
574 2353 623 2383 vel
642 2353 789 2383 favorem
809 2353 909 2383 fuerit
924 2355 1153 2392 perpetratum
1170 2354 1295 2384 dictus-

283 2416 348 2445 que
364 2406 573 2441 malefactor,
593 2407 646 2436 cui
672 2407 844 2445 predictus
864 2407 1061 2445 Jol'liannes]
1079 2407 1205 2446 elapsis
1224 2407 1295 2446 plu-

283 2459 379 2490 ribus
394 2460 494 2490 annis
516 2460 649 2490 locutus
674 2468 739 2490 non
769 2459 889 2497 fuerat,
908 2460 947 2490 de
969 2460 1099 2490 familia
1122 2469 1188 2490 non
1205 2462 1295 2491 esset

284 2513 394 2552 ipsius
410 2513 586 2550 Johannis,
600 2514 658 2552 qui
670 2513 813 2544 eundem
823 2514 930 2544 civem
943 2513 1105 2553 diligebat
1121 2514 1295 2544 affectione

284 2567 429 2602 sincera,
449 2568 548 2605 prout
563 2575 621 2606 per
638 2567 893 2606 inquisitionem
913 2576 971 2606 per
987 2567 1215 2597 venerabilem
1233 2567 1296 2597 fra-

284 2621 373 2650 trem
399 2621 553 2650 nostrum
573 2645 578 2650 .
598 2645 604 2651 .
625 2621 820 2659 episcopum
837 2620 1096 2655 Bononiensem,
1118 2629 1220 2659 snper
1236 2620 1296 2650 hoc

285 2673 421 2709 saetam,
435 2673 609 2703 evidenter
623 2675 771 2712 apparet.
788 2674 874 2704 Sane
891 2674 993 2704 nichil
1008 2674 1101 2704 aliud
1116 2675 1205 2705 esset
1222 2682 1294 2713 pre-

285 2725 414 2756 dictum
430 2726 482 2755 ιΙο.
502 2727 595 2756 extra
612 2735 726 2756 curam
750 2727 781 2756 et
798 2727 1039 2765 protectionem
1057 2727 1224 2758 dictorum
1241 2736 1298 2765 po-

286 2779 420 2809 testatis
437 2780 469 2809 et
492 2779 681 2809 communis
705 2788 828 2818 ponere
847 2789 947 2819 quam
967 2780 1107 2811 bannire
1133 2781 1246 2819 ipsum
1267 2782 1299 2811 et

288 2832 448 2871 predictis
473 2832 568 2867 filiis,
596 2833 855 2872 consanguineis
886 2835 917 2864 et
945 2833 1063 2864 amicis
1097 2834 1178 2864 dicti
1214 2833 1299 2864 civis

288 2885 367 2916 dare
393 2886 569 2916 materiam
597 2888 629 2916 et
654 2887 863 2917 occasionem
891 2887 1113 2917 interficiendi
1143 2887 1299 2917 eundem.

289 2938 374 2974 Quia
399 2947 476 2969 vero
494 2939 527 2968 id
546 2939 747 2970 redundaret
767 2940 798 2969 in
821 2940 1005 2978 apostolice
1027 2940 1118 2970 sedis
1142 2940 1299 2979 injuriam

289 2992 321 3021 et
339 2993 568 3030 contemptum
586 2994 617 3022 et
638 2992 922 3023 conculcationem
947 2993 1174 3024 ecclesiastice
1199 2993 1301 3023 liber-

1316 393 1318 406 l

1316 484 1318 515 t

1306 301 1520 332 D'URBAIN
1554 302 1609 331 IV.

1348 385 1442 419 tatis,
1460 393 1561 423 quam
1586 386 1747 423 potestas,
1777 384 1909 414 anciani
1926 386 1958 414 et
1986 384 2142 415 consules
2167 385 2308 423 predicti
2327 386 2359 415 et

1345 438 1527 468 consilinm
1547 439 1578 467 et
1603 446 1780 467 commune
1797 438 2030 468 Bononienses
2049 437 2226 468 defensare
2244 440 2359 468 tenen-

1346 493 1412 525 tur,
1433 491 1634 521 fraternitati
1660 493 1715 520 tue
1732 499 1790 529 per
1808 491 1996 529 apostolica
2014 491 2141 529 scripta
2158 491 2360 521 mandamus

1346 545 1507 583 quatinus
1536 545 1749 582 potestatem,
1778 544 1949 579 ancianos,
1980 543 2148 579 consules,
2177 544 2359 574 consilium

1346 600 1377 628 et
1397 606 1574 628 connmme
1596 597 1756 636 prefatos,
1785 606 1925 627 numero
1944 597 2308 636 quadragintanovem,
2328 599 2361 627 et

1317 655 1318 671 l
1347 651 1530 681 consilinm
1551 650 1666 689 populi
1682 650 1906 680 Bononiensis
1923 651 2012 689 quod
2029 650 2155 680 dictum
2170 650 2358 680 Johannem

1347 706 1443 734 extra
1475 712 1589 733 curam
1617 705 1647 733 ct
1678 704 1921 742 protectionem
1940 712 2034 733 suam
2063 712 2126 733 non
2156 706 2279 742 ponant
2300 712 2360 734 nec

1347 758 1424 797 poni
1453 757 1648 796 permittant
1677 766 1736 786 nec
1769 756 1809 786 ab
1842 756 2027 796 aliquibus,
2052 759 2216 795 quantum
2252 757 2285 786 in
2310 756 2360 786 eis

1348 811 1464 846 fuerit,
1477 810 1669 849 hujusmodi
1689 810 1875 843 occasione,
1896 810 1929 839 in
1948 818 2093 848 persona
2106 810 2156 839 vel
2169 809 2268 839 bonis
2287 810 2360 839 suis

1348 864 1520 903 patiantur
1544 864 1678 897 offendi,
1705 863 1889 893 monitione
1907 863 2086 902 premissa,
2107 872 2165 902 per
2183 871 2360 893 censuram

1318 957 1319 967 η
1348 917 1613 947 ecclesiasticam
1646 917 1678 947 in
1712 925 1875 956 personas
1906 917 2096 955 potestatis.
2127 917 2359 952 ancianorum,

1348 971 1522 1000 consutum
1548 973 1579 1000 et
1609 970 1955 1009 quadragintanovem
1980 970 2208 1008 predictorum
2235 978 2272 999 ac
2286 969 2360 999 osti-

1348 1024 1486 1053 cialium
1503 1026 1536 1054 et
1561 1023 1834 1053 consiliariorum
1853 1023 2003 1053 cix-itatis
2021 1023 2248 1053 Bononiensis
2264 1031 2360 1053 exer-

1350 1077 1503 1112 cendam,
1523 1077 1750 1116 appellatione
1774 1079 1913 1111 remota,
1944 1076 2141 1115 compellas
2162 1075 2299 1115 proviso
2321 1084 2362 1106 ne

1350 1130 1384 1160 in
1419 1131 1681 1161 universitatem
1718 1130 1965 1160 Bononiensem
2001 1129 2361 1160 excommunicationis

1349 1183 1401 1214 vel
1415 1184 1583 1214 interdicti
1610 1185 1671 1214 etc.
1689 1192 1796 1222 usque
1814 1183 1972 1222 speciale.
1993 1183 2161 1221 Quicquid
2179 1186 2290 1213 autem
2308 1191 2360 1213 su-

1350 1245 1409 1276 per
1438 1237 1504 1266 hiis
1529 1237 1668 1267 duxeris
1688 1237 1889 1270 faciendum,
1908 1236 2006 1266 nobis
2033 1245 2094 1275 per
2116 1238 2192 1266 tuas
2216 1235 2360 1272 litteras,

1351 1290 1471 1320 harum
1488 1290 1612 1320 seriem
1629 1291 1851 1325 continentes,
1870 1290 2006 1320 studeas
2024 1289 2168 1320 fideliter
2192 1289 2359 1319 intimare.

1348 1344 1472 1374 Datum
1491 1343 1579 1382 apud
1597 1343 1955 1379 L'rbemx-eterem‚v111
1972 1343 2135 1374 kalendas
2145 1342 2362 1382 septembris,

1349 1406 1436 1427 anno
1453 1397 1564 1428 tertio.
1586 1406 1600 1426 »

1443 1553 1540 1584 2719

1935 1551 2059 1581 Ori-icto,
2078 1551 2111 1578 21
2127 1553 2192 1577 τιού(
2214 1551 2290 1578 1254.

1389 1637 1528 1671 Episcopo
1547 1637 1688 1664 Perusino
1714 1638 1830 1664 mandat
1845 1639 1874 1663 ut
1895 1636 2008 1671 plebem
2022 1638 2187 1663 sanctorum
2205 1636 2323 1663 Fabiani
2336 1639 2364 1664 et

1350 1686 1526 1720 Sebastiam,
1562 1687 1716 1713 Perusinae
1743 1686 1876 1717 diocesis,
1908 1685 2037 1713 conserat
2076 1685 2232 1720 Venturae,
2260 1685 2365 1713 clerico

1350 1736 1503 1766 Perusino,
1536 1735 1618 1762 fratri
1651 1736 1744 1768 Pauli,
1771 1735 1882 1762 ostiarii
1897 1735 2059 1769 apostolici.
2077 1735 2157 1769 ([ὶιῑο.
2174 1736 2218 1766 29,
2236 1734 2284 1762 sol.
2300 1736 2364 1769 331,

1351 1790 1379 1811 110
1401 1785 1493 1817 1770.)

1392 1900 1406 1918 «
1425 1914 1432 1919 .
1451 1915 1456 1920 .
1476 1891 1621 1930 episcopo
1638 1890 1796 1921 Perusino.
1814 1891 1881 1921 Sua
1902 1889 1999 1920 nobis
2016 1890 2159 1920 dilectus
2173 1908 2223 1918 -—.
2241 1891 2365 1921 Datum

1351 1943 1440 1982 apud
1466 1943 1755 1979 Urbemveterem,
1777 1953 1824 1973 x11
1851 1943 2014 1973 kalendas
2037 1943 2251 1982 septembris,
2278 1953 2365 1975 anno

1350 1996 1463 2027 tertio.
1480 2005 1497 2025 »
1517 1997 1523 2014 ¹

1443 2156 1541 2185 2720
1947 2153 2070 2184 Orvieto,
2089 2154 2123 2181 22
2133 2153 2197 2189 juin
2217 2154 2293 2181 1:04.

1387 2239 1423 2270 .1.‚
1444 2246 1481 2264 ss.
1511 2239 1632 2264 cosmae
1655 2241 1681 2264 ct
1705 2237 1836 2264 Damiani
1865 2238 1985 2264 dIacono
2019 2238 2170 2269 cardinali,
2199 2240 2317 2267 mandat
2335 2242 2365 2266 nt

1352 2290 1522 2321 perpetuum
1536 2287 1705 2313 benetieinm
1717 2287 1894 2313 deeimarum
1905 2287 2069 2314 exeuntium
2086 2289 2120 2314 de
2137 2288 2366 2321 possessionibus

1352 2336 1550 2370 spectantibus
1566 2336 1600 2362 nd
1616 2336 1783 2361 demanium
1804 2335 1899 2362 curiae
1915 2335 2002 2362 castri
2027 2336 2085 2365 uri,
2102 2336 2253 2364 caietanae
2273 2338 2367 2365 dioce-

1351 2385 1404 2417 sis,
1425 2386 1563 2415 Andreae,
1583 2384 1833 2419 archipresbytero
1855 2384 1922 2411 dieti
1947 2385 2045 2417 castri,
2067 2385 2206 2420 assignet.
2226 2386 2303 2421 (lh-213.
2319 2387 2364 2418 29,

1353 2433 1402 2460 sot.
1418 2435 1482 2467 3:51,
1499 2440 1527 2460 ιιο
1546 2434 1634 2464 ΙΤΤΙ.)

1399 2552 1413 2571 ι(
1430 2542 1474 2578 1.,
1486 2553 1524 2572 ss.
1539 2542 1644 2573 Cosnze
1657 2547 1684 2571 e!
1699 2541 1840 2571 [lantiunt
1852 2541 1980 2571 diacono
1992 2542 2155 2573 cardinali.
2170 2542 2267 2579 Cum,
2279 2542 2367 2574 Sicut

1354 2596 1558 2634 accepimus,
1580 2598 1777 2635 perpetuum
1796 2596 1995 2626 beneficium
2013 2596 2223 2626 decimarum
2237 2596 2277 2627 de
2292 2605 2366 2635 pos·

1355 2649 1569 2680 sessionibus
1599 2649 1831 2688 spectantibus
1854 2650 1895 2679 ad
1921 2650 2118 2680 demanium
2151 2650 2242 2680 curie
2263 2649 2367 2680 castri

1355 2704 1429 2739 liri,
1452 2704 1614 2734 Gaietane
1639 2703 1797 2739 diocesis,
1818 2704 1907 2742 quod
1931 2703 2018 2733 bone
2043 2703 2205 2734 memorie
2218 2704 2272 2738 A„
2289 2703 2368 2734 Ter—

1388 2824 1409 2847 1,
1427 2824 1506 2848 Cette
1522 2823 1604 2847 lettre
1620 2826 1661 2848 est
1676 2823 1769 2847 suivie
1787 2823 1854 2847 d'un
1870 2823 2010 2853 fragment
2028 2823 2061 2847 de
2078 2823 2162 2848 lettre
2179 2824 2274 2849 barre.
2290 2824 2368 2849 Dans

1356 2875 1402 2892 ces
1421 2874 1488 2891 onze
1503 2868 1605 2896 lienes.
1621 2868 1718 2892 datees
1733 2868 1783 2891 des
1801 2875 1888 2892 nones
1901 2868 1935 2892 de
1952 2868 2055 2898 juillet.
2071 2875 2106 2892 an
2123 2876 2156 2892 111
2171 2869 2208 2892 du
2222 2869 2368 2900 pontificat

1356 2913 1381 2942 (7
1393 2912 1487 2943 juillet
1501 2914 1575 2942 121153.
1591 2912 1609 2936 il
1624 2915 1664 2936 est
1680 2913 1813 2943 question
1829 2912 1900 2936 dela
1916 2913 2092 2936 nominatiou
2107 2920 2213 2937 comme
2229 2912 2369 2938 chanoine

1357 2956 1389 2980 do
1408 2957 1586 2981 Bruniatede
1603 2957 1726 2988 Jarques
1738 2956 1956 2988 Grillimfloyen
1971 2957 2004 2981 de
2020 2957 2156 2981 Florem-»-
2170 2957 2368 2982 recomuiandae's

1358 3008 1409 3031 par
1424 3001 1447 3025 le
1463 3001 1593 3025 cardinal
1612 3001 1645 3025 de
1660 3008 1682 3025 s.
1696 3001 1812 3026 Adrien.
