2519 3262
1050 209 1289 246 'I'ROIsIFJME
1318 209 1480 246 ANNEE.

720 300 845 327 Orvieto.
867 301 896 327 18
915 301 1066 326 decembre
1090 301 1167 327 1203.

318 300 415 330 2359

259 378 403 404 Decanum
423 380 450 404 et
468 378 625 412 capitulum
651 379 789 406 ecclesiae
812 388 834 405 s.
852 379 1001 412 (humerici
1021 379 1237 405 Cameracensis

2248 227 2302 253 :ml

1297 299 1516 335 cardinalem,
1544 301 1734 330 auditorem
1759 301 1791 330 in
1809 310 1910 331 causa
1938 303 2151 333 dedissemus
2176 306 2303 342 ead->im

1265 352 1266 358 ¹
1297 352 1361 381 sibi
1379 353 1456 381 viva
1482 362 1559 383 voce
1580 354 1778 384 mandantes
1795 357 1830 383 ut
1856 364 1928 384 cam
1946 357 1984 385 de
2002 356 2100 394 plano
2122 360 2149 386 ct
2172 358 2307 395 sinciu-

222 426 354 453 laudibus
371 427 557 453 commendat.
574 428 647 460 quod
661 428 696 454 ad
714 428 908 462 praebendam
925 428 951 453 in
970 427 1097 461 ipsorum
1116 427 1238 453 ccclesia
1264 439 1265 459 3

222 475 309 502 tertio
332 475 393 502 loco
410 480 560 503 vacantem
584 478 818 511 spectantemque
839 477 875 502 ad
892 476 1018 510 ipsorum
1040 476 1237 507 collationem,

222 532 360 558 personas
385 524 541 559 litteratas,
559 525 691 559 providas
714 528 742 551 et
762 524 896 551 honestas
916 532 1065 550 assumere
1084 532 1237 550 consueve-

222 573 290 605 rint,
304 574 401 608 eisque
417 576 533 601 mandat
552 577 593 604 ut,
613 575 730 601 obtentu
751 582 772 600 s.
794 574 928 600 Praxcdis
949 576 975 599 ct
997 582 1018 599 s.
1036 574 1121 599 Marci
1140 573 1236 600 titulo-

222 630 286 648 rum
301 623 528 657 prcsbiterorum
542 622 744 654 cardinalium,
761 623 933 656 magistrum
950 621 1112 648 Jobanncm
1127 622 1235 648 dictum

224 672 370 699 Decanum,
387 674 528 698 rectorem
544 671 682 698 ecclesiae
701 680 724 697 s.
745 671 849 697 Maria<¹
868 670 1051 705 Magdalenac
1068 671 1236 697 Atrcbalcn-

222 719 273 750 sis,
294 720 433 747 clericum
458 720 570 747 abbatis
594 729 616 747 s.
641 720 755 746 Vedasti
787 720 996 748 Mrcbatcnsis5
1018 720 1045 746 in
1064 720 1235 746 canonicum
1263 712 1264 719 ¹

220 771 248 795 et
267 769 295 795 in
313 768 431 795 fratrem
449 769 601 803 recipiant.
619 769 695 802 (REG.
707 768 750 798 29,
766 768 814 795 t'ol.
831 770 895 801 205,
915 773 945 794 n⁰
961 769 1050 803 1208.)

262 886 277 905 «
294 875 419 905 Dileceis
439 875 517 915 filiis
540 875 653 905 decano
677 881 703 905 et
730 876 864 915 capitulo
884 875 1004 905 ecclesie
1028 887 1050 906 s.
1072 876 1236 917 Gauqerici

220 983 309 1022 apud
333 981 622 1017 Urbemveterem,
641 991 685 1012 xv
704 982 868 1012 kalendas
882 982 1043 1021 januarii,
1067 992 1152 1013 anno
1171 985 1234 1014 ter-

219 1036 278 1066 tio.
296 1045 311 1065 ))

736 1193 860 1227 Orvieto,
875 1194 891 1221 9
913 1194 1067 1220 novembre
1085 1195 1160 1222 1203.

308 1194 406 1225 2360

253 1274 417 1308 Capitulum
448 1273 625 1308 Legionense
646 1275 819 1301 condemnat
846 1276 881 1301 ad
908 1275 1132 1302 ministrandum
1151 1276 1234 1303 Petro

220 1322 374 1354 Dominici,
398 1323 602 1350 archidiacono
626 1323 931 1358 Legionensi‚s1·uctus
948 1325 1127 1358 praebendae
1147 1333 1233 1359 quam

218 1372 247 1398 in
274 1372 445 1407 Legionensi
472 1372 595 1399 ecclesia
619 1372 758 1406 possidet,
780 1373 922 1399 sententia
940 1381 990 1407 pro
1018 1374 1118 1400 codem
1149 1374 1233 1400 Petro

217 1421 358 1447 Dominici
376 1430 392 1447 a
416 1422 459 1453 ‹;.‚
478 1421 554 1448 tituli
583 1430 605 1447 s.
627 1421 713 1447 Marci
741 1422 908 1456 presbytero
934 1423 1083 1456 cardinali,
1109 1423 1232 1457 prolata,

217 1469 396 1496 confirmata.
420 1470 497 1501 (aaa.
516 1470 561 1501 29,
577 1469 624 1496 fol.
642 1468 694 1497 206
710 1475 747 1499 ν’),
765 1475 794 1496 n⁰
813 1471 902 1503 1209.)

259 1575 377 1605 «Petro
390 1574 550 1610 Dominici‚
569 1574 788 1605 archidiacono
802 1575 994 1614 Leqz'onensi,
1012 1575 1168 1616 capellano
1187 1577 1231 1605 dil

1295 405 1372 434 dicii
1399 406 1524 444 stepitu
1547 407 1755 443 terminaret,
1783 407 1870 437 idem
1890 409 2085 444 cardinalis,
2108 410 2217 448 ipsius
2235 420 2307 449 pro-

1295 459 1461 488 curatoris
1490 459 1641 497 inspecto
1667 461 1834 494 mandato,
1864 464 1938 499 post
1964 462 2055 492 litem
2080 471 2138 500 per
2163 464 2305 493 eundem

1295 513 1548 548 procuratorem
1571 521 1672 550 super
1692 514 1748 543 tuo
1767 513 1883 543 libello
1905 514 2053 552 legitime
2072 518 2305 552 contestatam,

1294 563 1361 593 hiis
1381 573 1444 602 que
1464 566 1605 603 utraque
1622 574 1699 603 pars
1717 575 1901 604 proponere
1921 568 2040 603 voluit,
2058 568 2237 605 diligenter
2252 579 2306 599 au-

1295 617 1375 646 ditis
1396 619 1428 647 et.
1455 618 1554 656 plena
1573 618 1816 649 deliberatione
1833 620 2010 655 discussis,
2034 630 2093 651 nec
2118 631 2183 651 non
2206 632 2306 660 super

1295 670 1344 700 eis
1362 670 1459 700 nobis
1479 672 1511 700 et
1540 671 1701 701 fratribus
1720 673 1846 702 nostris
1864 673 1948 702 sacta
1966 674 2128 704 relatione
2148 676 2249 709 fideii,
2269 685 2306 705 ac

1294 724 1395 753 etiam
1413 724 1544 754 anobis
1569 724 1705 754 licentia
1723 726 1949 755 sententiandi
1968 726 2113 763 obtenta,
2132 728 2171 758 de
2192 731 2305 758 nostro

1294 777 1434 814 speciali
1462 779 1494 807 et
1518 786 1680 815 expresso
1700 779 1869 815 mandato,
1889 788 1925 809 ac
1944 782 1975 809 te
1995 782 2026 810 et
2042 780 2130 810 dicto
2149 790 2304 819 prm-nra-

1293 830 1365 859 tore
1385 830 1613 868 presentibus,
1637 833 1820 869 proventus
1842 841 1926 871 quos
1947 834 2095 863 canonici
2114 835 2305 872 sultiradicte

1262 919 1263 923 Ἰ
1293 883 1516 922 Legionensis
1528 884 1680 921 ecclesie,
1700 885 1739 915 de
1752 894 1889 915 suorum
1903 887 2052 925 episcopi
2070 889 2101 917 et
2115 888 2253 926 capituli
2269 889 2303 917 li-

223 929 458 959 Cameracensis.
478 929 672 967 Apostolice
701 929 792 959 sedis
818 929 1009 968 benignitas
1036 948 1086 958 —.
1111 931 1234 960 Datum
1262 926 1263 930 ¹

1294 937 1403 966 centia
1416 937 1619 971 litterarum,
1638 938 1750 968 studio
1762 938 1993 975 immorantes,
2013 941 2214 978 percipiunt.
2227 951 2305 980 quo-

1262 1029 1263 1034 1
1294 998 1424 1029 cunque
1446 991 1581 1020 nomine
1608 994 1819 1025 censeantur,
1836 992 1985 1022 denariis
2005 995 2117 1023 tamen
2134 995 2305 1025 canonicis

1293 1043 1509 1073 venientibus
1536 1044 1576 1073 ad
1605 1044 1704 1074 horas
1732 1045 1766 1074 in
1795 1045 1937 1075 ecclesia
1971 1049 2156 1077 memorata
2183 1048 2304 1079 cotidie

1293 1097 1453 1127 distribui
1483 1098 1612 1128 ratione
1641 1098 1832 1137 hujusmodi
1861 1100 2045 1134 consuetis,
2062 1101 2164 1130 etiam
2185 1101 2212 1130 si
2231 1110 2304 1139 pre-

1293 1150 1373 1180 dicti
1405 1151 1553 1181 scolares
1580 1160 1637 1181 eos
1666 1152 1888 1190 perciperent,
1913 1162 1988 1182 cum
2019 1162 2084 1183 non
2116 1153 2159 1183 sit
2191 1157 2305 1185 nostre

1293 1205 1349 1233 aut
1372 1203 1481 1241 ipsius
1502 1204 1684 1233 cardinalis
1706 1205 1906 1234 intentionis
1926 1206 2014 1243 quod
2031 1207 2066 1235 tu
2088 1206 2180 1244 ipsos
2201 1208 2305 1245 perci-

1292 1256 1379 1295 pias,
1394 1257 1570 1287 dumtaxat
1585 1258 1748 1296 exceptis,
1765 1257 1838 1291 tihi,
1852 1267 1916 1287 non
1933 1258 2146 1288 obstantibus
2156 1259 2306 1298 appella-

1292 1310 1382 1340 tione
1403 1318 1462 1340 seu
1491 1310 1776 1348 appellationibus
1803 1311 1911 1349 ipsius
1928 1311 2065 1349 capituli
2085 1320 2195 1341 coram
2217 1313 2304 1343 dicto

1261 1365 1262 1370 ¹
1292 1363 1504 1393 thesaurario
1522 1363 1747 1402 interpositis,
1769 1364 2018 1394 sententialiter
2035 1365 2251 1403 adjudicavit,
2273 1366 2304 1395 et

1260 1410 1261 1431 ³
1292 1416 1419 1446 dictum
1443 1416 1627 1454 capitulum
1659 1416 1699 1446 ad
1718 1417 1966 1446 restituemlum
1983 1419 2015 1447 et
2040 1417 2303 1448 ministrandum

216 1629 286 1659 lecti
312 1628 372 1668 filii
388 1629 487 1657 nostri
502 1628 546 1663 J„
564 1633 667 1657 sancte
687 1628 782 1658 Mai-ie
803 1629 834 1658 in
854 1628 1009 1659 Cosmidin
1027 1629 1149 1659 diaconi
1167 1640 1232 1659 car·
1259 1667 1260 1675 ἵ

216 1681 342 1713 dinalis.
365 1683 412 1712 Ea
438 1690 501 1721 que
527 1682 655 1720 judicio
684 1684 745 1712 etc,
765 1682 926 1712 Exhibita
947 1682 1115 1721 siquidem
1133 1683 1231 1713 nobis

215 1736 274 1766 tua
294 1735 413 1774 petitio
440 1735 633 1765 continebat
656 1736 757 1774 quod,
786 1744 860 1766 cum
882 1744 943 1766 nos
968 1735 1090 1766 dilecto
1111 1736 1180 1766 tilio
1200 1761 1205 1766 .
1222 1759 1229 1765 .

214 1789 427 1820 thesaurario
438 1789 654 1818 Zamorensis
672 1789 825 1823 ecclesie,
843 1789 1057 1819 dedissemus
1074 1789 1153 1819 olim
1168 1789 1231 1819 sub

214 1844 306 1873 certa
335 1841 442 1872 forma
466 1850 525 1879 per
552 1843 687 1872 nostras
713 1841 845 1872 litteras
872 1842 905 1871 in
922 1842 1090 1872 mandatis
1108 1843 1143 1872 ut
1169 1842 1230 1872 tibi

215 1895 340 1925 faceret
368 1895 496 1933 integre
532 1895 721 1925 ministrari
753 1897 938 1933 proventus
977 1895 1145 1933 prebende
1174 1897 1229 1925 tue

212 1948 448 1988 Legionensis‚
463 1948 613 1987 quandiu
634 1948 814 1978 insisteres
832 1948 1008 1987 obsequiis
1031 1949 1147 1979 dilecti
1167 1949 1230 1979 filii

1291 1467 1484 1505 huiusmodi
1512 1469 1723 1507 adjudicatos
1753 1471 1936 1507 proventus
1965 1470 2026 1500 tibi
2059 1470 2268 1507 integraliter
2285 1479 2304 1499 a

1291 1523 1442 1560 tempore
1467 1531 1531 1560 quo
1556 1522 1666 1551 dictus
1682 1522 1915 1552 thesaurarius
1936 1523 2013 1552 illos
2032 1523 2093 1552 tibi
2115 1523 2302 1552 ministrari

1291 1575 1475 1608 mandavit,
1504 1576 1537 1604 et
1567 1575 1737 1613 deinceps,
1765 1576 1949 1605 secundum
1979 1576 2067 1614 quod
2102 1576 2134 1606 in
2161 1576 2303 1615 pretatis

1291 1628 1417 1658 nostris
1447 1628 1571 1658 litteris
1599 1629 1801 1665 continetur,
1820 1638 1877 1667 per
1902 1629 2094 1667 hujusmodi
2114 1638 2209 1659 suam
2230 1638 2302 1659 sen-

1290 1681 1429 1711 tentiam
1460 1681 1731 1720 condempnavit,
1756 1682 1849 1711 salva
1869 1682 1930 1711 tibi
1959 1691 2185 1720 expensarum
2206 1691 2303 1721 ques-

1258 1727 1259 1755 ]
1289 1735 1380 1765 tione
1408 1735 1440 1764 in
1459 1735 1653 1773 hujusmodi
1670 1744 1772 1765 causa
1788 1735 1963 1769 factarum,
1985 1737 2148 1774 quantum
2167 1736 2206 1765 de
2227 1737 2302 1774 jure

1290 1788 1384 1818 salva
1411 1797 1485 1818 esse
1513 1788 1622 1823 debet,
1644 1790 1743 1826 prout
1770 1789 1803 1818 in
1822 1788 1955 1827 publico
1984 1789 2207 1819 instrumento
2229 1798 2303 1819 con-

1257 1843 1258 1853 *
1290 1841 1375 1871 fecto
1400 1841 1518 1871 exinde
1545 1850 1581 1871 ac
1608 1841 1721 1880 sigillo
1738 1842 1859 1880 prefati
1875 1842 2057 1872 cardinalis
2074 1843 2215 1878 munito,
2235 1844 2302 1881 ple-

1257 1892 1258 1895 ’
1289 1895 1366 1924 nius
1385 1895 1586 1925 continetur.
1605 1896 1674 1925 Nos
1694 1895 1818 1934 itaque,
1843 1895 1911 1925 tuis
1931 1895 2237 1934 supplicationibus
2255 1897 2302 1926 in-

1257 1951 1258 1961 *
1289 1948 1417 1985 clinati,
1444 1948 1639 1987 hujusmodi
1671 1949 1873 1979 sententiam
1904 1951 1933 1979 et
1967 1949 2301 1987 condempnationem

212 2001 321 2031 nostri
336 2001 380 2037 J„
394 2002 508 2031 sancte
521 2001 627 2030 Marie
640 2000 674 2030 in
687 2001 864 2031 Cosmidin
881 2001 1015 2031 diaconi
1032 2001 1228 2038 cardinalis,
1256 2038 1257 2044 ἵ

1256 2046 1257 2057 ’
1288 2055 1444 2085 obstante
1463 2055 1690 2094 appellatione
1705 2064 1805 2094 quam
1825 2056 1935 2085 dictus
1950 2057 2147 2094 procurator
2165 2058 2301 2094 propter

211 2056 387 2093 tamquam
404 2054 477 2093 ejus
491 2053 699 2084 domesticus
713 2055 744 2084 et
761 2054 1001 2084 commensalis
1021 2055 1228 2092 capellanus,

211 2109 312 2148 prout
323 2107 514 2146 percipiunt
528 2107 676 2137 scolares
693 2107 845 2137 canonici
862 2107 931 2146 qui,
950 2107 989 2137 de
1004 2116 1142 2137 suorum
1156 2117 1228 2146 pre-

212 2161 360 2191 latorum
380 2162 412 2190 et
439 2160 668 2199 capitulorum
692 2160 839 2193 licentia⁷
865 2161 1090 2191 immorantur
1115 2162 1228 2191 studio

211 2213 465 2249 litteraru1n,ac
479 2213 589 2244 dictus
599 2214 833 2244 thesaurarius
846 2214 1032 2252 capitulum
1046 2215 1229 2253 Legionen-

212 2267 262 2296 sis
276 2266 417 2297 ecclesie
436 2267 624 2298 monuisset
642 2269 678 2297 ut
694 2266 756 2297 tibi
774 2269 959 2306 proventus
974 2267 1167 2306 hujusmodi
1187 2277 1229 2298 ex

1289 2011 1347 2040 per
1376 2002 1502 2032 dictum
1527 2002 1733 2032 cardinalem
1760 2011 1863 2041 super
1888 2003 2068 2041 premissis
2097 2003 2216 2038 editas,
2237 2011 2301 2032 non

1288 2107 1348 2138 hoc
1365 2107 1405 2137 ab
1421 2117 1458 2138 eo
1486 2108 1526 2138 ad
1543 2109 1751 2138 audientiam
1771 2110 1920 2138 nostram
1940 2109 2096 2139 emisisse
2123 2109 2299 2143 asseritur,

1288 2170 1363 2192 cum
1388 2170 1449 2191 nos
1474 2162 1738 2200 appellationem
1763 2162 1873 2200 ipsam
1901 2165 2098 2200 reputamus
2131 2162 2298 2198 frivolam,

1256 2216 1257 2221 ¹
1288 2215 1486 2244 auctoritate
1503 2215 1689 2253 apostolica
1700 2216 1942 2244 confirmamus
1952 2216 1983 2245 et
2001 2215 2170 2253 presentis
2183 2216 2299 2254 scripti

210 2320 290 2350 tunc
302 2319 343 2349 ad
353 2321 481 2350 eertum
497 2321 643 2359 tempus,
658 2320 756 2359 juxta
770 2320 936 2350 dictarum
947 2320 1139 2351 litterarum
1154 2330 1227 2351 con-
1255 2313 1256 2338 3

210 2373 402 2407 tinentiam,
421 2373 549 2412 integre
577 2374 822 2408 ministrarent,
850 2374 884 2403 in
906 2383 963 2404 eos
989 2375 1017 2404 si
1041 2383 1139 2405 secus
1158 2375 1228 2405 efli-

209 2428 334 2462 cerent,
357 2426 528 2456 interdicti
549 2427 717 2456 sententia
734 2427 959 2465 promulgata,
979 2428 1127 2464 demum,
1149 2429 1229 2467 quia

209 2479 324 2518 ipsum
341 2479 539 2518 capitulum,
552 2480 735 2510 sufficienti
752 2481 893 2511 conficto
907 2481 1114 2520 gravamine,
1130 2481 1170 2512 ab
1189 2490 1227 2512 eo
1254 2479 1255 2507 ἰ

210 2533 252 2563 ad
274 2533 389 2563 sedem
407 2533 629 2571 apostolicam
658 2533 854 2572 appellavit,
873 2534 962 2564 idem
979 2534 1224 2572 thesaurarius,

209 2585 429 2625 appellationi
455 2585 649 2624 hujusmodi
674 2586 830 2616 deferens
859 2589 1062 2624 reverenter,
1091 2588 1226 2627 utrique

1254 2510 1255 2535 i

1253 2583 1255 2615 1

207 2639 297 2678 parti
326 2641 453 2669 certum
476 2639 614 2678 prefixit
636 2640 819 2670 terminum
844 2642 1111 2679 peremptorium
1139 2650 1227 2672 com·
1253 2637 1254 2675 ]

1252 2683 1254 2694 ³
1284 2696 1398 2724 sancte
1423 2694 1526 2724 Marie
1546 2694 1577 2723 in
1597 2693 1772 2724 Cosmidin
1796 2693 1928 2723 diaconi
1952 2693 2147 2729 cardinalis,
2176 2694 2299 2724 faceret

208 2693 380 2731 petentem
406 2701 472 2731 quo
502 2693 543 2722 ad
570 2694 843 2732 prosequendum
872 2703 1007 2724 causam
1030 2695 1225 2733 hujusmodi

208 2754 323 2776 coram
341 2745 439 2776 nobis
453 2754 647 2784 comparere
660 2748 827 2777 curarent.
846 2747 1010 2787 Cumque,
1025 2748 1225 2779 advenIente

207 2798 405 2838 hujusmodi
430 2799 586 2835 termino,
611 2808 673 2829 nos
699 2799 761 2830 tibi
790 2801 822 2830 et
854 2801 1064 2838 procuratori
1083 2802 1224 2832 adverse

206 2853 316 2892 partis
341 2853 430 2892 apud
457 2853 572 2884 sedem
599 2853 820 2891 apostolicam
847 2854 1042 2884 constitutis
1061 2854 1223 2885 dilectum

207 2905 319 2937 filium
347 2907 501 2937 nostrum
529 2906 582 2941 G„
610 2906 702 2937 tituli
728 2907 834 2937 sancti
864 2907 968 2937 Marci
993 2907 1222 2946 presbiterum

1288 2268 1476 2307 patrocinio
1495 2268 1757 2298 communimus.

1326 2322 1491 2351 Tenorem
1505 2323 1615 2350 autem
1635 2321 1744 2359 ipsius
1762 2321 1980 2351 instrumenti
1997 2321 2036 2351 de
2054 2321 2154 2351 verbo
2172 2321 2212 2351 ad
2229 2330 2299 2351 ver-

1286 2374 1366 2404 bum
1387 2374 1603 2413 presentibus
1625 2374 1767 2404 fecimus
1786 2374 1941 2404 annotari
1958 2374 2015 2413 qui
2034 2374 2114 2404 talis
2131 2376 2181 2404 est
2202 2383 2207 2402 :

1327 2428 1391 2457 «In
1406 2428 1540 2458 nomine
1556 2428 1691 2457 Domini
1706 2436 1813 2457 amen.
1826 2428 2022 2457 Presidente
2036 2428 2177 2457 rationis
2195 2427 2296 2466 impe·

1286 2481 1336 2511 rio
1348 2498 1395 2510 -.
1411 2482 1510 2515 Sane,
1525 2489 1600 2510 cum
1615 2481 1854 2510 sanctissimus
1867 2482 1960 2518 pater
1971 2480 2128 2510 dominus
2143 2480 2299 2510 Urbanus

1285 2543 1371 2573 papa
1384 2534 1445 2564 1111
1458 2534 1668 2564 thesaurario
1681 2533 1876 2563 Zamorensi
1890 2533 1963 2563 suis
1980 2533 2110 2563 dederit
2126 2533 2249 2564 litteris
2265 2534 2298 2563 in

1286 2588 1455 2617 mandatis
1468 2589 1501 2617 ut
1520 2588 1618 2617 Petro
1635 2587 1817 2623 Dominici‚
1832 2587 2067 2617 archidiacono
2081 2587 2297 2625 Legimiensi,

1284 2641 1456 2680 capellano
1477 2640 1680 2671 venerabilis
1699 2640 1732 2669 in
1752 2640 1886 2670 Christo
1903 2640 2011 2678 patris
2028 2640 2155 2670 domini
2171 2640 2297 2677 Jacobi,

1286 2748 1415 2787 integre
1433 2747 1621 2777 ministrari
1641 2748 1824 2785 proventus
1849 2745 2016 2785 prebende
2036 2755 2094 2776 sue
2117 2747 2298 2785 Legionen-

1284 2801 1344 2837 sis,
1359 2801 1508 2840 quandiu
1520 2800 1694 2829 insisteret
1711 2799 1887 2838 obsequiIS
1900 2799 2042 2838 predicti
2053 2800 2180 2830 domini
2191 2799 2298 2829 cardi-

1283 2854 1382 2889 natis,
1400 2856 1558 2892 tanquam
1574 2853 1646 2891 ejus
1660 2853 1869 2883 domesticus
1885 2855 1917 2883 et
1935 2853 2175 2883 commensalis
2191 2853 2298 2892 capel-

1283 2908 1393 2944 lanus,
1419 2909 1518 2947 prout
1543 2916 1600 2937 eos
1627 2906 1818 2945 percipiunt
1848 2906 1996 2937 scolares
2018 2906 2075 2945 qui
2101 2907 2140 2937 de
2158 2915 2296 2937 suorum
