2519 3262
255 203 315 232 308

258 287 314 326 qui
341 287 429 317 circa
451 287 685 325 delinquentes
716 286 804 316 tilios
821 286 860 316 ad
885 295 960 316 eum
979 296 1056 316 cuin
1075 286 1267 316 reverentia

259 341 436 371 redeuntes
456 340 616 370 libentius
644 339 749 369 utitur
768 339 864 370 venia
892 348 992 378 quam
1018 348 1137 377 aspera
1166 339 1265 369 disci-

259 394 363 433 plina,
380 393 488 432 ipsius
511 392 686 423 Guillelmi
712 392 798 423 farne
827 393 978 423 volentes
991 401 1131 431 parcere
1156 392 1190 422 in
1207 393 1267 423 hac

259 449 364 486 parte,
388 454 581 484 processum
613 447 727 475 contra
754 454 829 475 eum
849 454 950 484 super
967 445 1126 475 omnihus
1149 453 1264 483 supra-

260 500 358 530 dictis
379 499 541 534 habitum,
562 499 742 529 omisimus
761 499 918 537 prosequi
948 500 978 529 et
999 498 1197 537 hujusmodi
1215 507 1266 528 re-

260 554 410 593 cepimus
435 553 634 583 cessionem.
664 554 714 583 Ne
740 554 853 592 itaque
880 554 1082 592 prelibatum
1100 555 1268 583 monaste-

260 608 359 643 rium,
389 616 428 636 ex
457 606 608 636 cessione
628 615 749 636 vacans
774 607 901 643 eadem,
929 607 959 636 in
983 606 1220 645 spiritualibus
1237 607 1268 636 et

260 659 514 699 temporalibus,
535 661 671 698 propter
687 660 895 690 vacationem
919 660 1098 696 diutinam,
1120 660 1268 689 incurrat

260 714 374 753 gravia
408 713 620 749 detrimenta,
647 722 718 749 nos,
751 713 789 742 de
815 714 872 743 tua
889 713 1025 751 probata
1045 713 1268 751 circumspec-

260 768 350 798 tione
378 766 508 802 contisi,
539 766 742 797 fraternitati
775 768 830 796 tue
863 767 1062 796 mandamus
1101 768 1269 805 quatenus

260 821 369 852 eidem
392 820 598 851 monasterio
626 820 773 858 aliquem
803 820 842 849 de
866 820 975 858 ipsius
992 820 1134 858 gremio,
1154 820 1182 849 si
1209 819 1270 849 ibi-

261 875 336 905 dem
354 874 544 904 inveniatur
562 874 727 913 ydoneus,
741 873 891 912 alioquin
910 873 1046 904 aliunde
1068 874 1269 903 auctoritate

260 930 375 958 nostra
391 936 449 966 per
472 929 504 957 te
525 927 575 957 vel
594 936 654 966 per
679 927 784 957 alium
807 927 962 965 prefici-as
986 927 1019 956 in
1047 927 1219 963 abbatem,
1237 929 1269 957 et

260 982 387 1012 faciens
414 981 479 1011 sibi
507 990 526 1011 a
553 981 625 1011 suis
643 980 789 1010 subditis
807 980 1034 1011 obedientiam
1052 982 1084 1011 et
1113 988 1265 1009 reveren-

258 1035 341 1065 tiam
366 1034 513 1065 debitam
538 1034 703 1070 exhiberi,
730 1042 853 1063 munus
875 1034 903 1063 ei
927 1033 1177 1063 benedictionis
1209 1033 1267 1062 im-

259 1089 397 1127 pendas,
432 1089 629 1126 recepturus
653 1087 694 1117 ab
719 1096 757 1117 eo
785 1087 1000 1126 postmodum
1024 1095 1084 1125 pro
1113 1085 1213 1115 nobis
1238 1088 1269 1116 et

259 1142 402 1173 ecclesia
424 1141 576 1172 Romana
602 1141 775 1171 fidelitatis
794 1141 892 1171 solite
906 1141 1151 1179 J'uramentum,
1172 1140 1269 1178 Juxta

261 1195 403 1225 formam
428 1203 529 1234 quam
556 1194 617 1224 tibi
635 1194 697 1224 sul]
724 1194 818 1224 bulla
835 1195 951 1224 nostra
977 1194 1145 1223 mittimus
1167 1193 1269 1222 inter-

259 1248 400 1278 clusam.
418 1247 688 1278 Contradictores
705 1249 766 1278 etc.
787 1256 893 1286 usque
910 1247 1163 1285 compescendo.
1184 1247 1268 1276 For-

260 1310 348 1331 mam
367 1303 478 1332 autem
492 1301 675 1339 juramenti
705 1301 792 1339 quod
810 1301 882 1339 ipse
908 1300 1083 1339 prestabit,
1106 1300 1145 1329 de
1165 1299 1268 1330 verbo

259 1355 300 1384 ad
318 1354 456 1384 verbum
471 1354 569 1384 nobis
586 1363 644 1392 per
660 1354 732 1393 ejus
748 1356 900 1392 patentes
918 1354 1060 1387 litteras,
1078 1362 1138 1383 suo
1149 1352 1268 1392 sigillo

260 1408 490 1447 signatas,per
506 1408 679 1446 proprium
698 1408 852 1437 nuntium
872 1406 1071 1446 quantocius
1092 1407 1268 1436 destinare

259 1470 430 1500 procures.
449 1462 572 1491 Datum
598 1461 686 1499 apud
706 1460 993 1493 Urbemveterem,
1014 1470 1087 1490 xiiii
1104 1459 1268 1489 kalendas

260 1515 405 1554 augusti,
424 1523 510 1545 anno
528 1514 637 1544 tertio.
663 1524 677 1543 »

350 1700 445 1730 1943

812 1697 935 1724 orvietn.
954 1698 988 1723 20
1003 1697 1096 1732 juillet
1119 1697 1194 1724 izei.

297 1783 480 1817 l'rivilegium
499 1792 582 1817 super
603 1783 765 1817 receptione
786 1785 907 1816 quatuor
924 1782 1125 1809 canonicorum
1145 1791 1267 1817 praepo-

260 1833 314 1860 sito
335 1836 358 1859 et
389 1832 512 1867 capitulo
535 1832 672 1858 evciosiae
694 1833 885 1859 lieri-ariensis
905 1832 1100 1858 contii-matur.
1125 1832 1202 1863 (ltnu.
1223 1834 1267 1863 25¹,

262 1883 309 1910 ini.
327 1884 377 1909 200
397 1887 434 1909 vu.
457 1887 484 1907 11⁰
499 1882 574 1916 11113.)

299 2005 313 2020 «
325 2018 330 2024 ,
344 1993 561 2032 .preposilo,cl
573 1991 708 2031 capitulo
717 1991 836 2021 ecclesie
847 1991 1064 2021 Ferruricusis.
1080 1991 1268 2021 Desideriis

260 2047 382 2077 vestris
395 2065 442 2075 —.
465 2047 549 2076 Sane
568 2045 685 2084 petitio
705 2046 818 2075 vestra
835 2044 932 2074 nobis
949 2044 1100 2074 exhibita
1116 2044 1269 2073 coutine-

259 2100 314 2130 bat
332 2100 418 2138 quod
436 2099 545 2129 felicis
561 2098 805 2129 recordationis
823 2098 1019 2128 Alexander
1034 2106 1131 2135 papa,
1151 2097 1266 2135 prede-

258 2162 372 2184 cessor
382 2154 506 2189 noster,
519 2152 688 2182 intellecto
704 2152 792 2190 quod
805 2151 947 2181 ecclesia
961 2151 1045 2189 ipsa,
1059 2151 1264 2189 111-0110100111

259 2207 470 2238 sacerdotum
483 2208 514 2236 et
524 2206 761 2236 canonicorum
776 2205 970 2235 habentium
987 2212 1101 2234 sacros
1119 2204 1266 2239 ordines,

258 2261 497 2291 detrimentum
516 2258 705 2298 patiebatur
724 2259 839 2297 sepius
858 2259 890 2288 in
908 2258 1044 2293 divinis,
1065 2257 1163 2288 vobis
1185 2257 1266 2287 reci·

257 2314 371 2352 piendi
396 2314 480 2344 duos
507 2312 735 2351 presbyteros,
763 2320 865 2341 unuin
900 2311 1078 2341 diaconum
1105 2314 1136 2341 ct
1160 2319 1264 2340 unuin

257 2366 501 2397 subdiaconum
521 2366 553 2395 in
577 2366 698 2395 fratres
723 2366 754 2395 et
778 2365 968 2400 canonicos,
994 2364 1051 2403 qui
1073 2364 1265 2393 continuam

257 2420 475 2450 residentiam
497 2420 641 2449 facerent
674 2419 707 2448 in
736 2418 863 2453 eadem,
893 2418 925 2447 in
958 2426 1024 2456 qua
1050 2417 1197 2455 receptio
1217 2426 1265 2447 ca-

257 2474 453 2504 nonicorum
483 2474 515 2503 et
536 2472 670 2502 collatio
694 2471 941 2510 prebendarum
972 2471 1013 2501 ad
1032 2479 1091 2500 vos
1109 2470 1264 2508 pertinet,

257 2529 289 2558 et
308 2526 506 2566 providendi
524 2534 639 2556 eorum
658 2525 796 2555 cuilibet
823 2525 862 2555 dc
891 2524 1072 2563 prebenda,
1097 2523 1266 2562 quamcito

257 2580 398 2610 facultas
421 2581 620 2615 occurreret,
648 2587 684 2609 ac
710 2578 900 2617 proferendi
925 2586 982 2608 eos
999 2577 1031 2607 in
1051 2577 1266 2607 assecutione

256 2632 501 2672 prebendarum
521 2632 678 2662 omnibus
702 2632 735 2662 in
753 2631 841 2661 dicta
859 2631 1001 2661 ecclesia
1018 2630 1109 2660 sedis
1126 2632 1267 2668 aposto-

255 2687 318 2717 lice
346 2696 382 2717 ac
404 2686 589 2725 legatorum
617 2685 726 2724 ipsius
754 2688 785 2716 ct
808 2685 1040 2723 cujuscunque
1064 2683 1266 2713 auctoritate

256 2739 411 2778 receptis,
439 2739 495 2778 qui
517 2739 557 2768 ad
575 2739 786 2778 recipiendos
804 2746 917 2768 sacros
934 2737 1069 2768 ordines
1096 2738 1174 2767 tunc
1198 2745 1264 2767 non

256 2794 350 2824 erant
377 2792 505 2823 habiles
523 2793 554 2822 et
572 2792 705 2831 ydonei,
727 2800 791 2822 non
815 2791 1028 2822 obstantibus
1045 2792 1171 2820 statuto
1194 2799 1265 2828 pre-

256 2847 342 2876 dicte
371 2845 511 2876 ecclesie
536 2846 576 2876 de
604 2847 693 2875 certo
721 2845 958 2875 canonicorum
990 2852 1141 2879 munero,
1174 2843 1262 2882 jura-

256 2901 379 2935 mento,
413 2899 666 2929 confirmatione
696 2898 786 2928 sedis
817 2898 925 2936 ipsius
958 2897 1028 2927 sive
1059 2905 1260 2936 quacunque

1003 201 1245 232 iiicGisTREs
1276 201 1489 232 D'UitssAIN

1521 202 1577 231 IV.

1322 287 1482 316 firmitate
1508 286 1645 321 vallato,
1671 286 1742 317 sive
1768 286 1978 326 quibuslibet
2007 287 2132 318 litteris
2162 297 2263 326 super
2282 297 2333 319 re-

1322 340 1474 378 ceptione
1495 348 1531 369 ac
1547 340 1742 378 provisione
1759 340 1988 379 quorumlibet
2013 349 2073 371 seu
2099 341 2333 381 indulgentiis,

1323 393 1385 422 sub
1414 393 1535 431 quovis
1565 395 1681 423 tenore
1704 402 1721 422 a
1748 393 1826 423 sede
1856 394 2047 432 impetratis
2077 394 2195 425 eadem
2217 395 2268 424 vel
2302 395 2335 425 in

1322 448 1495 485 posterum
1513 446 1747 484 In'ipetrandis,
1768 455 1832 485 que
1848 447 1888 476 de
1906 446 2098 485 hujusmodi
2117 447 2245 478 eisdem
2263 456 2335 486 pre-

1323 499 1423 529 dictis
1440 499 1564 529 litteris
1582 499 1763 537 specialem
1784 508 1847 529 non
1866 500 2012 530 facerent
2028 501 2246 534 mentionem,
2261 509 2336 530 con-

1324 553 1425 582 cessit
1442 561 1501 590 per
1517 560 1597 581 suas
1613 552 1746 582 litteras
1765 552 1898 590 plenam
1917 555 1949 582 et
1969 553 2110 583 liberam
2128 553 2334 590 facultatem,

1325 608 1355 635 et
1373 605 1522 635 decrevit
1550 606 1684 635 irritum
1705 607 1735 635 et
1766 606 1863 636 inane
1889 606 2054 644 quidquid
2085 609 2201 636 contra
2219 606 2337 646 hujus-

1325 658 1415 688 modi
1436 659 1664 688 concessionis
1680 660 1844 693 tenorem,
1863 659 2049 697 apostolica
2067 659 2119 689 vel
2136 659 2202 689 alia
2217 660 2337 698 quavis

1325 711 1523 742 auctoritate
1539 720 1557 741 a
1577 720 1746 750 quoquam
1764 712 1971 751 contingeret
1988 713 2194 751 attemptari.
2215 713 2336 752 Sicque

1325 774 1385 795 vos
1404 766 1546 804 quatuor
1563 773 1725 803 personas
1744 765 1907 803 ydoneas‚
1927 766 2126 796 auctoritate
2146 766 2337 796 litterarum

1324 818 1530 857 hujusmodi,
1560 818 1719 848 canonice
1754 818 1931 856 recepistis
1964 819 1997 848 in
2031 819 2210 849 canonicos
2241 821 2272 850 et
2303 819 2338 849 in

1327 872 1447 901 fratres
1476 872 1507 901 et
1524 870 1655 901 duabus
1681 880 1721 900 ex
1745 871 1829 909 ipsis
1857 871 2057 909 providistis
2084 872 2123 902 de
2152 872 2335 911 prebendis

1326 925 1359 954 in
1378 924 1517 954 ecclesia
1534 924 1738 963 supradicta.

1366 977 1587 1007 Postmodum
1606 986 1696 1014 vero,
1713 977 1925 1016 significante
1946 977 2044 1007 nobis
2058 978 2181 1008 dilecto
2195 977 2264 1008 filio
2279 979 2339 1009 ,Jo-

1325 1031 1445 1067 hanne,
1456 1030 1614 1060 canonico
1628 1030 1771 1069 plebano
1785 1031 1824 1061 de
1839 1031 2052 1068 Dezenzano,
2065 1031 2154 1070 quod
2170 1031 2243 1070 ipse
2256 1032 2338 1063 olim

1326 1085 1358 1114 in
1380 1084 1496 1114 eadem
1526 1084 1678 1119 ecclesia,
1702 1084 1900 1115 auctoritate
1924 1084 2117 1115 litterarum
2143 1085 2256 1115 dilecti
2275 1085 2338 1115 filii

1326 1138 1431 1168 nostri
1454 1138 1504 1173 O.‚
1525 1139 1637 1167 sancte
1650 1137 1755 1167 Marie
1777 1138 1810 1167 in
1826 1138 1887 1168 Via
1904 1138 1973 1168 lata
1991 1138 2124 1168 diaconi
2142 1138 2336 1176 cardinalis,

1326 1193 1404 1221 tunc
1423 1191 1455 1220 in
1475 1190 1546 1220 illis
1564 1190 1719 1228 partibus
1735 1191 1883 1229 predicte
1901 1192 1992 1221 sedis
2022 1191 2133 1230 legati,
2155 1192 2208 1222 cui
2237 1201 2339 1231 super

1326 1244 1538 1274 conferendis
1552 1243 1725 1273 beneficiis
1742 1246 1811 1274 erat
1830 1244 1870 1274 ab
1886 1244 2003 1274 eadem
2017 1245 2095 1275 sede
2107 1253 2267 1276 concessa
2283 1255 2337 1285 po-

1325 1299 1443 1333 testas,
1466 1296 1623 1327 canonice
1652 1297 1806 1335 receptus
1831 1296 1941 1327 fuerat
1967 1297 2000 1327 in
2021 1298 2221 1327 canonicum
2247 1299 2279 1328 et
2305 1298 2339 1327 in

1326 1351 1476 1385 fratrem,
1498 1352 1529 1380 et
1552 1350 1640 1389 quod
1662 1350 1770 1388 ipsius
1797 1351 1943 1389 receptio
1975 1359 2034 1388 per
2061 1351 2337 1382 constitutionem

1325 1404 1435 1442 ipsius
1454 1403 1704 1442 predecessoris
1720 1412 1780 1442 per
1799 1412 1897 1442 quam
1916 1404 2126 1442 receptiones
2150 1404 2339 1443 prebendas

1325 1457 1577 1496 expectantium
1602 1458 1791 1492 vacaturas,
1818 1456 1922 1486 factas
1944 1457 1977 1486 in
2005 1457 2170 1493 ecclesiis,
2195 1460 2340 1496 quatuor

1325 1511 1501 1541 dumtaxat
1521 1511 1684 1549 exceptis,
1706 1511 1854 1540 decrevit
1876 1510 1991 1540 irritas
2008 1513 2039 1541 et
2058 1511 2186 1548 inanes,
2208 1513 2341 1542 cassata

1325 1566 1407 1601 erat,
1436 1573 1508 1600 nos,
1537 1564 1593 1603 jus
1609 1564 1698 1602 quod
1718 1564 1827 1594 eidem
1845 1563 1990 1594 ‚iohanni
2008 1564 2041 1593 in
2058 1564 2208 1602 predicta
2226 1565 2341 1595 Ferra-

1325 1618 1429 1648 riensi
1449 1618 1601 1653 ecclesia,
1621 1626 1662 1647 ex
1679 1617 1872 1655 receptione
1890 1617 2096 1656 hujusmodi,
2115 1617 2337 1657 competebat,

1325 1671 1566 1702 constitutione
1584 1679 1649 1701 non
1667 1670 1822 1700 obstante
1843 1670 2004 1708 predicta,
2027 1671 2060 1700 in
2080 1672 2205 1701 statum
2222 1671 2336 1710 pristi-

1325 1734 1406 1755 num
1425 1725 1639 1760 suscitantes,
1659 1734 1695 1753 ac
1715 1724 1868 1754 nolentes
1883 1724 1971 1762 quod
1986 1732 2046 1762 per
2063 1724 2340 1755 constitutionem

1325 1778 1466 1809 eandem
1483 1786 1584 1816 super
1599 1777 1790 1815 receptione
1808 1786 1869 1806 sua
1884 1777 1917 1806 in
1929 1777 2077 1815 predicta
2099 1777 2339 1816 ecclesia,jure

1326 1832 1435 1870 ipsius
1458 1833 1487 1861 et
1513 1831 1725 1861 assecutione
1745 1830 1914 1869 prebende
1931 1830 1964 1859 111
1984 1840 2021 1860 ea
2041 1830 2106 1859 sibi
2129 1830 2266 1869 aliquod
2285 1839 2336 1870 ge·

1326 1885 1500 1915 neraretur
1518 1883 1756 1923 prejmlicfflm,
1771 1883 1990 1913 decernentes
2009 1892 2142 1922 quoque
2162 1892 2203 1914 ex
2227 1892 2340 1923 recep-

1326 1938 1416 1969 tione
1432 1937 1582 1976 predi‹·ta
1602 1936 1806 1975 prebendam
1830 1937 1862 1966 in
1881 1936 2011 1975 prefata
2028 1936 2171 1966 ecclesia
2188 1937 2339 1975 predicto

1324 1991 1468 2021 ι1011011111
1493 1992 1682 2028 competere
1709 2000 1745 2019 ac
1775 1989 1901 2025 deberi,
1929 2012 1934 2017 .
1957 2014 1962 2019 .
1989 1989 2282 2028 archipresbytero
2299 1990 2339 2020 de

1326 2043 1539 2082 Campitesso,
1555 2043 1735 2072 Mantuane
1751 2042 1908 2076 dim-esis,
1932 2044 2056 2072 nostris
2071 2042 2228 2072 dedimus
2247 2043 2340 2073 litte-

1326 2097 1372 2127 ris
1388 2096 1601 2126 inmanitatis
1612 2097 1647 2125 ut
1660 2095 1802 2125 eundem
1813 2095 2000 2125 <iohannem
2013 2094 2128 2125 haberi
2140 2095 2267 2126 faciens
2278 2104 2339 2135 pro

1325 2150 1484 2180 canonico
1503 2151 1533 2179 et
1547 2149 1683 2179 tractari
1701 2150 1735 2178 ut
1749 2149 1930 2178 canonicus
1942 2149 2083 2179 ecclesie
2097 2149 2257 2187 seperate,
2272 2148 2338 2179 sibi

1326 2204 1376 2234 vel
1394 2202 1602 2241 procuratori
1622 2211 1694 2237 suo,
1712 2202 1785 2241 ejus
1803 2202 1950 2237 nomine,
1970 2202 2008 2232 de
2026 2201 2207 2240 prebenda,
2225 2203 2253 2232 si
2273 2211 2339 2241 qua

1326 2257 1358 2287 in
1378 2258 1563 2287 memorata
1583 2255 1725 2286 ecelesia
1746 2257 1823 2285 tunc
1840 2255 1978 2285 vacabat
1997 2255 2048 2285 vel
2070 2264 2171 2294 quam
2189 2255 2337 2294 primum

1325 2311 1365 2341 ad
1382 2310 1414 2340 id
1431 2318 1466 2339 se
1486 2309 1628 2339 facultas
1651 2309 1797 2344 otl'erret,
1823 2317 1881 2346 per
1905 2316 1940 2338 se
1959 2308 2010 2338 vei
2029 2317 2088 2347 per
2106 2308 2210 2338 alium
2226 2309 2338 2348 provi—

1324 2365 1428 2399 deret,
1449 2363 1558 2402 ipsum
1578 2361 1736 2392 omnibus
1761 2362 1816 2400 qui
1839 2371 1940 2400 super
1959 2362 2151 2401 receptione
2174 2371 2211 2392 ac
2228 2362 2339 2401 provi-

1324 2417 1419 2447 sione
1434 2425 1494 2446 sua
1512 2416 1544 2445 in
1563 2415 1729 2454 prelibata
1747 2415 1888 2445 ecclesia
1907 2415 1999 2445 sedis
2013 2415 2163 2454 ejusdem
2182 2415 2234 2445 vel
2248 2415 2338 2455 lega-

1324 2472 1433 2501 torum
1452 2469 1525 2508 ejus
1546 2469 1676 2499 litteras
1693 2469 1926 2506 impetrarant,
1942 2469 1973 2498 et
1992 2468 2139 2506 receptis
2160 2469 2194 2498 in
2212 2477 2249 2499 ea
2261 2470 2339 2507 post

1323 2523 1610 2562 presentationem
1641 2522 1833 2560 hujusmodi
1865 2521 2055 2551 litterarum
2089 2521 2198 2560 ipsius
2229 2522 2334 2552 cardi-

1324 2577 1422 2614 nalis,
1443 2578 1474 2606 et
1492 2578 1527 2606 ut
1547 2575 1778 2614 reciperentur
1802 2574 2041 2605 insistentibus
2062 2577 2093 2605 et
2110 2575 2280 2605 restitutis
2297 2575 2337 2606 ad

1320 2630 1375 2668 jus
1393 2630 1586 2668 pristinum,
1616 2628 1705 2668 quod
1730 2630 1799 2659 erat
1825 2636 1884 2666 per
1901 2628 2041 2658 eandem
2060 2628 2338 2659 constitutionem

1323 2683 1522 2719 extinctum,
1552 2682 1752 2721 preferendo
1786 2681 1819 2711 in
1850 2681 2063 2711 assecutione
2094 2681 2275 2720 prebende,
2304 2682 2335 2712 et

1323 2735 1586 2766 contradictores
1610 2743 1669 2774 per
1685 2742 1863 2765 censuram
1884 2733 2162 2765 ecclesiasticam.
2189 2734 2338 2773 appella-

1322 2790 1413 2820 tione
1432 2789 1632 2828 postposita,
1662 2787 1921 2826 compescendo.
1952 2787 2172 2817 Decrevimus
2201 2795 2334 2826 quoque

1324 2843 1457 2873 irritum
1475 2844 1506 2872 et
1524 2842 1621 2872 inane
1639 2842 1667 2871 si
1687 2849 1784 2871 secus
1801 2840 1840 2871 de
1855 2840 2024 2879 prebenda
2047 2839 2241 2879 hujusmodi
2258 2849 2334 2871 con-

1322 2897 1467 2936 tingeret
1491 2895 1696 2934 attemptari.
