2519 3262
1017 174 1257 211 TROISIEME
1287 174 1449 211 ANNIJJE.
2213 189 2270 217 357

194 275 209 293 (t
235 264 378 295 cabilem
401 264 664 302 compositorem
690 264 964 302 compromittere
991 265 1202 299 curaverunt,

194 328 208 347 «
233 317 449 352 ordinationi,
469 317 581 353 laudo,
599 317 808 352 diffinitioni,
830 317 995 346 voluntati
1013 318 1044 346 et
1063 317 1203 346 arbitrio

194 381 207 399 «
234 371 342 409 ipsius
364 371 493 400 domini
519 370 702 400 cardinalis
718 378 752 399 se
776 379 878 408 super
905 369 966 399 hoc
982 378 1017 399 se
1035 370 1101 408 (sic)
1120 371 1204 400 tota-

193 434 207 453 «
232 424 310 453 liter
328 423 786 462 summittentes,judiciaria
802 423 965 460 potestate
984 422 1048 460 ipsi
1067 422 1202 451 domino

192 487 207 505 «
232 477 394 506 cardinali
408 476 650 506 nichilominus
664 477 848 507 reservata.
864 475 1099 513 promittentes
1114 475 1203 504 idem

192 540 206 559 «
233 530 419 569 presbyter,
437 538 496 568 pro
515 537 563 563 se,
580 529 690 559 dictus
709 530 821 558 autem
840 528 999 566 magister
1019 528 1199 563 Henricus,

193 594 208 612 «
233 583 368 613 nomine
393 583 625 621 procuratorio
654 581 793 620 capituli
819 583 851 611 et
878 581 1030 620 magistri
1055 581 1202 610 KValteri

191 647 206 665 «
232 636 471 675 predictorum,
487 635 550 665 sub
565 635 768 674 juramentis
784 634 856 663 suis
873 633 1094 672 corporaliter
1111 642 1202 671 pres-

191 700 205 717 «
232 690 303 719 titis
328 691 360 719 et
387 688 450 719 sul)
470 697 556 727 pena
576 690 710 718 centum
740 696 929 717 marcarum
957 687 1085 725 argenti
1115 687 1201 725 parti

191 752 205 771 «
231 742 425 772 observanti
451 741 613 780 quicquid
636 749 738 779 super
762 740 828 769 hiis
855 739 895 769 ab
924 739 1041 769 eodem
1066 739 1202 770 domino

190 804 205 824 «
230 795 405 829 cardinali,
427 795 611 824 secundum
632 793 720 832 quod
735 793 765 822 ei
785 793 895 822 visum
914 792 1013 822 fuerit
1029 793 1200 830 expedire,

189 858 204 878 «
230 849 484 883 sententiatum,
520 847 735 882 arbitratum,
776 846 981 881 ordinatum,
1023 847 1199 880 statutum,

189 911 204 930 <‹
228 901 402 940 provisum
419 902 452 931 et
474 900 728 939 pronuntiatum
747 899 858 934 fuerit,
878 908 895 928 a
911 901 1006 937 parte
1028 899 1200 929 resiliente

188 964 203 983 «
228 954 474 984 reddendarum
500 955 531 984 et
548 953 800 987 solvendarum,
820 954 982 991 perpetuo
1002 960 1038 982 se
1060 952 1198 982 inviola-

188 1017 202 1036 «
227 1007 341 1037 biliter
362 1006 541 1037 observare
559 1008 591 1036 et
609 1008 722 1036 tenere
742 1007 772 1035 et
791 1014 850 1043 per
876 1013 911 1035 se
931 1005 983 1035 vel
1009 1014 1068 1043 per
1095 1005 1199 1036 alium

187 1070 202 1090 «
227 1060 261 1090 in
281 1061 486 1090 contrarium
507 1068 572 1089 non
593 1059 718 1094 venire,
737 1059 971 1088 renuntiantes
989 1059 1030 1089 ad
1055 1059 1199 1089 invicem

186 1123 202 1143 «
225 1113 383 1144 omnibus
409 1112 664 1152 exceptionibus
690 1112 758 1142 doli
784 1113 815 1142 et
841 1111 971 1142 fraudis
992 1113 1024 1142 et
1042 1113 1134 1142 omni
1161 1121 1199 1143 eo

185 1176 201 1196 (ι
224 1175 284 1206 per
300 1167 387 1206 quod
407 1166 576 1205 premissa
592 1166 644 1196 vel
667 1165 796 1204 aliquid
823 1165 1070 1204 premissorum
1096 1166 1199 1205 impe-

187 1229 202 1249 «
226 1220 291 1250 diri
306 1222 445 1259 possent
460 1219 512 1250 vel
528 1219 679 1257 intringi.
698 1219 860 1249 Volentes
877 1219 979 1249 etiam
992 1221 1023 1249 et
1038 1227 1198 1258 expresse

185 1282 200 1302 «
225 1273 475 1303 consentientes
491 1273 592 1311 quod,
609 1272 766 1311 quotiens
788 1271 829 1302 ab
848 1272 934 1310 ipsis
948 1272 1000 1302 vel
1022 1272 1127 1303 altero
1146 1281 1198 1303 eo-

186 1336 200 1356 «
225 1335 300 1357 rum
328 1327 443 1357 contra
460 1326 612 1364 predicta
634 1325 686 1355 vel
709 1325 839 1364 aliquid
865 1325 1093 1363 predictorum
1122 1335 1196 1356 ven-

185 1381 296 1410 «tum
325 1380 377 1410 vel
405 1381 515 1410 actum
547 1379 660 1413 suerit,
692 1379 816 1409 totiens
850 1387 934 1416 pena
966 1379 1198 1410 committatur

185 1443 200 1462 «
225 1433 353 1469 eadem,
384 1432 546 1472 predictis
572 1432 751 1467 sententia,
785 1431 937 1467 arbitrio,
972 1432 1195 1469 ordinatione,

183 1496 198 1516 «
224 1486 478 1525 compositione,
509 1487 646 1521 statuto,
684 1485 798 1519 laudo,
829 1485 917 1514 dicto
945 1486 976 1515 et
1003 1486 1196 1523 provisione

183 1549 198 1568 «
222 1539 464 1569 nichilominus
481 1539 514 1568 in
533 1547 594 1568 suo
614 1537 734 1568 robore
758 1538 941 1568 duraturis.
963 1539 1084 1568 Actum
1109 1539 1196 1577 apud

183 1602 198 1622 «
223 1593 512 1626 Urbemveterem‚
538 1591 755 1630 presentibus
779 1591 846 1621 hiis
869 1591 1015 1621 testibus
1039 1592 1196 1622 videlicet

183 1656 198 1676 «
223 1646 358 1676 domino
386 1645 544 1680 Viviano‚
564 1645 675 1683 priore
699 1645 808 1674 sancti
826 1644 1054 1675 Bartholomei
1076 1645 1115 1675 de
1142 1645 1195 1675 Fi-

181 1709 196 1729 «
221 1700 334 1738 guino,
353 1699 490 1729 domino
505 1698 690 1729 Guillelmo
708 1698 748 1728 de
769 1698 867 1728 Braio
889 1697 1100 1737 presbytero,
1122 1699 1194 1737 Egi-

181 1763 196 1782 «
221 1753 275 1783 dio
296 1754 423 1783 rectore
443 1751 584 1782 ecclesie
599 1751 639 1781 de
656 1751 839 1787 Audeines,
857 1751 1009 1781 Johanne
1026 1752 1065 1782 de
1079 1752 1194 1783 Came-

181 1816 196 1836 «
221 1816 297 1837 raco
313 1807 434 1836 clerico
453 1807 484 1836 et
506 1805 657 1836 Garnero
677 1805 717 1834 de
736 1805 899 1835 Urmonte
919 1805 1048 1835 notario
1067 1807 1193 1844 rogatis

180 1870 186 1889 ‹
220 1862 252 1890 et
278 1859 418 1894 vocatis,
445 1859 508 1889 sub
533 1867 620 1888 anno
646 1858 784 1888 Domini
808 1858 1066 1894 M⁰CC⁰LX1110‚
1091 1859 1193 1889 indic-

180 1923 186 1943 (
220 1913 309 1943 tione
328 1913 483 1951 septima,
497 1919 612 1942 mense
626 1911 787 1946 octobriS,
805 1912 857 1941 die
870 1921 963 1947 xxm,
978 1912 1193 1949 pontificatus

178 1977 193 1996 «
217 1966 345 1997 domini
364 1965 493 1997 Urbani
509 1973 593 2003 pape
610 1964 676 1994 IIII
693 1973 779 1994 anno
796 1965 907 1994 tertio.
928 1975 943 1993 ))

219 2021 330 2050 Tenor
359 2017 609 2058 procurationis
640 2017 826 2056 supradicti
860 2018 1015 2057 magistri
1054 2019 1193 2049 Henrici

188 1870 195 1942 ΛΑ

178 2073 258 2104 taus
289 2075 363 2103 est:

217 2137 231 2156 ι(
258 2127 435 2158 Universis
452 2127 629 2165 presentes
652 2125 785 2156 litteras
806 2125 1011 2163 inspecturis
1033 2125 1192 2155 officialis

176 2190 191 2210 «
216 2179 473 2210 Cameracensis
496 2179 643 2209 salutem
666 2179 701 2208 in
719 2179 878 2209 Domino.
897 2179 1038 2208 Noverit
1058 2179 1190 2208 univer-

176 2244 190 2263 «
217 2234 301 2264 sitas
321 2235 433 2264 vestra
451 2233 540 2272 quod
560 2232 771 2263 venerabiles
789 2232 852 2262 viri
870 2232 1056 2270 capitulum
1076 2234 1190 2262 sancte

177 2297 191 2316 «
217 2287 335 2317 Crucis
351 2286 607 2317 Cameracensis
629 2286 659 2316 et
678 2286 840 2324 magister
861 2285 1039 2315 XValterus
1058 2286 1097 2315 de
1116 2286 1189 2316 Sol—

176 2350 191 2369 «
216 2340 388 2378 lempniis,
405 2339 561 2375 clericus,
575 2339 775 2378 magistrum
788 2339 974 2368 Henricum
991 2339 1030 2369 de
1048 2339 1190 2369 Liernut

175 2402 190 2422 «
215 2394 247 2422 et
265 2393 429 2422 Jacobum
449 2392 488 2422 de
507 2391 727 2430 &Varigniaco
743 2391 897 2427 clericos,
914 2391 1039 2422 latores
1054 2401 1189 2430 presen<

176 2455 191 2475 «
216 2445 313 2479 tium,
330 2454 410 2475 suos
431 2454 543 2475 coram
559 2445 656 2475 vobis
673 2445 883 2475 constituunt
902 2448 1137 2483 procuratores
1158 2447 1190 2476 et

176 2509 191 2529 «
217 2498 401 2538 quemlibet
414 2507 531 2528 eorum
551 2498 736 2528 insolidum
754 2498 801 2528 ita
817 2498 906 2537 quod
924 2507 989 2528 non
1005 2499 1049 2529 sit
1067 2499 1190 2529 melior

175 2561 190 2581 «
215 2552 362 2582 conditio
386 2552 594 2590 occupantis,
615 2552 649 2581 in
673 2560 775 2582 causa
798 2560 899 2590 quam
921 2552 987 2590 ipsi
1010 2552 1131 2582 habent
1156 2553 1189 2582 in

176 2615 191 2635 ((
216 2606 309 2636 curIa
335 2606 488 2636 Romana
509 2606 625 2635 contra
644 2605 819 2635 dominum
838 2605 1030 2635 Amandum
1053 2606 1092 2636 de
1108 2606 1189 2636 Cas-

174 2668 189 2688 «
213 2658 293 2688 tello
311 2657 561 2696 presbyterum⁷
576 2666 678 2696 super
694 2657 889 2696 provisione
905 2658 971 2696 ipsi
988 2658 1188 2698 presbytero

174 2721 189 2741 «
215 2712 247 2741 in
274 2711 416 2741 ecclesia
448 2713 562 2741 sancte
587 2710 705 2741 Crucis
734 2710 990 2741 Cameracensis
1022 2712 1186 2746 facienda,

174 2775 189 2794 «
215 2765 333 2795 dantes
348 2764 476 2795 eisdem
489 2763 765 2803 procuratoribus
782 2764 855 2794 suis
867 2765 898 2794 et
915 2764 1055 2795 cuilibet
1071 2774 1188 2796 eorum

174 2828 190 2848 «
215 2818 248 2848 in
265 2818 413 2848 solidum
442 2819 642 2856 potestatem
661 2818 693 2847 et
712 2817 906 2847 mandatum
928 2817 1074 2856 speciale
1099 2826 1187 2848 com-

175 2881 190 2901 «
214 2871 446 2910 promittendi,
472 2871 607 2901 nomine
638 2870 803 2909 ipsorum,
827 2878 902 2900 cum
933 2870 1020 2900 dicto
1049 2871 1186 2902 domino

1265 273 1280 292 ((
1304 264 1469 295 Amando.
1491 264 1713 294 amicabiliter
1728 266 1947 303 componendi
1965 266 1997 295 in
2018 267 2105 296 dicta
2124 277 2224 297 causa
2238 271 2269 298 et

1263 325 1278 345 ((
1303 317 1404 346 etiam
1434 317 1611 346 ordinandi
1640 319 1670 347 et
1696 318 1809 347 omnia
1833 319 1896 348 alia
1928 319 2083 355 faciendi,
2108 322 2209 350 etiam
2238 322 2271 351 in

1263 379 1278 397 «
1303 369 1426 407 quibus
1446 369 1628 408 requiritur
1647 372 1676 399 et
1693 371 1839 409 exigitur
1857 372 2050 401 mandatum
2069 373 2225 410 speciale,
2239 376 2270 403 et

1262 431 1277 451 «
1302 431 1365 460 que
1394 422 1459 460 ipsi
1478 423 1663 460 capitulum
1690 425 1722 453 et
1745 425 1906 462 magister
1929 426 2103 456 Walterus
2130 427 2269 464 predicti

1262 485 1276 504 «
1302 475 1448 505 facerent
1478 476 1510 505 in
1538 485 1638 505 causa
1668 477 1816 515 predicta
1846 478 1898 507 vel
1931 479 2038 509 facere
2063 483 2211 518 possent,
2241 482 2269 511 si

1262 538 1276 557 «
1301 530 1476 566 presentes
1498 531 1623 559 essent.
1642 530 1769 559 Dantes
1791 531 1891 560 etiam
1913 534 2112 570 potestatem
2132 536 2162 563 et
2179 543 2271 564 man-

1261 592 1276 610 «
1301 582 1416 611 datum
1440 582 1586 620 speciale
1607 583 1706 612 dictis
1728 584 2004 623 procuratoribus
2028 586 2100 615 suis
2123 588 2154 616 et
2175 588 2268 617 cuili-

1261 644 1275 662 «
1300 633 1355 664 bet
1380 643 1495 664 eorum
1515 635 1698 665 insolidum
1719 637 1945 667 constituendi
1965 647 2024 668 seu
2041 639 2268 670 substituendi

1261 698 1275 716 «
1301 687 1405 717 alium
1422 690 1674 726 procuratorem
1692 689 1741 719 vel
1763 689 1848 720 alios
1868 690 1939 720 loco
1958 691 2023 727 sui,
2044 692 2100 730 qui
2120 693 2267 723 similem

1261 751 1275 769 «
1300 741 1334 770 in
1350 741 1527 779 premissis
1542 741 1685 772 habeant
1699 744 1911 780 potestatem.
1934 745 2055 774 Pratum
2074 747 2105 775 et
2130 746 2265 777 firmum

1260 804 1274 822 «
1300 793 1447 824 habituri
1466 794 1626 833 quicquid
1645 804 1745 833 super
1766 797 1944 834 premissis
1964 798 2121 828 omnibus
2144 800 2175 828 et
2200 800 2267 830 sin-

1260 856 1275 875 «
1299 847 1402 885 gulis,
1429 856 1488 886 pro
1507 848 1592 886 ipsis
1607 850 1638 878 et
1664 849 1799 878 nomine
1824 850 1987 888 ipsorum,
2014 860 2072 889 per
2098 853 2266 890 predictos

1260 910 1275 929 «
1299 901 1341 931 H.
1363 902 1394 930 et
1414 901 1457 937 J.‚
1478 904 1711 939 procuratores
1729 911 1819 935 suos.
1844 903 1896 933 vel
1916 912 2032 934 eorum
2054 905 2197 936 alterum
2214 908 2266 937 vel

1259 964 1274 982 (ι
1298 962 1358 992 per
1375 953 1579 984 substitutos
1593 955 1645 984 vel
1663 955 1885 986 substitutum
1899 956 1940 986 ab
1954 957 2081 988 eisdem
2095 959 2147 989 vel
2163 960 2268 991 altero

1259 1017 1273 1036 «
1296 1015 1413 1037 eorum
1434 1007 1559 1038 factum
1577 1008 1677 1039 fuerit
1695 1009 1765 1039 sive
1789 1010 1927 1040 dictum.
1945 1010 2040 1045 Quod
2066 1014 2180 1043 tenore
2196 1023 2269 1053 pre-

1258 1070 1273 1089 «
1298 1061 1445 1091 sentium
1470 1062 1685 1092 universitati
1710 1064 1821 1093 vestre
1846 1064 2004 1094 volumus
2036 1074 2109 1096 esse
2136 1069 2263 1097 notum.

1258 1125 1272 1144 «
1297 1115 1420 1145 Datum
1448 1124 1534 1145 anno
1567 1116 1703 1146 Domini
1730 1117 1984 1154 M⁰CC⁰LXIH⁰,
2013 1118 2096 1150 feria
2128 1130 2159 1150 vi
2189 1123 2265 1152 ante

1257 1178 1272 1197 «
1295 1168 1518 1198 Nativitatem
1540 1168 1636 1200 beate
1659 1170 1824 1209 Virginis.
1852 1182 1866 1199 n

1298 1236 1312 1255 «
1337 1226 1378 1256 Et
1391 1234 1451 1265 ego
1461 1227 1661 1257 NVillelmus
1681 1227 1825 1264 Nicolai‚
1847 1229 2047 1260 auctoritate
2067 1232 2180 1262 sancte
2200 1232 2266 1262 Ro-

1258 1290 1272 1308 «
1298 1288 1394 1310 mane
1415 1280 1554 1310 ecclesie
1575 1281 1740 1317 notarius,
1763 1282 1913 1319 predicto
1935 1285 2179 1322 compromisso
2204 1285 2266 1316 sub

1257 1342 1272 1361 ‹<
1297 1333 1484 1372 prescripta
1498 1333 1606 1364 forma
1624 1334 1722 1369 facto,
1741 1343 1881 1373 presens
1900 1336 2002 1373 suiet,
2015 1338 2050 1367 ut
2067 1346 2170 1376 supra
2186 1339 2265 1378 legi-

1257 1396 1271 1415 «
1296 1388 1362 1423 tur,
1392 1387 1432 1416 de
1456 1387 1628 1417 voluntate
1656 1388 1884 1426 predictorum
1911 1389 2039 1419 domini
2061 1392 2205 1421 Amandi
2233 1395 2263 1423 et

1256 1450 1271 1468 «
1296 1440 1449 1478 magistri
1478 1440 1628 1476 Henrici,
1658 1441 1781 1479 scripsi
1807 1444 1839 1472 et
1866 1443 1900 1472 in
1928 1442 2098 1481 publicam
2123 1445 2265 1476 formam

1255 1503 1270 1522 «
1295 1494 1407 1532 redegi
1425 1496 1572 1532 rogatus.
1584 1495 1624 1524 Et
1637 1495 1924 1533 ego,Guillelmus
1938 1497 2069 1527 Nicolai
2082 1499 2264 1536 predictus,

1255 1556 1269 1575 «
1294 1547 1492 1577 auctoritate
1508 1550 1621 1578 sancte
1635 1548 1786 1578 Romane
1806 1549 1947 1579 ecclesie
1966 1551 2117 1580 notarius
2137 1561 2173 1582 ac
2192 1561 2265 1590 pre-

1255 1610 1269 1629 «
1294 1600 1354 1630 fati
1374 1601 1502 1630 domini
1526 1601 1709 1631 cardinalis
1730 1602 1852 1638 scriba,
1876 1603 2056 1641 prolationi
2080 1605 2166 1635 dicte
2189 1614 2262 1636 sen-

1254 1664 1268 1681 «
1294 1654 1408 1690 tentie‚
1427 1654 1572 1689 arbitrii,
1592 1654 1827 1689 ordinationis,
1850 1657 2069 1694 provisionis,
2087 1658 2262 1689 diffinitio-

1254 1716 1268 1736 «
1293 1707 1346 1736 nis
1370 1709 1401 1737 et
1419 1708 1537 1737 statuti
1559 1708 1786 1746 predictorum
1812 1718 1952 1747 presens
1976 1710 2022 1740 fui
2041 1713 2084 1744 et,
2104 1714 2139 1741 ut
2161 1721 2263 1750 supra

1254 1772 1267 1789 «
1293 1761 1427 1799 legitur,
1445 1761 1484 1790 de
1503 1761 1661 1791 mandato
1677 1759 1763 1792 dicti'
1774 1763 1902 1792 domini
1920 1764 2114 1800 cardinaliS,
2134 1766 2263 1803 predic-

1254 1826 1268 1843 «
1292 1815 1404 1843 torum
1432 1814 1560 1844 domini
1585 1815 1730 1845 Arnandi
1755 1817 1787 1845 et
1813 1816 1966 1855 magistri
1997 1817 2135 1848 HenriCi
2161 1819 2262 1848 inter-

1253 1878 1267 1895 «
1292 1867 1447 1897 veniente
1467 1876 1610 1897 assensu
1633 1868 1758 1906 pariter
1779 1870 1811 1898 et
1827 1877 2006 1902 consensu,
2029 1871 2151 1909 scripsi
2175 1874 2205 1901 et
2229 1872 2263 1901 in

1252 1930 1267 1949 «
1292 1920 1463 1958 publicam
1481 1920 1624 1950 formam
1642 1922 1754 1960 redegi
1771 1930 1912 1960 meoque
1931 1923 2026 1961 signo
2044 1924 2188 1962 signavi.
2208 1936 2222 1953 »

1291 1978 1386 2008 Nulli
1409 1986 1487 2016 ergo
1512 1980 1626 2008 nostre
1656 1980 1923 2010 confirmationis
1943 1983 2004 2011 etc.
2023 1981 2145 2011 Datum
2171 1983 2260 2021 apud

1252 2032 1542 2068 Urbemveterem,
1564 2041 1611 2062 1111
1630 2033 1706 2062 idus
1726 2033 1932 2070 novembris,
1949 2043 2035 2064 anno
2054 2035 2163 2065 tertio.
2187 2047 2200 2064 υ

1341 2213 1439 2244 2192
1747 2213 1870 2246 tlrvieto,
1892 2215 1921 2240 12
1938 2215 2091 2241 novembre
2112 2216 2187 2243 1263.

1285 2297 1403 2323 Cantori
1420 2300 1446 2323 ct
1467 2297 1608 2332 magistro
1618 2297 1746 2324 Wiberto
1759 2298 1836 2325 dicto
1857 2300 1995 2328 Kankesel.
2013 2301 2161 2334 capellano
2176 2310 2259 2335 apos-

1248 2345 1344 2377 tolico,
1361 2345 1497 2372 canonico
1515 2346 1708 2378 Atrebatensi,
1728 2348 1843 2373 inundat
1858 2349 1886 2374 ut
1907 2348 2078 2382 magistrum
2094 2350 2257 2376 Amandum

1248 2396 1281 2421 de
1300 2395 1426 2421 Castello
1445 2395 1473 2421 in
1496 2395 1619 2421 ecclesia
1637 2404 1660 2421 s.
1682 2396 1779 2422 Crucis
1796 2397 2023 2429 Cameracensis,
2042 2398 2070 2424 in
2084 2398 2256 2425 canonicum

1248 2443 1336 2478 recipi
1353 2443 1469 2470 faciant.
1487 2444 1563 2478 (lice.
1582 2445 1625 2474 29,
1644 2444 1691 2470 t'ol.
1710 2446 1761 2471 229
1778 2451 1815 2476 ν’,
1832 2451 1860 2471 n⁰
1881 2446 1971 2481 1221.)

1288 2562 1302 2581 «
1323 2552 1454 2582 Cantori
1471 2556 1498 2581 et
1523 2553 1666 2591 nmqistro
1691 2551 1832 2589 Wiberto,
1856 2552 1936 2583 dicto
1954 2554 2137 2591 Kankesel,
2153 2557 2257 2595 capel-

1247 2605 1317 2635 lano
1333 2611 1447 2642 nostro,
1468 2606 1612 2635 canonico
1630 2605 1834 2635 Atrebaleusi.
1846 2606 2005 2637 Exhibita
2023 2607 2121 2638 nobis
2139 2609 2257 2641 dilecti

1247 2659 1309 2688 filii
1332 2659 1478 2689 Amandi
1505 2659 1543 2689 de
1560 2659 1706 2689 Castello
1722 2659 1924 2698 presbyteri,
1941 2661 2093 2691 canonici
2113 2662 2255 2694 ecclesie

1247 2722 1274 2743 s.
1293 2713 1410 2744 Crucis
1429 2712 1694 2748 Came1·acensiS‚
1711 2712 1828 2751 petitio
1847 2713 2039 2744 continebat
2055 2716 2155 2754 quod,
2177 2725 2254 2746 cum

1246 2775 1307 2796 nos
1324 2766 1404 2796 olim
1424 2774 1526 2804 super
1543 2766 1734 2803 receptione
1752 2767 1783 2795 et
1800 2767 1993 2804 provisione
2012 2776 2074 2798 sua
2089 2771 2150 2799 etc.
2165 2771 2202 2799 ut
2220 2770 2254 2800 in

1245 2819 1400 2857 proxima
1410 2819 1589 2858 superiori,
1605 2818 1717 2848 verbis
1733 2821 1961 2858 competenter
1976 2822 2126 2858 mutatis,
2145 2831 2254 2861 usque

1245 2874 1355 2902 ratum
1381 2874 1412 2902 et
1434 2872 1568 2902 firmum
1592 2871 1764 2909 habentes,
1795 2872 1828 2902 id
1852 2873 2050 2905 auctoritate
2068 2876 2253 2914 apostolica
