2659 3242
155 441 225 469 1262

138 497 222 517 mass

171 645 186 660 ))

168 985 183 1001 ))

165 1427 179 1443 ὶ)

165 1671 180 1687 ))

158 1818 173 1833 ))

158 2014 172 2030 ))

156 2209 171 2225 ὶ)

154 2454 168 2470 ὶ)

151 2599 166 2614 ))

150 2893 165 2908 ))

245 491 272 517 5.

247 987 262 1001 ))

238 1419 279 1446 12.

235 1662 277 1691 14.

247 1819 262 1834 1)

244 2210 258 2226 ))

224 2446 267 2474 15.

242 2600 256 2615 ))

239 2894 253 2910 ))

300 442 336 468 Vi
338 442 419 470 terte.

966 211 1123 242 TABLES
1148 213 1200 244 DU
1224 214 1424 246 REGISTRE
1447 217 1638 248 D’URBAIN
1663 220 1703 249 lV

1096 305 1168 330 Pagos.
1200 305 1308 326 Numeros.

458 346 680 382 Pampilonam
707 358 724 375 a
751 350 985 385 Pampilonensi
1014 352 1093 387 epis-

459 403 533 429 copo
551 396 678 428 factam,
701 399 874 426 confirmat.

495 443 609 471 Abbati
625 445 661 472 de
673 446 795 482 Urdays
812 448 940 475 mandat
957 452 992 476 ut
1006 450 1094 484 prio-
1108 452 1113 483 Ι

458 492 573 519 rissam
601 497 629 520 et
663 502 785 523 sorores
812 496 871 524 loci
894 506 917 524 s.
945 498 1030 525 Petri
1054 498 1091 525 de

456 540 545 575 Ripis
581 541 611 568 in
635 545 830 577 possessione
866 545 1004 580 ejusdem
1032 547 1091 574 loci

456 594 672 619 manuteneat.

493 639 645 674 Episcopo
683 642 849 680 Narniensi
889 643 1017 670 mandat
1055 645 1112 679 uti

454 687 642 716 Narnienses
685 689 722 716 ab
767 682 946 726 occupando
990 694 1094 719 castro

454 736 702 765 Sancti-Gemini
747 738 915 771 deterreat,
956 743 1093 775 potesta-

455 786 581 820 temque
609 794 716 813 eorum
739 790 770 814 et
791 788 991 822 capitaneum
1015 797 1091 824 per-

454 834 617 869 sonaliter,
665 836 864 864 consiliarios
911 846 946 864 au
956 841 1017 865 tem
1060 841 1091 865 et

454 890 618 909 commune
635 891 690 918 per
706 885 872 919 syndicum
889 894 991 913 coram
1013 894 1095 922 papa

454 938 634 965 comparere
658 933 763 961 saciat.

489 981 606 1008 Abbati
635 978 659 1009 s'.
692 982 865 1010 Genovefae
896 985 1109 1018 Parisiensisl

453 1029 580 1057 mandat
593 1033 752 1064 quatenus
766 1031 900 1059 decanos
915 1033 1040 1060 rurales
1053 1033 1089 1060 de

453 1078 579 1113 (mutio,
606 1079 642 1106 de
668 1079 808 1115 Picheio,
837 1081 873 1107 de
900 1082 1086 1118 Pinchonio‚

452 1126 488 1153 de
518 1127 701 1164 Dullandio,
733 1129 770 1155 de
792 1130 974 1158 Viviacurte
997 1135 1028 1158 et
1051 1132 1088 1159 de

452 1176 652 1210 Montagneio
665 1180 694 1204 et
711 1177 789 1204 alias
800 1186 950 1213 personas
964 1180 1090 1215 religio-

450 1232 501 1251 sas
521 1228 551 1252 et
568 1225 741 1258 seculares,
767 1227 989 1255 Ambianensis
1017 1229 1087 1255 dio-

450 1274 541 1308 cesis,
574 1275 743 1309 compellat
782 1279 818 1302 ut
865 1276 1086 1305 archidiacono

448 1324 688 1358 procurationes
717 1332 797 1359 quae
822 1325 1013 1353 visitationis
1035 1335 1085 1354 ra-

450 1373 533 1399 tione
554 1372 721 1406 debentur,
739 1373 898 1402 exibeant.

484 1420 562 1447 Cum
582 1421 754 1449 Laurentio
776 1422 812 1449 de
828 1423 1003 1459 Esperinie,
1019 1433 1084 1452 rec·
1100 1427 1103 1459 Ι

448 1473 516 1497 tore
549 1470 699 1497 ecclesiae
728 1471 764 1497 de
801 1471 1082 1507 Heyfordwarum,

448 1518 681 1546 Linculniensis
696 1520 843 1551 diocesis,
869 1530 963 1557 super
984 1525 1086 1549 reten-

449 1567 531 1594 tione
571 1564 711 1602 plurium
751 1569 978 1597 beneficiorum

448 1620 570 1651 pensat.

485 1665 718 1693 Monasterium
737 1675 760 1693 s.
780 1666 885 1694 Mauri
904 1668 1079 1696 Virdunen-
1096 1671 1100 1702 Ι

444 1714 487 1740 sis
504 1722 520 1740 a
532 1715 755 1748 jurisdictione
770 1716 981 1745 Virdunensis
1000 1718 1079 1753 epis-

443 1764 512 1798 copi
534 1764 657 1791 eximit.

479 1811 655 1840 Ecclesiam
669 1822 695 1840 s.
714 1814 859 1849 Sepuleri
880 1816 1021 1849 Troiani,
1039 1817 1078 1843 ad
1096 1819 1100 1849 Ι

443 1860 609 1888 ecclesiam
650 1862 953 1898 Jerosolymitanam
993 1873 1080 1901 spec-

444 1913 574 1942 tantem,
589 1911 626 1937 ab
638 1913 723 1939 omni
731 1913 955 1946 jurisdictione
966 1914 1080 1942 Troia-

443 1960 474 1987 ni
490 1960 627 1995 episcopi
645 1962 766 1989 eximit.

476 2008 647 2036 Ecclesiam
670 2017 694 2038 s.
715 2011 858 2046 Sepulcri
884 2011 920 2038 de
944 2012 1075 2048 Barulo,
1094 2014 1098 2048 Ι

440 2057 478 2083 ad
491 2057 657 2085 ecelesiam
673 2059 967 2095 Jerosolymitanam
986 2069 1078 2097 spec-

441 2108 570 2138 tantem,
588 2108 627 2134 31)
646 2109 732 2135 omni
750 2103 972 2143 jurisdictione
994 2112 1076 2138 Tra-

442 2156 547 2183 nensis
569 2157 797 2193 archiepiscopi
819 2159 940 2187 eximit.

475 2203 592 2232 Omnes
624 2206 774 2234 ecelesias
807 2216 832 2234 s.
866 2209 1012 2244 Sepulcri
1042 2211 1096 2244 1111

439 2252 557 2287 Apulia
571 2254 821 2290 constitutas,ad
842 2256 1008 2285 ecclesiam
1026 2259 1078 2285 Je-

440 2302 700 2337 rosolymitanam
727 2307 917 2339 spectantes,
935 2307 974 2334 ab
989 2308 1075 2335 omni

439 2350 763 2387 archiepiscoporum,
795 2355 1015 2390 episcoporum
1044 2360 1075 2383 et

437 2399 656 2435 praelatorum
671 2402 893 2436 jurisdictione
915 2405 1037 2433 eximit.
1080 2394 1084 2400 ,

474 2448 703 2477 Monasterium
728 2459 752 2478 S.
786 2452 906 2480 Mariae
937 2454 1095 2487 Montis—l

436 2496 580 2531 Virginis
598 2498 658 2524 sub
684 2499 857 2534 apostolica
879 2503 1073 2536 protectione

436 2546 580 2581 suscipit.

470 2594 626 2629 Magistro
653 2596 781 2624 Nicolao
811 2598 847 2624 de
884 2598 986 2632 Wich,
1023 2601 1094 2636 ‹sa-l

437 2643 547 2670 nonico
565 2644 767 2680 Cicestrensi,
786 2647 932 2682 indulget
950 2652 984 2676 ut
1009 2657 1072 2677 una

435 2700 506 2719 cum
538 2693 762 2722 ecclesiasticis
796 2696 958 2724 beneficiis
991 2706 1073 2734 quae

1164 452 1220 484 261
1272 451 1305 478 81

1163 644 1217 679 201
1270 645 1303 673 61

1160 985 1194 1012 36
1212 987 1215 1018 Ι
1250 985 1302 1014 106

1157 1426 1212 1460 311
1264 1428 1298 1455 96

1025 1571 1084 1598 dis-

1259 1672 1295 1699 60

1260 1819 1294 1846 63

1150 2014 1204 2048 211

431 2741 494 2774 jam
511 2741 641 2778 obtinet,
659 2743 824 2772 ecclesiam
847 2746 884 2773 de
906 2747 1073 2774 8111111113]-

434 2789 530 2824 linge,
561 2791 771 2820 Cicestrensis
808 2794 953 2830 diocesis,
992 2797 1069 2824 reti-

433 2846 506 2866 nere
529 2841 639 2873 possit.

470 2887 581 2916 Eidem
600 2889 727 2917 Nicolao
752 2891 789 2917 de
816 2890 905 2919 Wicli
924 2894 1069 2929 indulget
1086 2897 1090 2928 Ι
1140 2895 1175 2922 24
1192 2897 1196 2929 Ι

1381 501 1450 528 1262

1362 557 1444 578 mars
1464 552 1508 579 15.

1397 658 1412 673 ))

1398 805 1411 820 ))

1396 954 1411 969 ))

1394 1198 1408 1212 ))

1393 1345 1406 1359 ))

1380 2421 1395 2436 ))

1378 2664 1391 2680 ))

1485 658 1498 673 ))

1487 806 1501 821 >)

1468 944 1510 972 17.

1523 505 1640 533 viterbe.

2491 234 2529 263 85

2321 323 2393 348 rugen.
2422 326 2528 347 Numeros.

1684 364 1729 393 ut,
1756 370 1816 388 uno
1843 371 1878 389 ex
1904 364 2006 392 tribus
2027 366 2126 400 ipsius
2157 369 2317 399 beneficiis

1682 410 1823 445 dimisso,
1850 412 1915 439 loco
1935 413 2036 448 illius,
2064 416 2193 443 unicum
2226 419 2313 446 aliud

1682 461 1820 493 recipere
1845 462 1955 495 possit.

1716 508 1830 535 Abbati
1847 512 2240 542 monasteriisiilnlacensis
2252 524 2316 543 cas·
2334 519 2338 549 Ι

1684 558 1766 582 trum
1789 558 1826 583 de
1855 558 1976 586 Trebis.
2001 562 2184 596 Anagninae
2210 564 2316 591 dioce-

1682 604 1734 639 sis,
1753 607 1934 634 committit.

1717 654 1868 690 Episcopo
1891 656 2056 691 Anagnino
2083 661 2254 688 committit
2280 664 2335 695 utl
2388 664 2442 697 241

1683 702 1842 737 Raynaldo
1859 704 1895 730 de
1915 705 2020 732 Genna
2039 706 2179 735 inhibeat
2198 718 2234 736 ne
2251 719 2314 738 cas-

1682 753 1766 778 trum
1783 751 1819 778 de
1833 753 1944 780 Trebis
1962 754 2099 782 alienare
2119 763 2313 792 praesumat.

1719 800 1855 828 Johanni
1878 803 1996 834 suarii.
2023 804 2139 832 decan·
2160 807 2338 843 [munga-1

1682 848 1771 875 lensi.
1783 849 1927 884 indulget
1945 855 1977 878 ut
1991 852 2081 886 plura
2098 854 2314 884 ecclesiastica

1681 897 1833 924 beneficia
1854 900 1991 927 retinere
2010 902 2124 929 valeat.

1717 946 1907 974 Monasterio
1932 957 1956 975 s.
1978 949 2099 977 Mariae
2122 951 2158 978 de
2182 952 2334 988 Crypta-l

1680 995 1823 1030 Ferrata,
1857 999 2081 1025 monasterium
2121 1000 2313 1029 Graecorum

1680 1051 1702 1069 s.
1719 1044 1840 1071 Nicolai
1857 1045 1894 1072 de
1909 1046 2060 1074 Morbano
2073 1057 2141 1075 cuin
2155 1050 2190 1075 ad
2209 1051 2311 1085 ipsum

1680 1093 1858 1126 pertinente
1873 1095 2006 1122 eeclesia
2019 1104 2043 1123 s.
2062 1096 2192 1125 Martini
2206 1100 2312 1127 Venu-

1679 1141 1752 1174 sini,
1772 1143 1949 1171 Venusinae
1968 1144 2115 1178 diocesis,
2141 1148 2272 1175 confert.

1714 1191 1829 1218 Abbati
1851 1194 2032 1220 monasterii
2051 1202 2064 1221 s
2085 1195 2205 1222 Mariae
2222 1197 2308 1225 Mon·
2325 1200 2328 1231 Ι

1678 1240 1879 1275 tis—Virginis
1903 1250 1995 1268 usum
2015 1244 2184 1278 pastoralis
2205 1246 2311 1273 baculi

1677 1289 1708 1315 in
1727 1293 1914 1323 perpetuum
1939 1292 2094 1319 concedit.

1710 1337 1952 1366 Adinstantiam
1965 1341 2126 1375 Stephani,
2137 1342 2307 1372 familiaris
2324 1347 2328 1377 Ι

1674 1387 1734 1417 sui,
1750 1387 1910 1419 decani,et
1927 1389 2057 1424 capituli
2071 1391 2221 1419 ecclesiae
2237 1394 2311 1420 Tul—

1674 1435 1780 1467 lensis,
1804 1445 1872 1463 cum
1898 1437 1927 1464 in
1946 1438 2052 1466 codem
2071 1442 2212 1476 capitulo
2231 1450 2309 1470 non-

1673 1484 1751 1511 nulli
1768 1485 1799 1511 in
1811 1487 1976 1514 canonicos
1992 1490 2110 1523 recepti
2126 1490 2198 1521 sint,
2210 1491 2306 1518 nullis

1673 1533 1862 1566 praebendis
1892 1535 2009 1564 ibidem
2037 1539 2234 1574 vacantibus,
2260 1541 2310 1567 ah-

1670 1581 1736 1608 11311
1767 1584 1950 1611 monasterii
1981 1593 2004 1611 s.
2033 1586 2162 1621 Urbani,
2193 1588 2306 1615 Catha-

1672 1630 1833 1659 launensis
1849 1632 1993 1666 diocesis,
2019 1636 2147 1662 mandat
2169 1641 2203 1664 ut
2233 1637 2305 1664 dili-

1671 1683 1780 1713 genter
1804 1681 1947 1717 inquirat
1971 1684 2043 1718 quis
2061 1685 2209 1721 primam,
2235 1687 2306 1721 quis

1669 1729 1838 1757 secundam
1878 1733 1907 1757 et
1947 1733 2020 1766 quis
2062 1733 2171 1761 deinde
2213 1743 2307 1770 prae-

1668 1778 1801 1806 bendam
1835 1779 1866 1806 in
1903 1780 1988 1808 dicta
2024 1782 2158 1810 ecclesia
2191 1784 2304 1812 debeat

1672 1827 1825 1855 obtinere.
1874 1827 1876 1829 ’

2485 1348 2520 1375 67

1704 1876 1827 1904 Decano
1845 1880 1875 1904 et
1895 1879 2035 1914 capitulo
2053 1881 2204 1909 ecclesiae
2223 1883 2303 1910 Lau·
2321 1884 2326 1916 Ι

1669 1923 1819 1953 dunensis
1845 1926 1988 1962 indulget
2021 1931 2055 1955 ut
2089 1929 2119 1955 in
2153 1931 2303 1965 majorem

1669 1976 1699 2001 et
1732 1974 1855 2007 juratos
1894 1976 2130 2010 Laudunenses,
2171 1980 2303 2014 capituli

1669 2027 1879 2058 proventuum
1920 2025 2093 2060 invasores,
2123 2035 2302 2056 excommu-

1667 2072 1837 2099 nicationis
1865 2074 2054 2102 sententiam
2079 2076 2205 2103 valeant
2228 2085 2302 2112 pro—

1668 2121 1822 2155 mulgare.

1703 2169 1780 2196 Cum
1794 2170 1931 2198 Henrico
1947 2172 1983 2198 de
1996 2172 2122 2205 Sarum,
2139 2175 2300 2209 capellano
2316 2178 2320 2210 Ι

1667 2219 1848 2254 apostolico,
1866 2223 1989 2248 rectore
2013 2222 2162 2250 ecclesiae
2184 2224 2220 2250 de
2239 2225 2303 2252 Sto-

1664 2267 2302 2304 kessuhtus-Limam,Covent1·ensisdio-

1665 2316 1755 2350 cesis,
1773 2325 1868 2352 super
1890 2320 2064 2346 retentione
2084 2320 2225 2355 plurium
2242 2322 2298 2349 be-

1665 2366 1848 2392 neficiorum
1864 2366 2036 2402 dispensat.

1699 2416 1808 2449 Sergio
1823 2415 1858 2442 de
1874 2416 2123 2445 Dauno-Marino
2136 2421 2165 2445 et
2177 2419 2296 2447 Mariae
2313 2421 2318 2453 Ι

1663 2463 1700 2490 de
1729 2463 1825 2494 Duce,
1855 2464 1921 2499 ejus
1952 2466 2054 2500 uxori,
2082 2468 2224 2494 concedit
2250 2471 2295 2501 ut,

1664 2520 1722 2538 non
1743 2512 1887 2540 obstante
1906 2518 2020 2548 quarto
2042 2517 2296 2549 consanguinita-

1663 2560 1703 2587 tis
1721 2561 1831 2595 gradu.
1853 2563 1884 2589 in
1907 2564 2107 2590 matrimonio
2130 2565 2194 2598 jam
2221 2573 2296 2592 eon-

1662 2613 1763 2636 tracto
1781 2610 1865 2637 licite
1883 2619 2043 2639 remanere
2060 2614 2188 2647 possint.

1694 2658 1846 2686 Omnibus
1864 2660 1918 2694 qui
1940 2661 2140 2688 translationi
2170 2663 2198 2689 b.
2222 2663 2313 2698 Βία-1

1659 2707 1758 2741 cardi,
1788 2715 1887 2742 nuper
1915 2709 2061 2736 coelitum
2090 2718 2219 2738 numero
2242 2719 2294 2738 as-

1659 2756 1764 2789 cripti,
1789 2757 2005 2791 interfuerint,
2033 2766 2129 2786 unum
2159 2768 2289 2793 annum,

1658 2807 1687 2831 et
1720 2804 1785 2831 illis
1819 2806 1874 2839 qui
1910 2806 1940 2832 in
1983 2808 2200 2836 anniversario
2238 2809 2288 2836 die

1659 2853 1876 2880 translationis
1897 2855 2037 2888 ejusdem
2060 2859 2090 2883 et
2117 2857 2201 2885 infra
2225 2858 2289 2885 die-

1658 2908 1726 2927 rum
1761 2905 1888 2929 octavas
1922 2905 2123 2937 accesserint,
2151 2906 2291 2941 quadra-

2377 1883 2431 1918 24¹

2478 2178 2512 2206 97

2372 2177 2428 2212 32!

2370 2421 2402 2448 23
2419 2424 2423 2455 1

2364 2664 2420 2698 231
2472 2666 2508 2693 72
