2519 3262
226 210 284 239 226

225 294 360 328 episcopi,
379 294 514 321 clericum
532 295 783 329 Argentincnsem,
803 295 831 321 in
849 295 970 323 ccclesia
990 305 1011 323 s.
1030 297 1106 324 Petri
1126 299 1234 333 Argen-

224 343 327 369 tinensi
351 343 378 369 in
393 344 562 370 canonicum
581 344 669 378 recipi
687 343 770 371 saciat
794 345 874 378 cique
890 346 923 371 (lc
954 346 1114 379 praebenda
1140 347 1233 381 prox-i-

223 393 298 418 ‹leat.
312 393 388 418 insu.
406 394 450 424 29,
465 393 512 419 t'ol.
531 393 578 421 148
593 401 630 419 va.
648 401 678 419 no
694 394 769 427 591.)

263 511 277 530 (ι
299 524 305 529 .
326 526 330 530 .
364 501 455 531 cleclo
483 503 712 541 .›t›·qentinensi.
746 503 941 542 Apostolice
958 505 1095 543 pietatis
1114 514 1229 543 prove-

223 554 294 584 nire
313 572 360 583 —-.
380 556 503 585 Datum
525 556 613 595 apud
632 556 919 593 ITrbemveterem,
938 567 968 587 vi
995 558 1071 588 idus
1098 559 1229 597 aprilis,

221 616 307 637 anno
322 609 433 638 tertio.
451 618 466 638 n

815 792 939 824 Orvieto,
961 795 976 818 ἵ,
991 793 1061 820 avril
1079 793 1155 820 1204.

313 791 404 821 1542

253 873 362 899 Decano
374 876 398 900 et
420 874 544 909 capitulo
554 874 691 902 ccclesiae
706 877 921 911 Sarburgcnsis
933 878 1150 912 Argentinensis
1164 878 1226 905 dio-

215 921 298 951 cesis,
315 923 348 948 ad
366 931 464 949 corum
483 923 664 955 instantiam,
681 926 800 952 mandat
816 928 843 952 ut
856 928 1014 953 tierarslum
1032 928 1066 953 dc
1081 928 1224 962 Wangen,

214 969 360 1001 clericum,
384 973 630 1006 consanguineum
648 974 779 1008 magistri
797 976 926 1007 ticrardi,
939 976 1007 1002 dicti
1022 976 1223 1003 ministerialis

214 1018 349 1046 ecclcsiae
378 1021 608 1055 Argentinensis,
641 1022 669 1049 in
688 1023 857 1049 ‹tanonicum
877 1027 905 1050 ct
927 1025 1046 1051 fratrem
1072 1025 1221 1060 recipiant.

214 1067 291 1101 (Rieu.
309 1070 353 1100 29,
373 1068 420 1095 Γυ]4
444 1070 491 1097 148
514 1075 550 1101 γα,
570 1076 598 1096 n‘·
613 1071 688 1106 592.)

253 1189 267 1207 «
288 1179 407 1209 Dcccmo
428 1183 454 1208 c!
471 1179 604 1218 capitulo
619 1179 738 1209 ecclesie
751 1179 981 1219 Sarma-ymnis,
993 1182 1222 1221 Arqcutincnsis

212 1231 347 1262 diocesis.
363 1232 586 1271 supplicastis
605 1232 701 1262 uobis
715 1241 773 1271 per
786 1250 830 1261 —.
847 1234 970 1264 Datum
984 1235 1072 1273 apud
1084 1235 1221 1266 Urbem-

211 1287 371 1322 veterem,
390 1286 488 1316 nonis
505 1286 636 1324 aprilis,
657 1295 742 1316 anno
759 1287 870 1317 tertio.
890 1297 905 1315 »

775 1467 899 1494 Orvieto.
918 1468 961 1494 ier
978 1469 1050 1495 avril
1070 1470 1147 1496 1262.

302 1467 395 1498 1543

243 1549 382 1584 Episcopo
403 1550 550 1576 Sabiuensi
567 1551 681 1578 mandat
704 1553 733 1578 ut
746 1551 957 1586 Raymundum,
972 1553 1080 1580 dictum
1104 1556 1218 1587 Torcha,

207 1599 375 1625 canonicum
392 1600 558 1626 monasterii
575 1608 597 1626 s.
614 1600 673 1626 Ruti
688 1601 722 1626 de
737 1600 878 1630 Valentia.
891 1601 998 1628 ordinis
1010 1612 1032 1629 s.
1051 1604 1215 1638 Augustini,

208 1647 235 1673 in
250 1648 371 1674 ccclesia
384 1648 545 1675 Arelatensi
562 1650 604 1675 vel
621 1649 648 1675 in
664 1649 785 1676 ccclesia
801 1650 990 1678 Nemausensi
1003 1651 1030 1677 in
1046 1653 1215 1680 canonicum

205 1696 332 1731 ejusdem
349 1697 456 1723 ordinis
477 1698 563 1732 recipi
586 1698 680 1725 saciat.
698 1699 776 1731 (Rea.
792 1700 836 1732 29,
856 1699 904 1726 t‘ol.
927 1700 985 1731 149,
1004 1706 1034 1726 11⁰
1050 1702 1101 1728 5503
1120 1704 1126 1732 )

245 1816 261 1836 «
281 1830 287 1835 .
308 1808 464 1847 .episcopo
480 1808 652 1838 sabinensi.
669 1810 835 1848 Exposuit
854 1810 1103 1841 nobisdilectus
1122 1812 1214 1842 filius

203 1859 438 1899 Raynmndus,
469 1861 579 1891 dictus
604 1862 929 1899 T0›·c!1a‚eanonicus
961 1865 1158 1895 monasterii
1185 1874 1212 1895 s.

203 1913 280 1943 Rufi
299 1913 338 1944 de
358 1914 524 1949 Valentia,
544 1916 674 1945 ordinis
691 1925 718 1946 s.
741 1917 935 1955 Augustini,
953 1918 1148 1957 capellanus
1165 1919 1213 1949 di-

202 1965 279 1996 lecti
295 1966 356 1996 filii
375 1968 480 1997 nostri
494 1968 546 2003 R„
563 1977 590 1998 s.
611 1969 731 2006 Angeli
750 1969 883 2000 diaconi
899 1971 1092 2007 cardinalis,
1110 1972 1210 2010 quod,

201 2019 280 2049 licet
309 2019 380 2058 ipse
409 2029 468 2059 pro
499 2021 608 2059 ipsius
640 2023 837 2052 monasterii
864 2024 1009 2062 negotiis
1029 2025 1160 2055 utiliter
1181 2027 1212 2056 et

201 2071 345 2102 fideliter
361 2072 535 2109 laborarit,
553 2073 657 2103 abbas
671 2077 780 2105 tamen
798 2075 877 2105 dicti
893 2077 1105 2111 monasterii,
1123 2079 1210 2116 apud

200 2132 299 2162 quem
316 2125 476 2157 debuerat
491 2135 529 2157 ex
547 2127 607 2157 hoc
624 2127 688 2157 sibi
709 2128 867 2158 meritum
883 2138 1109 2167 comparasse,
1129 2131 1209 2161 adeo

199 2185 287 2212 eum,
307 2178 380 2209 sine
399 2187 460 2209 sua
481 2180 589 2218 culpa,
612 2181 705 2219 gravi
731 2190 869 2212 rancore
888 2183 1104 2221 persequitur
1120 2183 1209 2222 quod

198 2230 270 2268 ipse
286 2232 343 2261 vix
359 2234 468 2271 potest
484 2232 607 2263 ibidem
626 2234 659 2263 in
675 2234 921 2273 tranquillitate
938 2235 1044 2265 animi
1062 2236 1207 2267 Domino

196 2283 365 2314 famulari.
390 2285 499 2321 Quare
522 2295 541 2316 a
563 2286 661 2317 nobis
685 2287 860 2318 humiliter
887 2288 987 2326 petiit
1013 2291 1047 2319 ut
1072 2298 1148 2320 eum
1174 2290 1207 2320 in

194 2336 386 2368 Arelatensi
403 2339 454 2369 vel
472 2340 696 2370 Nemausensi
714 2340 868 2378 ecclesia,
893 2342 1044 2380 ejusdem
1064 2343 1205 2379 ordinis,

194 2390 297 2429 recipi
316 2392 566 2423 mandaremus.
588 2393 631 2423 I‘t
652 2395 765 2424 autem
791 2403 910 2425 rancor
934 2395 1129 2434 hujiismodi
1147 2397 1204 2435 qui

193 2443 303 2474 anime
330 2445 554 2483 perditionem
570 2446 710 2484 inducit,
729 2456 830 2478 causa
846 2451 1012 2485 cessante,
1032 2448 1201 2487 abscedat,

192 2495 395 2528 fraternitati
423 2499 479 2529 tue
502 2500 713 2538 presentium
731 2501 931 2532 auctoritate
955 2502 1201 2533 committimus

192 2550 228 2579 ut
252 2558 353 2589 super
385 2551 446 2582 hoc
476 2551 580 2582 facias
611 2555 710 2592 prout
734 2555 918 2584 secundum
947 2555 1056 2586 Deum
1074 2556 1202 2587 videris

191 2601 394 2639 faciendum,
422 2605 565 2636 eundem
596 2606 629 2636 in
655 2607 762 2638 altera
793 2608 945 2646 ipsarum
979 2609 1200 2640 ecclesiarum

190 2663 290 2694 quam
316 2657 487 2695 maluerit,
516 2660 545 2689 si
567 2660 750 2698 expediens
779 2661 918 2698 videris,
939 2663 1040 2700 recipi
1075 2662 1203 2694 faciens

189 2707 224 2737 in
241 2710 436 2741 canonicum
455 2714 486 2742 et
507 2712 538 2741 in
556 2712 705 2744 fratrem.
725 2714 999 2746 Contradictores
1015 2718 1078 2746 etc.
1092 2724 1200 2755 usque

188 2764 438 2800 compescendo.
468 2765 591 2795 Datum
619 2767 707 2805 apud
725 2767 1012 2804 Urbemveterem‚
1039 2768 1195 2800 kalendis

189 2815 319 2853 aprilis,
336 2825 422 2847 anno
439 2818 549 2848 tertio.
572 2831 586 2848 »

974 211 1216 243 REGISTRES
1242 213 1456 244 D'L'RBAIN
1486 214 1530 244 n·
1537 237 1543 242 .

1382 300 1477 331 1544
1861 300 1986 331 Orvieto,
2009 301 2038 327 11
2055 301 2127 327 avril
2151 303 2227 329 lz‘tji.

1324 377 1440 412 Symoni
1459 379 1492 404 ἀι·
1509 379 1660 413 Nongento
1680 380 1852 406 decanatum
1871 381 2009 407 ccclesiae
2029 381 2214 408 Nix-emensis
2231 390 2299 409 eon-

1290 427 1353 454 t‘crt.
1374 427 1456 461 (ann.
1475 430 1520 460 29,
1539 428 1587 454 sol.
1607 428 1666 459 149,
1685 434 1715 454 n0
1731 429 1805 462 595.)

1327 524 1341 542 (t
1356 514 1485 553 Symoni
1497 514 1714 553 deXonqcnlo,
1727 515 1805 544 dicto
1819 515 1858 545 de
1869 515 2026 551 Carnoto,
2036 515 2221 546 subdiacono
2231 527 2300 546 nos-

1287 572 1345 603 tro,
1359 568 1503 597 canonico
1512 568 1702 597 ,Vires-nemi.
1714 568 1910 598 Laudabilis
1923 570 2192 599 conversationis
2204 572 2235 600 et
2252 588 2299 598 —.

1286 620 1384 656 Sane,
1404 624 1541 651 vacante
1556 621 1718 651 decanatu
1737 621 1877 652 ecclesie
1894 621 2129 657 Nivernensis,
2147 623 2253 661 major
2267 625 2300 653 et

1285 673 1399 704 sanior
1416 683 1493 713 pars
1516 674 1655 713 capituli
1670 674 1823 713 eJusdem
1843 674 1995 708 ecclesie,
2015 675 2054 705 ad
2072 676 2161 714 quod
2178 676 2299 706 electio

1284 726 1412 764 decani,
1434 730 1533 766 prout
1550 728 1727 764 asseritur,
1745 728 1902 766 pertinet,
1920 728 2120 767 magistrum
2138 728 2294 759 Gitonem

1284 780 1435 817 Cornuti,
1455 781 1654 811 canonicum
1669 781 1779 820 ipsius
1792 781 1945 817 ecclesie,
1963 782 1997 811 in
2010 782 2120 821 ipsius
2131 782 2296 813 decanum

1283 834 1406 864 dicitur
1419 834 1576 864 canonice
1592 834 1748 874 elegisse.
1765 835 1890 865 Verum
1909 835 2037 873 [gone-3⁴,
2056 835 2180 866 decano
2196 836 2298 867 eccle-

1283 888 1332 917 sie
1349 888 1388 918 de
1404 888 1552 926 Faneyo,
1566 888 1727 918 canonico
1739 888 1888 926 predicte
1903 888 2296 926 ecclesie'Nivernensis,

1281 943 1454 971 asserente
1472 941 1560 980 quod
1585 941 1695 971 felicis
1714 941 1959 971 recordationis
1986 941 2179 972 Alexander
2195 950 2294 981 papa,

1281 994 1500 1032 predecessor
1517 996 1644 1031 noster,
1658 994 1744 1025 bone
1757 995 1919 1024 memorie
1939 1017 1944 1023 .
1963 1020 1968 1024 .
1987 995 2190 1025 Nivernensi
2207 996 2294 1034 epis-

1280 1056 1373 1086 copo,
1385 1050 1462 1078 tunc
1479 1047 1597 1083 electo,
1608 1056 1724 1086 preces
1735 1050 1765 1078 et
1783 1048 1978 1078 mandatum
1994 1056 2053 1087 per
2067 1048 2200 1078 litteras
2213 1057 2293 1079 suas

1281 1103 1477 1138 porrexerat
1493 1103 1528 1130 ut
1539 1101 1648 1131 eidem
1659 1101 1793 1140 Hugoni
1806 1101 1846 1131 de
1861 1103 2042 1140 personatu
2055 1102 2106 1132 vel
2117 1102 2294 1141 dignitate,

1279 1153 1308 1182 si
1340 1153 1373 1182 in
1404 1153 1533 1192 prefata
1559 1154 1764 1184 Nivernensi
1795 1154 1939 1184 ecclesia
1967 1156 2046 1184 tunc
2075 1154 2213 1186 vacabat
2235 1155 2288 1186 vel

1278 1207 1529 1244 quamprimum
1547 1207 1586 1236 ad
1603 1207 1636 1236 id
1649 1215 1684 1237 se
1699 1207 1831 1237 offerret
1844 1208 2068 1245 oportunitas.
2083 1208 2287 1247 provideret.

1277 1261 1308 1289 et
1326 1260 1568 1289 nichilominus
1588 1259 1780 1290 decreverat
1809 1260 1897 1290 idem
1915 1260 2133 1299 predecessor
2154 1261 2288 1292 irritum

1277 1315 1309 1343 et
1327 1313 1425 1343 inane
1440 1313 1469 1342 si
1489 1322 1587 1343 secus
1601 1313 1641 1343 de
1657 1315 1838 1352 personatu
1851 1313 1902 1343 vel
1916 1313 2078 1353 dignitate
2095 1314 2290 1352 hujusmodi

1277 1375 1295 1396 a
1312 1375 1481 1405 quoquam
1495 1367 1702 1405 contingeret
1725 1366 1933 1405 attemptari,
1951 1368 1983 1397 et
2002 1366 2160 1397 electioni
2176 1367 2291 1407 hujus·

1276 1419 1367 1450 modi
1400 1428 1435 1450 se
1454 1423 1655 1458 opponente,
1687 1421 1760 1450 orta
1780 1428 1913 1459 quoque
1939 1420 2027 1450 inter
2045 1421 2202 1451 eumdem
2218 1429 2286 1452 ma·

1275 1473 1420 1512 gistrum
1436 1473 1593 1504 Gilonem
1617 1475 1649 1503 et
1670 1472 1750 1503 illos
1769 1473 1827 1512 qui
1847 1482 1924 1503 eum
1941 1473 2125 1513 elegerant,
2141 1476 2286 1513 exparte

1275 1535 1353 1561 una,
1365 1528 1396 1556 et
1408 1526 1597 1564 predictum
1609 1526 1787 1565 Hugonem
1802 1535 1904 1565 super
1915 1526 1976 1557 hoc
1988 1528 2130 1557 materia
2142 1528 2290 1566 questio-

1275 1579 1339 1614 nis,
1356 1579 1444 1609 idem
1464 1579 1683 1618 predecessor
1699 1580 1733 1609 in
1749 1588 1851 1609 causa
1866 1579 2059 1618 hujusmodi
2072 1589 2132 1619 per
2144 1581 2289 1620 appella·

1273 1632 1400 1662 tionem
1412 1632 1453 1662 ad
1463 1632 1579 1662 sedem
1596 1632 1818 1671 apostolicam
1834 1633 1984 1672 legitime
1999 1633 2168 1669 devoluta,
2183 1634 2282 1664 dilec-

1272 1686 1345 1715 tum
1366 1684 1474 1714 tilium
1493 1688 1646 1715 nostrum
1657 1686 1793 1724 A.,(sic*=
1807 1694 1834 1715 s.
1854 1686 1994 1716 Adriani
2013 1686 2193 1716 diaconum
2214 1695 2282 1717 car-

1271 1738 1431 1773 dinalem,
1447 1738 1537 1768 dedit
1560 1738 1714 1777 partibus
1734 1739 1934 1769 auditorem.
1953 1739 2025 1769 Lite
2044 1739 2157 1778 itaque
2171 1748 2284 1770 coram

1271 1791 1388 1821 eodem
1406 1791 1569 1821 cardinali
1582 1791 1733 1831 legitime
1745 1794 1932 1822 contestata
1948 1794 1980 1823 et
1992 1801 2052 1831 pro
2066 1795 2160 1831 parte
2176 1793 2287 1832 ipsius

1270 1844 1424 1884 Hugonis
1435 1844 1590 1875 formatis
1599 1844 1802 1884 quibusdam
1814 1845 1980 1879 articulis,
1990 1846 2207 1885 tangentibus
2216 1855 2288 1877 eas-

1271 1897 1347 1927 dem
1363 1897 1507 1934 litteras,
1529 1907 1565 1928 ac
1590 1901 1799 1937 proponente
1821 1901 1915 1937 parte
1939 1899 2106 1929 dictorum
2131 1899 2286 1938 magistri

1269 1950 1404 1981 Gilonis
1423 1953 1454 1981 et
1473 1951 1657 1982 electorum
1683 1952 1772 1990 quod
1788 1952 1875 1982 dicte
1891 1952 2003 1982 littere
2021 1952 2063 1982 ad
2082 1956 2284 1991 personatus

1270 2004 1322 2033 vel
1344 2004 1539 2043 dignitates,
1560 2005 1769 2043 pertinentes
1786 2005 1828 2035 ad
1848 2005 2063 2036 collationem
2074 2014 2133 2036 seu
2149 2006 2282 2036 electio—

1271 2057 1396 2087 tionem
1407 2058 1549 2096 predicti
1564 2058 1716 2096 capituli.
1729 2066 1764 2088 se
1777 2058 1917 2088 minime
1931 2057 2168 2092 extendebant,
2185 2068 2282 2098 prop-

1267 2111 1317 2139 ter
1342 2110 1430 2148 quod
1449 2110 1642 2149 hujusmodi
1659 2111 1861 2141 articulieas
1879 2113 2066 2150 tangentes,
2087 2114 2201 2150 utpote
2222 2112 2282 2142 im-

1267 2163 1487 2200 pertinentes,
1505 2172 1569 2193 non
1583 2166 1677 2194 erant
1692 2164 1905 2203 aliquatenus
1922 2164 2133 2200 admittendi,
2152 2166 2278 2203 predic-

1266 2218 1321 2245 tus
1350 2216 1545 2252 cardinalis‘,
1565 2217 1650 2246 facta
1666 2216 1764 2247 nobis
1780 2225 1882 2255 snper
1899 2217 1976 2252 hiis,
1996 2217 2029 2247 in
2048 2218 2189 2248 fratrum
2207 2227 2282 2249 nos-

1264 2271 1394 2299 trorum
1413 2270 1596 2308 presentia,
1610 2270 1774 2300 relatione
1792 2270 1894 2305 tideli,
1906 2270 1945 2301 de
1963 2271 2104 2309 speciali
2122 2271 2280 2302 mandato

1264 2324 1379 2353 nostro
1397 2323 1427 2353 ei
1448 2323 1524 2353 viva
1541 2331 1620 2353 voce
1647 2324 1745 2358 sacto.
1771 2323 2028 2363 interloquendo
2046 2325 2280 2363 pronuntiavit

1264 2376 1431 2414 predictos
1449 2377 1610 2406 articulos
1630 2385 1695 2407 non
1710 2385 1784 2407 esse
1804 2377 2018 2416 aliquatenus
2036 2377 2276 2415 admittendos,

1262 2430 1399 2467 propter
1416 2429 1504 2467 quod
1522 2438 1582 2468 pro
1602 2430 1696 2468 parte
1714 2429 1794 2460 dicti
1822 2430 1950 2469 Ugonis
1973 2430 2014 2459 ad
2038 2432 2188 2461 nostram
2212 2430 2276 2462 fuit

1261 2482 1469 2512 audientiam
1495 2482 1716 2522 appellatum,
1737 2491 1866 2522 nosque
1887 2483 2048 2514 dilectum
2071 2483 2180 2514 tilium
2198 2492 2275 2515 nos-

1260 2537 1349 2565 trum
1368 2536 1414 2571 S.,
1442 2536 1534 2566 tituli
1553 2544 1581 2566 s.
1602 2536 1727 2566 Cecilie
1746 2535 1984 2575 presbyterum
2003 2537 2221 2572 cardinalem,
2239 2537 2274 2568 in

1259 2597 1361 2619 causa
1377 2589 1618 2628 appellationis
1634 2589 1829 2629 huJusmodi
1847 2589 1958 2620 eidem
1973 2589 2012 2621 Ο.
2031 2590 2196 2620 cardinali
2211 2590 2268 2621 du-

1259 2642 1373 2672 ximus
1399 2642 1662 2682 adjungendum.
1683 2642 1803 2673 Dictus
1819 2644 1932 2673 autem
1949 2642 1984 2674 S.
2001 2642 2198 2679 cardinalis,
2216 2652 2274 2674 au—

1258 2695 1340 2725 ditis
1354 2704 1419 2735 que
1430 2698 1543 2734 partes
1553 2695 1735 2726 voluerunt
1745 2704 1933 2735 proponere
1945 2704 2057 2726 coram
2068 2704 2107 2726 eo
2118 2695 2277 2735 factaque

1258 2747 1356 2778 nobis
1381 2748 1421 2778 de
1443 2747 1525 2784 illis,
1540 2757 1653 2778 coram
1678 2748 1841 2779 fratribus
1865 2748 1962 2787 ipsis,
1985 2748 2149 2779 relatione
2166 2748 2272 2785 fideli,

1257 2800 1297 2831 de
1314 2801 1452 2840 speciali
1471 2801 1629 2831 mamiato
1648 2804 1762 2832 nostro
1781 2801 1867 2832 sacto
1885 2801 1950 2831 sibi
1970 2801 2105 2832 oraculo
2122 2801 2196 2832 vive
2219 2810 2274 2833 vo-

1256 2853 1316 2890 cis,
1335 2854 1406 2884 vice
1425 2862 1487 2884 sua
1506 2856 1536 2884 et
1567 2855 1677 2892 ipsius
1705 2855 1742 2885 O.
1773 2854 1967 2889 cardinalis,
1984 2857 2015 2885 et
2043 2854 2083 2884 de
2103 2862 2270 2885 consensu

1255 2907 1328 2946 eJus
1353 2906 1439 2937 dixit
1458 2909 1489 2937 et
1507 2907 1738 2946 pronuntiavit
1758 2907 1884 2937 dictum
1905 2907 1943 2938 O.
1961 2907 2168 2937 cardinalem
2184 2906 2274 2938 bene
