2519 3262
162 236 202 266 90
916 228 1159 259 REGISTRES
1190 228 1405 259 D'URBAIN
1434 228 1493 258 IV.

255 322 350 354 1103
770 316 893 348 0rvieto,
911 318 925 342 7
941 317 1006 343 notit
1023 315 1102 342 1264.

198 405 282 432 Petro
300 404 452 431 ecelesiam
468 404 502 430 dc
518 402 739 437 Vadis-Aponi&
761 410 776 428 a
792 403 836 435 (3,,
858 400 933 428 tituli
951 409 973 427 s.
993 400 1080 427 Marci
1096 407 1174 434 pres-

163 455 263 490 bytero
279 451 761 487 cardinali,collatammonfirniat.
779 451 856 483 (Risu.
874 451 919 482 29,
936 450 985 476 fol.
998 449 1042 480 04,
1053 455 1083 475 11⁰
1100 449 1173 483 152.)

205 572 220 588 α
235 560 338 597 Petro,
358 560 469 589 rectori
487 557 607 588 ecclesie
626 557 661 587 de
685 556 924 596 Vadis-Aponiz,
942 561 1013 585 nalo
1024 555 1174 584 Jolmnnis

166 614 270 651 Truet,
289 613 324 643 de
347 611 666 647 Castro-Theoderici,
690 610 916 640 Sucssionensz's
937 609 1072 638 diocesis.
1101 608 1173 644 Que

163 667 203 698 de
232 667 323 697 sedis
353 665 536 704 apostolice
564 664 640 699 etc„
662 665 699 693 ut
726 671 829 701 supra
849 671 956 701 usque
980 661 1171 700 provenire.

161 720 247 751 Sane
259 719 409 750 exhibita
425 718 523 747 nobis
539 719 597 747 tua
613 717 730 755 petitio
748 715 940 746 continebat
956 715 1057 754 quod,
1069 723 1173 753 quon-

162 773 238 803 dam
248 772 455 811 Haymardo,
464 772 591 801 rectore
604 770 744 800 ecclesie
754 770 793 800 de
801 768 1064 807 Vadis-Aponiz‚
1076 768 1175 798 Sues-

162 826 331 856 sionensis
347 825 504 860 diocesiS‚
522 823 610 862 apud
629 823 743 853 sedem
758 822 978 861 apostolicam
994 821 1085 851 viam
1101 821 1173 850 uni-

160 886 258 909 verse
274 878 386 908 carnis
409 878 574 916 ingresso,
595 877 739 907 dilectus
762 876 854 905 filius
879 876 993 906 noster
1008 874 1061 909 G„
1080 874 1173 904 tituli

160 931 267 962 sancti
292 931 396 961 Marci
415 930 592 969 presbyter
606 929 789 960 cardinalis
812 930 937 959 attente
954 927 1173 958 considerans

160 985 249 1024 quod
260 986 308 1021 tu,
319 984 462 1014 clericus
477 985 508 1014 et
524 983 706 1013 familiaris
723 982 807 1021 ejus,
820 982 893 1012 suis
906 981 1081 1020 obsequiis
1095 980 1172 1010 fide-

160 1038 239 1068 liter
259 1046 295 1067 ac
311 1037 491 1076 diligenter
515 1037 690 1071 insistens,
709 1036 858 1066 nondum
877 1043 951 1065 eras
969 1034 1172 1065 beneficium

159 1091 428 1122 ecclesiasticum
446 1091 633 1125 assecutus,
652 1098 712 1120 nec
735 1089 820 1119 alias
846 1089 879 1118 in
905 1088 1005 1118 bonis
1022 1087 1173 1117 habebas

159 1144 247 1174 unde
281 1152 401 1183 posses
435 1143 608 1174 commode
639 1142 838 1179 sustentari,
873 1151 910 1172 ac
942 1143 1080 1180 propter
1111 1140 1173 1170 hoc

159 1198 247 1227 circa
263 1197 296 1227 te
315 1205 374 1227 sue
392 1197 543 1235 dirigens
565 1196 787 1235 benignitatis
810 1195 972 1230 officium,
986 1194 1172 1233 predictam

160 1250 349 1286 ecclesiam,
362 1259 420 1289 per
435 1249 564 1280 obitum
578 1249 685 1287 ipsius
699 1248 887 1287 Haymardi
899 1249 1084 1283 vacantem,
1096 1255 1172 1277 cum

161 1301 318 1333 omnibus
328 1301 462 1340 juribus
475 1303 506 1332 et
517 1301 733 1340 pertinentiis
746 1301 829 1337 suis,
846 1300 1044 1330 auctoritate
1057 1300 1173 1329 nostra

160 1355 227 1385 sibi
249 1364 267 1385 a
289 1355 388 1385 nobis
413 1355 548 1385 oraculo
565 1354 640 1385 vive
659 1354 752 1384 vocis
771 1353 906 1390 tradita,
924 1353 998 1389 tibi,
1016 1361 1116 1391 quem
1133 1352 1172 1382 de

159 1408 313 1447 legitimo
336 1407 553 1438 matrimonio
584 1408 797 1445 procreatum
815 1406 983 1445 reputavit
1002 1406 1173 1444 ydoneum

160 1461 201 1491 ad
218 1460 412 1499 hujusmodi
441 1460 641 1490 beneficium
664 1459 896 1496 obtinendum,
915 1458 1057 1489 contulit
1075 1459 1107 1488 et
1133 1458 1173 1488 de

159 1513 219 1544 illa
238 1514 397 1552 providit,
414 1515 512 1552 teque
528 1513 568 1543 de
584 1513 673 1544 dicta
689 1513 832 1543 ecclesia
844 1511 1097 1551 presentialiter
1114 1519 1173 1550 per

160 1575 260 1597 suum
288 1567 427 1597 anulum
453 1566 639 1603 investivit,
662 1568 762 1604 prout
781 1566 815 1595 in
834 1564 1028 1604 patentibus
1046 1564 1172 1594 litteris

159 1621 270 1659 ipsius
297 1620 480 1650 cardinalis
498 1620 658 1651 confectis
678 1620 800 1650 exinde
821 1627 950 1658 suoque
968 1618 1082 1657 sigillo
1100 1627 1173 1648 mu<

160 1673 253 1708 nitis,
267 1673 402 1712 plenius
420 1673 622 1704 continetur.
641 1673 711 1704 Nos
728 1673 854 1712 itaque,
866 1672 1004 1703 obtentu
1021 1671 1173 1702 cardina-

159 1727 204 1757 lis
218 1727 380 1766 ejusdem,
392 1727 461 1757 tuis
474 1726 780 1765 supplicationibus
798 1726 963 1762 inclinati,
974 1725 1063 1764 quod
1080 1724 1120 1755 ab
1135 1733 1172 1754 eo

162 1789 263 1819 super
289 1780 355 1810 hiis
378 1780 503 1811 factum
525 1781 586 1817 est,
606 1782 717 1810 ratum
741 1780 773 1810 et
791 1780 926 1810 firmum
946 1779 1119 1814 habentes,
1139 1778 1173 1808 id

162 1835 360 1865 auctoritate
373 1834 559 1872 apostolica
573 1834 812 1864 confirmamus
825 1835 887 1864 etc.
904 1841 1012 1872 usque
1026 1840 1174 1862 commu-

162 1888 288 1924 nimuS,
304 1888 522 1918 decernentes
543 1887 677 1918 irritum
693 1888 724 1918 et
742 1887 842 1917 inane
861 1887 890 1916 si
907 1895 1004 1917 secus
1023 1886 1062 1916 de
1086 1885 1175 1915 dicta

163 1940 307 1972 ecclesia
325 1941 357 1971 et
369 1940 505 1979 juribus
526 1949 562 1970 ac
582 1940 799 1979 pertinentiis
815 1939 1111 1978 ipsis,apostolica
1121 1938 1175 1969 vel

164 1993 284 2032 quavis
302 1993 500 2023 auctoritate
518 1992 594 2028 alia,
614 1992 793 2031 contigerit
811 1991 1016 2030 attemptari.

204 2046 368 2077 Tenorem
400 2048 511 2076 autem
540 2046 731 2076 litterarum
760 2045 913 2084 ipsarum
941 2045 981 2074 de
1006 2043 1108 2074 verbo
1134 2044 1175 2074 ad

163 2100 304 2130 verbum
322 2098 538 2138 presentibus
556 2099 699 2129 fecimus
717 2099 883 2134 annotari,
903 2098 961 2137 qui
978 2098 1057 2128 talis
1077 2098 1127 2127 est
1146 2106 1152 2126 2

204 2163 218 2183 «
240 2152 419 2183 Guillelmus
435 2153 627 2182 miseratione
643 2152 748 2182 divina.
764 2151 848 2182 tituli
861 2152 963 2181 sancti
976 2151 1072 2180 Marci
1089 2160 1175 2191 pres-

165 2206 249 2247 byter
269 2206 446 2243 cardinalis,
466 2205 575 2235 dilcclo
601 2206 631 2235 in
659 2205 779 2236 Christo
806 2205 910 2241 Petro,
936 2210 1007 2234 nalo
1025 2204 1174 2234 doluimus

164 2258 301 2290 Trucldc
312 2259 866 2294 Castro-Theoderici,Suessioncnsis
879 2258 1013 2294 diocesis,
1023 2257 1132 2288 clerico
1146 2262 1173 2287 ct

160 2313 314 2352 familiari
331 2319 444 2349 nostra,
458 2313 586 2343 salutem
602 2313 631 2342 in
648 2313 788 2344 Domino.
808 2313 957 2352 Dignum
972 2313 1003 2342 et
1022 2311 1173 2342 debitum

161 2383 210 2396 —.
232 2368 271 2397 In
294 2367 389 2405 cujus
414 2367 463 2397 rei
486 2367 731 2403 testimouium,
759 2366 822 2397 tibi
846 2367 1022 2405 presentes
1043 2365 1173 2395 litteras

161 2420 377 2450 concedimus
394 2420 501 2450 nostri
522 2420 627 2459 sigilli
646 2419 851 2458 appensione
869 2419 1028 2449 munitas.
1048 2418 1174 2448 Dat-uin

162 2474 251 2512 apud
286 2473 574 2509 Urbeinvcterem,
609 2481 695 2503 anno
730 2473 866 2503 Domini
901 2471 1171 2507 M⁰CC⁰LXIIII⁰‚

161 2534 278 2557 mense
296 2528 427 2565 augusti
446 2527 500 2556 (lie
518 2527 618 2557 tertia
634 2527 792 2563 intrante,
812 2526 1028 2565 pontificatus
1045 2525 1172 2555 domini

162 2578 291 2611 Urbani
303 2588 387 2619 pape
402 2580 480 2615 1111,
499 2588 585 2610 anno
601 2580 714 2610 tertio.
736 2589 751 2608 n

201 2633 296 2664 Nulli
324 2642 402 2672 crgo
434 2635 548 2664 nostre
570 2633 837 2664 confirmationis
859 2634 922 2663 etc.
941 2633 1065 2663 Datum
1084 2633 1172 2672 apud

163 2684 452 2721 Urbemvoterem,
476 2696 521 2717 V11
540 2687 616 2717 idus
631 2687 777 2726 augusti,
803 2695 889 2717 anno
907 2686 1019 2717 tertio.
1038 2695 1055 2715 »

255 2849 352 2880 1104
753 2847 878 2881 Orvicto,
895 2849 910 2874 7
931 2849 997 2874 aout
1019 2847 1100 2875 1204.

199 2921 439 2950 Archidiaconum
460 2922 488 2949 in
503 2922 566 2950 Bria
588 2922 615 2949 in
631 2922 752 2950 ccclesia
775 2922 972 2950 Suessionensi
990 2924 1017 2950 et
1032 2923 1173 2950 decanum

1235 315 1373 345 ecclesiae
1389 314 1566 348 Rosetensis‚
1581 314 1780 341 Laudunensis
1792 313 1926 347 diocesis,
1943 315 2106 349 praedictae
2120 313 2250 342 collatio-

1234 372 1285 391 nes
1300 367 1465 392 executores
1482 363 1641 391 constituit.
1659 364 1736 397 (Rae.
1757 364 1801 394 29,
1817 363 1865 390 fol.
1883 363 1928 395 04,
1945 369 1975 390 n⁰
2004 364 2078 398 153.)

1276 482 1290 501 «
1310 471 1537 501 Arcltidiacono
1564 472 1594 500 in
1620 471 1697 501 Bria
1721 471 1751 500 in
1773 470 1899 501 ecclesia
1914 471 2138 508 Suessionensi,
2161 476 2187 501 el
2202 471 2251 501 de-

1235 534 1309 554 cano
1318 524 1439 554 ecclesie
1452 525 1635 562 Rosctcnsis,
1649 523 1862 556 Laudunense's
1874 524 2010 554 diocesis.
2025 525 2096 560 Que
2106 525 2146 555 de
2157 524 2249 555 sedis

1235 595 1283 608 —-.
1302 578 1427 608 Datum
1450 579 1486 608 ut
1503 586 1616 617 supra.
1637 588 1652 607 »

1326 771 1422 802 1105
1829 770 1956 804 Orvieto,
1977 772 1993 798 ϋ
2013 772 2078 797 notit
2100 770 2177 798 1264.

1269 848 1391 876 Johanni
1409 849 1522 876 Martini
1548 849 1710 884 portionem
1731 850 1759 877 in
1781 850 1903 877 ecclesia
1919 859 1940 877 s.
1961 850 2066 877 Mariae
2082 850 2116 877 de
2132 849 2252 881 Sintria.

1234 897 1435 925 Uixbonensis
1457 898 1590 930 diocesis,
1618 907 1634 925 a
1654 898 1824 931 Gottifredo,
1843 908 1866 927 s.
1886 899 1998 933 Georgii
2017 900 2051 926 ad
2072 899 2175 926 Velum
2195 900 2251 926 Au-

1234 954 1316 973 reum
1330 947 1451 974 diacono
1464 947 1614 979 cardinali,
1632 947 1780 982 collatam:
1796 948 1959 975 confirmat.
1980 948 2057 976 (Res.
2073 948 2117 981 20,
2134 947 2185 978 fol,
2204 948 2250 980 64,

1233 1001 1263 1021 11ο
1283 996 1356 1026 154.)

1274 1117 1288 1132 «
1314 1105 1451 1135 tIohanni
1474 1105 1616 1141 Martini,
1630 1105 1829 1145 portionarii)
1849 1104 1994 1135 secularis
2009 1103 2132 1134 ecclesie
2145 1107 2250 1134 sancte

1234 1158 1334 1188 Maria>
1351 1158 1386 1188 de
1402 1158 1536 1195 sintrz'a,
1559 1158 1772 1189 [Ill-chonensis
1788 1158 1924 1195 diocesis,
1943 1158 2053 1188 clcrz'co
2069 1157 2250 1188 venerabilis

1233 1211 1343 1251 fratris
1358 1212 1454 1241 nostri
1467 1212 1523 1247 ,11.,
1536 1211 1749 1242 [ΧΙίτόοηεηείε
1759 1212 1902 1252 episcopi.
1917 1212 1988 1247 Que
2001 1212 2041 1242 de
2052 1212 2143 1242 sedis
2155 1220 2252 1250 apos-

1233 1265 1333 1296 tolice
1351 1265 1549 1295 auctoritate
1567 1267 1628 1296 etc.
1648 1267 1681 1296 ut
1700 1274 1802 1304 supra
1818 1274 1926 1304 usque
1941 1265 2130 1303 provenire.
2147 1264 2249 1295 Exhi-

1234 1318 1304 1349 bita
1320 1319 1455 1357 quidem
1469 1318 1567 1349 nobis
1582 1320 1639 1349 tua
1650 1319 1769 1357 petitio
1780 1318 1971 1349 continebat
1984 1318 2084 1357 quod,
2098 1317 2250 1348 Johanne

1234 1372 1552 1411 Egee,portio1mrio
1563 1372 1704 1402 ecclesie
1715 1374 1828 1402 sancte
1839 1372 1943 1402 Marie
1953 1372 1993 1401 de
2003 1371 2253 1410 Sintriaffllyx-

1234 1425 1395 1455 bonensis
1414 1425 1572 1460 diocesis,
1591 1425 1679 1463 apud
1700 1425 1814 1455 sedem
1832 1425 2054 1463 apostolicam
2072 1425 2163 1455 viam
2178 1424 2252 1454 uni-

1234 1487 1331 1508 verse
1347 1478 1459 1508 carnis
1478 1479 1644 1517 ingresso⁷
1664 1478 1810 1508 dilectus
1830 1478 1923 1508 filius
1938 1480 2053 1509 noster
2070 1478 2123 1514 G„
2143 1477 2252 1509 sancti

1233 1531 1370 1570 Georgii
1381 1531 1422 1561 ad
1432 1531 1554 1561 Velum
1565 1534 1715 1562 Aureum
1734 1531 1897 1561 diaconus
1911 1531 2107 1568 cardinalis,
2119 1531 2159 1561 de
2176 1539 2250 1570 spe-

1235 1584 1312 1614 ciali
1341 1585 1500 1615 mandato
1525 1586 1642 1615 nostro
1665 1585 1755 1623 quod
1775 1584 1841 1614 sibi
1860 1584 2003 1615 fecimus
2021 1584 2157 1615 oraculo
2175 1584 2252 1616 vive

1234 1638 1339 1672 vocis,
1359 1639 1550 1677 portionem
1571 1639 1603 1668 et
1626 1638 1852 1677 prestimonia
1871 1647 1935 1677 que
1954 1638 2064 1668 dictus
2080 1637 2252 1668 Johannes

1234 1691 1322 1730 Egee
1340 1691 1373 1721 in
1390 1691 1532 1721 ecclesia
1549 1691 1699 1730 predicta
1717 1690 1876 1727 obtinuit,
1890 1700 1950 1730 per
1964 1691 2094 1721 obitum
2109 1691 2182 1730 ejus
2198 1699 2252 1721 va-

1236 1745 1357 1782 cantia,
1371 1754 1445 1775 cum
1458 1744 1593 1784 juribus
1607 1746 1639 1775 et
1654 1744 1870 1783 pertinentiis
1888 1745 1972 1781 suis,
1986 1744 2049 1775 tibi
2063 1744 2205 1774 contulit
2219 1745 2253 1775 et

1236 1798 1276 1828 de
1307 1798 1378 1828 illis
1407 1798 1567 1837 providit,
1598 1799 1699 1836 teque
1727 1797 1981 1836 presentialiter
2000 1797 2175 1828 investivit
2192 1806 2252 1836 per

1237 1860 1336 1881 suum
1356 1851 1519 1881 annulum
1537 1851 1577 1880 de
1595 1851 1736 1887 eisdem,
1756 1851 1941 1881 decernens
1958 1851 2093 1881 irritum
2107 1850 2250 1881 etinane

1237 1904 1266 1934 si
1284 1913 1381 1935 secus
1396 1905 1436 1935 de
1453 1904 1524 1934 illis
1537 1904 1723 1942 apostolica
1737 1905 1790 1934 vel
1803 1904 1952 1943 qualibet
1969 1904 2036 1935 alia
2052 1904 2252 1935 auctoritate

1237 1966 1255 1988 a
1283 1966 1452 1997 quoquam
1482 1957 1661 1996 contigerit
1688 1957 1894 1996 attemptari,
1918 1959 2018 1996 prout
2047 1958 2082 1987 in
2110 1957 2254 1996 patenti·

1236 2011 1300 2041 bus
1318 2011 1443 2041 litteris
1464 2011 1574 2050 ipsius
1591 2010 1775 2040 cardinalis
1794 2010 1956 2040 confectis
1978 2010 2100 2040 exinde
2122 2018 2252 2050 suoque

1237 2064 1350 2103 sigillo
1381 2064 1535 2103 signatis,
1555 2063 1690 2102 plenius
1716 2063 1918 2094 continetur.
1942 2063 2014 2093 Nos
2039 2064 2164 2102 itaque,
2182 2063 2252 2093 tuis

1237 2117 1544 2156 supplicationibus
1574 2116 1739 2151 inclinati,
1767 2117 1856 2156 quod
1882 2116 1923 2146 ab
1947 2117 2065 2147 codem
2086 2116 2252 2146 cardinali

1237 2179 1339 2209 super
1366 2170 1432 2200 hiis
1450 2169 1575 2200 factum
1601 2172 1663 2205 est,
1683 2171 1793 2200 ratum
1814 2171 1845 2200 et
1864 2170 1999 2200 firmum
2022 2169 2197 2205 habentes,
2216 2169 2251 2200 id

1236 2224 1434 2255 auctoritate
1449 2223 1636 2262 apostolica
1652 2223 1893 2253 confirmamus
1908 2225 1970 2253 etc.
1982 2231 2090 2262 usque
2101 2231 2251 2254 commu-

1236 2278 1360 2308 ninius.

1277 2332 1443 2362 Tenorem
1477 2331 1589 2360 autem
1620 2330 1812 2360 litterarum
1844 2329 1995 2368 ipsarum
2025 2329 2065 2359 de
2086 2328 2188 2360 verbo
2210 2329 2252 2360 ad

1236 2385 1376 2416 verbum
1401 2383 1618 2423 presentibus
1647 2383 1789 2413 fecimus
1809 2383 1975 2419 annotari,
2003 2383 2061 2422 qui
2075 2383 2156 2413 talis
2172 2385 2224 2413 est
2243 2391 2252 2412 :

1277 2450 1290 2467 α
1311 2437 1510 2476 &mist-idus,
1523 2437 1715 2466 miseratione
1729 2436 1833 2466 divina
1845 2437 1946 2465 sancti
1960 2435 2085 2475 Gcoryii
2096 2436 2136 2465 ad
2150 2435 2252 2466 I'elum

1236 2494 1369 2522 Aureum
1386 2490 1531 2521 diaconus
1544 2489 1725 2526 cardinalis,
1741 2489 1852 2519 dilecto
1866 2489 1924 2519 sibi
1939 2489 1967 2518 in
1983 2488 2105 2518 Christo
2115 2488 2252 2519 dolamini

1236 2545 1376 2581 Martini,
1397 2544 1509 2575 clerico
1536 2542 1717 2573 venerabilis
1735 2543 1838 2582 patris
1861 2543 1916 2580 M,
1936 2543 2128 2572 miseratione
2145 2541 2253 2572 divina

1238 2598 1449 2630 Uli-rhemensis
1468 2597 1617 2638 episcopi,
1645 2596 1771 2626 salntem
1803 2597 1832 2625 in
1864 2595 2002 2627 Domino.
2029 2596 2078 2626 De
2109 2595 2252 2634 speciali

1235 2652 1451 2684 niandato—.
1469 2651 1507 2681 In
1524 2651 1619 2690 cujus
1637 2650 1686 2680 rei
1704 2649 1953 2686 testimonium,
1967 2651 2142 2688 presentes
2161 2648 2251 2679 litte-

1235 2715 1290 2737 ras
1300 2705 1361 2736 tibi
1373 2704 1604 2736 concessimus
1614 2703 1720 2742 sigilli
1733 2702 1841 2733 nostri
1856 2702 2045 2732 munimine
2058 2701 2247 2732 roboratas.

1205 2758 1206 2763 ’
1234 2760 1359 2790 Datum
1377 2758 1466 2797 apud
1483 2757 1773 2792 Urbemveterem‚
1791 2764 1811 2785 x·
1826 2755 1990 2786 kalendas
2008 2755 2155 2794 augusti,
2172 2763 2254 2794 pon·

1234 2813 1383 2843 titicatus
1393 2811 1543 2850 ejusdem
1553 2809 1681 2841 domini
1692 2808 1820 2840 Urbani
1831 2817 1915 2847 pape
1925 2808 2002 2845 IIII,
2012 2816 2099 2838 anno
2108 2807 2219 2838 tertio.
2233 2816 2249 2837 ))

1274 2865 1369 2896 Nulli
1397 2873 1475 2904 ergo
1499 2865 1614 2894 nostre
1632 2861 1900 2893 confirmationis
1924 2863 1986 2892 etc.
2010 2861 2136 2892 Datum
2158 2860 2249 2900 apud

1206 2941 1208 2944 .
1235 2917 1526 2951 Urbemveterem,
1543 2925 1601 2946 vui
1624 2915 1701 2946 idus
1718 2915 1865 2954 augusti,
1886 2923 1973 2945 anno
1989 2914 2102 2945 tertio.
2123 2926 2138 2941 υ
