2519 3262
181 235 220 264 70
938 224 1180 256 REGISTRES
1212 222 1425 254 D'URBALN
1457 223 1514 253 IV.

181 317 275 347 ribus
304 315 449 355 partium
471 313 652 344 earundem
674 312 707 341 in
735 312 850 341 nostra
879 310 1051 349 presentia
1071 309 1192 339 consti-

179 370 263 400 tutis
292 377 328 399 30
359 367 559 398 sententiam
582 374 657 395 cum
690 364 852 394 instantia
885 362 1190 402 1011111010111111115,

180 423 300 461 dieque
330 421 458 460 prefixo
483 420 523 449 ad
550 418 753 448 sententiam
770 417 984 452 audiendam,
1007 416 1120 445 habito
1142 424 1192 444 sa-

180 476 331 514 pientum
342 473 484 504 consilio
507 473 539 503 et
554 471 615 501 Dei
634 470 770 500 00011110
791 470 956 506 invocato,
976 469 1101 499 dictum
1122 468 1191 498 Ste-

179 528 327 567 phanum
341 529 371 557 et
390 527 463 566 ejus
476 525 739 564 procuratorem,
758 532 819 553 suo
836 523 982 558 nomine,
1000 521 1040 552 ab
1059 521 1191 559 impeti—

179 582 270 611 tione
292 580 373 610 dicti
386 579 426 610 G.
445 580 476 609 et
493 578 566 617 ejus
584 576 814 615 procuratoris
832 575 1079 605 sententialiter
1095 574 1191 604 duxi—

182 643 258 664 mus
284 632 539 663 absolvendum.
566 631 603 660 In
627 629 788 669 expensis
816 632 927 659 autem
950 629 983 658 in
1002 628 1060 658 lite
1081 627 1189 663 sactis,

181 686 280 717 nobis
312 695 427 716 earum
455 683 626 715 taxatione
653 684 835 717 reservata,
860 682 929 720 jani
963 681 1089 711 dictum
1120 688 1192 718 pro-

181 742 369 770 curatorem
394 738 504 776 ipsius
529 736 646 767 Garini
679 737 709 766 et
733 744 792 775 per
822 744 897 765 eum
925 735 1085 765 Garinum
1113 742 1191 763 eun-

181 794 256 823 dem
286 792 471 822 memorato
497 790 665 829 Stephano
697 788 944 819 sententialiter
969 788 1192 826 condempna—

182 855 268 876 mus.
288 846 324 875 In
340 845 437 884 cujus
455 844 502 874 rei
518 843 764 879 testimonium,
784 843 956 881 presentes
971 841 1102 871 litteras
1119 841 1191 870 lieri

182 899 323 929 fecimus
342 907 378 929 ac
397 900 512 928 nostro
532 896 644 935 sigillo
664 895 790 926 muniri
811 896 842 925 ct
859 904 918 934 per
938 895 1192 933 infrascriptum

181 952 350 982 notarium
377 951 410 981 in
429 950 564 989 publica
589 950 799 980 munimenta
818 949 942 979 reduci.
965 949 1086 978 Actum
1105 948 1193 986 apud

180 1004 458 1036 Urbemveterem
483 1004 517 1033 in
546 1003 693 1041 hospitio
717 1004 844 1036 nostro,
875 1011 960 1032 anno
987 1002 1124 1032 Domini
1146 1002 1192 1032 ΜΟ

182 1058 400 1095 CC⁰LXIIII·,
434 1057 649 1096 pontificatus
682 1056 810 1086 domini
842 1055 969 1086 Urbani
1001 1064 1085 1094 pape
1114 1055 1190 1093 IIII,

181 1120 267 1142 anno
285 1111 394 1147 tertio,
407 1120 522 1141 mense
540 1110 621 1140 maii
637 1110 690 1139 die
707 1118 726 1138 v
744 1109 911 1143 exeuntis,
927 1108 1107 1138 indictione
1123 1115 1191 1145 vna,

181 1164 397 1204 presentibus
423 1164 490 1194 hiis
508 1163 654 1194 testibus
682 1163 723 1193 ad
746 1163 806 1193 hoc
833 1162 1026 1201 specialiter
1053 1164 1191 1199 vocatis,

182 1218 339 1247 videlicet
353 1217 514 1256 magistro
532 1216 683 1247 Johanne
703 1216 741 1245 de
756 1216 879 1249 Boccag
900 1215 1001 1245 fratrc
1018 1214 1142 1245 Jacobo
1163 1217 1194 1246 et

182 1271 282 1302 Petro
292 1271 503 1310 presbytero,
519 1270 727 1309 cappellanis
738 1269 880 1304 nostris:
894 1269 1030 1299 domino
1042 1269 1193 1300 Johanne

183 1324 222 1354 de
248 1324 480 1359 Trembecort,
510 1324 668 1354 canonico
696 1322 867 1355 Τ111101151;
896 1322 1041 1352 11001100
1072 1322 1193 1353 clerico

181 1377 346 1407 ι1011311015
357 1377 483 1416 Noyse,
500 1376 651 1407 canonici
669 1375 846 1410 Metensis:
860 1378 889 1405 et
906 1376 1054 1413 Symone
1067 1376 1193 1414 specia-

182 1431 243 1461 rio.
264 1431 304 1461 Et
320 1440 379 1469 ego
392 1431 558 1461 Ricardus
578 1430 616 1459 de
634 1429 734 1463 Petis,
756 1430 869 1458 sancte
887 1429 1037 1458 Romane
1053 1429 1192 1459 ecclesie

182 1484 393 1519 scriniarius,
413 1483 595 1522 prolationi
609 1482 694 1512 dicte
708 1482 873 1512 sententie
884 1490 1024 1520 presens
1041 1482 1191 1516 interfui,

181 1538 213 1566 et
225 1546 298 1566 eam
317 1537 356 1567 (10
373 1537 531 1567 mandato
544 1536 666 1575 prefati
679 1535 845 1565 dominiJ.
862 1535 1056 1568 cardinalis,
1071 1535 1192 1574 scripsi

181 1591 214 1620 et
230 1590 263 1620 in
279 1590 449 1628 111111110301
468 1590 611 1619 formam
631 1589 755 1627 redegi.
775 1599 789 1617 11

221 1643 316 1674 Nulli
338 1653 416 1683 ergo
442 1646 555 1674 nostre
580 1642 846 1673 confirmationis
870 1644 930 1672 etc.
956 1642 1081 1672 Datum
1106 1642 1194 1680 apud

182 1697 470 1734 Urbemveterem,
492 1706 527 1726 111
546 1697 622 1726 idus
640 1696 740 1735 junii,
758 1704 844 1725 anno
864 1696 974 1726 tertio.
997 1704 1013 1724 »

274 1865 370 1896 1078
773 1863 897 1895 Orvieto,
918 1864 945 1890 11
959 1863 1021 1898 juin
1043 1863 1119 1890 1202.

220 1947 347 1974 Priorem
365 1955 388 1974 s.
402 1946 597 1981 Simplioriani
615 1947 747 1972 Α1101110515
773 1947 934 1980 praedictae
952 1947 1114 1973 sentcntiae
1130 1955 1193 1974 cxc-

183 1999 311 2023 00101οι0
328 1995 489 2023 coustituit.
508 1995 586 2030 (Rea.
609 1997 652 2026 29,
671 1995 719 2022 tol.
735 1997 768 2021 515
785 2002 821 2026 Ψ,
845 2002 872 2021 0η
892 1996 963 2024 127.)

223 2109 239 2127 ((
260 2097 363 2127 Priori
387 2108 410 2126 s.
431 2097 646 2137 Simphoriani
675 2097 824 2128 Δ1114003111,
849 2098 972 2128 Petitio
999 2099 1112 2129 dilecti
1134 2100 1195 2130 filii

183 2168 232 2181 —.
255 2152 377 2181 Datum
399 2151 488 2189 apud
509 2151 796 2187 Urbemveterem,
824 2159 857 2180 111
883 2151 958 2181 idus
983 2152 1082 2189 junii,
1110 2162 1195 2184 anno

185 2204 296 2234 tertio.
316 2214 332 2233 »

275 2369 372 2399 1079
775 2367 899 2400 Orvicto,
919 2368 951 2395 lo
964 2367 1028 2403 juin
1045 2369 1121 2396 1204.

221 2449 304 2477 vitali
320 2451 354 2476 dc
377 2449 497 2476 Vaxosio
516 2449 780 2477 archidiaconatum
802 2450 835 2476 dc
851 2449 979 2482 floriaco,
996 2450 1195 2477 Convenarum

184 2497 317 2530 diocesis,
332 2507 348 2525 a
362 2499 503 2533 magistro
514 2498 641 2525 Navarro
656 2498 863 2534 adjudicatum,
882 2498 1046 2527 coufirmat.
1059 2500 1138 2534 (1100.
1152 2500 1195 2528 29,

185 2547 234 2574 sol.
254 2549 288 2575 55
306 2552 345 2581 νῦ,
363 2553 392 2574 n⁰
412 2549 481 2581 128.)

226 2655 241 2673 ((
267 2644 360 2675 Vitali
379 2645 415 2675 dc
437 2644 577 2682 Vaxosio,
594 2645 811 2675 archidiacono
827 2645 864 2676 de
880 2646 1021 2683 Boriaco,
1039 2645 1196 2677 Convena-

185 2707 253 2727 rum
283 2698 419 2728 diocesis.
447 2699 494 2729 Ea
518 2708 582 2738 que
604 2699 731 2738 judicio
755 2701 831 2735 etc,
850 2708 958 2738 usqne
981 2701 1194 2731 communiri.

185 2751 236 2782 Ex
256 2752 350 2790 parte
378 2751 545 2790 siquidem
567 2753 624 2782 tua
652 2752 713 2782 fuit
732 2753 944 2791 propositum
968 2761 1078 2784 coram
1099 2753 1197 2784 nobis

186 2805 286 2844 quod,
306 2813 380 2834 cnm
396 2805 476 2835 olim
494 2805 700 2836 venerabilis
715 2806 818 2836 frater
836 2808 950 2837 noster
967 2831 972 2836 .
991 2832 996 2837 .
1017 2807 1197 2846 episcopus

187 2856 433 2892 Convenarum,
459 2859 633 2889 vacantem
659 2858 967 2890 archidiaconatum
985 2859 1025 2890 de
1043 2860 1194 2898 Boriaco,

187 2910 244 2949 qui
273 2919 291 2940 a
317 2910 473 2949 pluribus
491 2912 598 2942 sancti
627 2912 809 2943 Gaudentii
832 2913 1033 2952 appellatur,
1062 2913 1136 2949 tibi,
1157 2914 1197 2945 de

1253 308 1424 338 communi
1445 316 1586 337 35500511
1616 305 1759 345 capituli
1788 305 1928 335 ecclesie
1952 304 2198 338 Convenarum,
2226 303 2268 333 ad

1253 361 1341 400 quod
1362 363 1393 391 et
1416 361 1611 399 episcopum
1632 359 1744 398 ipsum
1769 358 1905 389 collatio
1929 357 2081 396 ejusdem
2104 356 2267 386 archidia-

1252 416 1393 444 conatus
1413 413 1570 452 pertinet,
1589 412 1802 447 contulisset,
1824 410 1975 441 canonici
2000 418 2060 440 seu
2080 409 2268 448 capitulum

1252 467 1393 498 ecclesie
1413 466 1520 496 sancti
1537 465 1731 501 Gaudentii,
1759 464 1993 494 Convenarum
2012 463 2169 495 (11000515,
2191 462 2270 492 Ber-

1252 520 1395 550 nardum
1423 520 1463 549 de
1489 519 1656 550 Andorra.
1683 519 1919 548 Convenarum
1937 519 1967 546 et
1987 516 2137 554 ejusdem
2162 515 2270 545 sancti

1252 573 1431 605 Gaudentii
1444 572 1661 603 ecclesiarum
1674 571 1885 605 canonicum,
1897 570 1937 600 de
1956 570 2042 599 sacto
2054 569 2094 599 ad
2104 568 2270 598 archidia-

1253 628 1410 657 conatum
1422 625 1623 664 predictum,
1634 627 1708 664 post
1720 624 1935 655 collationem
1945 622 2152 661 hujusmodi,
2163 621 2272 660 elege-

1253 681 1342 710 runt.
1373 680 1455 711 Orta
1484 679 1587 717 igitur
1606 678 1693 708 inter
1719 679 1762 712 te,
1786 686 1827 707 ex
1852 679 1946 715 parte
1975 684 2053 712 una,
2072 678 2102 705 et
2131 675 2269 705 eosdem

1253 733 1432 763 canonicos
1454 741 1512 762 seu
1536 731 1723 770 capitulum
1743 730 1849 761 sancti
1873 729 2054 760 Gaudentii
2077 730 2108 758 et
2128 728 2268 758 Bernar-

1253 786 1346 820 dum,
1374 794 1415 815 ex
1441 785 1556 818 altera⁷
1584 793 1686 823 super
1713 783 1801 813 dicto
1829 782 2101 813 archidiaconatu
2128 780 2271 811 materia

1254 839 1456 878 questionis,
1473 847 1508 868 ac
1525 846 1625 867 causa
1643 836 1838 875 hujusmodi
1857 844 1915 875 per
1931 835 2178 874 appellationes
2194 842 2270 873 par-

1254 893 1337 923 tium
1355 892 1395 922 ad
1412 891 1527 921 sedem
1543 890 1764 929 apostolicam
1780 888 1948 924 devoluta,
1967 890 1997 918 et
2017 896 2129 918 coram
2147 887 2270 916 dilecto

1254 946 1324 976 filio
1354 945 1516 983 magistro
1539 945 1702 979 Navarro,
1727 942 1926 981 cappellano
1952 944 2067 972 nostro
2093 949 2130 970 ac
2155 947 2274 970 causa-

1253 1008 1328 1030 rum
1339 998 1456 1037 palatii
1475 997 1581 1027 nostri
1602 996 1751 1035 generali
1768 995 1932 1029 auditore,
1950 994 2102 1025 Johanne
2119 993 2271 1028 Martini,

1254 1053 1376 1083 clerico
1401 1052 1618 1090 procuratore
1644 1052 1713 1085 tuo,
1740 1058 1799 1088 pro
1825 1050 1857 1079 10
1882 1048 2031 1087 legitime
2054 1048 2272 1086 comparente

1255 1115 1292 1137 ac
1317 1107 1450 1144 petente
1476 1106 1511 1134 ut
1538 1105 1571 1134 in
1600 1112 1700 1134 causa
1724 1102 1920 1141 procederet
1949 1101 2155 1140 supradicta,
2182 1100 2272 1130 idem

1254 1159 1475 1198 cappellanus
1502 1157 1688 1196 capitulum
1713 1165 1772 1186 seu
1800 1155 1980 1185 canonicos
2005 1156 2034 1185 et
2061 1153 2272 1184 Bernardum

1254 1212 1425 1252 predictos
1449 1221 1485 1241 ac
1508 1219 1626 1241 omnes
1645 1214 1676 1240 et
1694 1209 1846 1248 singulos
1864 1209 1921 1247 qui
1940 1217 1975 1238 se
1993 1207 2054 1237 tibi
2079 1215 2182 1246 super
2199 1215 2275 1245 pre-

1254 1266 1342 1296 dicto
1374 1264 1647 1295 archidiaconatu
1686 1264 1891 1301 opponerent
1923 1261 1977 1291 vel
2007 1270 2067 1291 sua
2096 1260 2273 1290 crederent

1255 1319 1431 1354 interesse,
1452 1318 1579 1356 pluries
1594 1320 1622 1347 et
1637 1316 1863 1355 peremptorie
1879 1315 1977 1345 citari
1992 1314 2068 1344 fecit
2085 1314 2118 1343 in
2133 1313 2272 1344 audien-

1254 1373 1300 1403 tia
1316 1371 1461 1410 publica,
1483 1373 1515 1401 ut
1537 1372 1585 1401 cst
1606 1370 1726 1405 moris;
1745 1371 1775 1399 et
1794 1370 1928 1399 nemine
1943 1377 2054 1398 coram
2073 1376 2111 1398 00
2129 1376 2189 1406 pro
2200 1367 2271 1406 jam

1255 1426 1356 1456 dictis
1372 1425 1520 1463 capitulo
1533 1432 1593 1453 seu
1603 1423 1775 1453 canonicis
1785 1424 1815 1452 et
1834 1422 2005 1453 Bernardo
2015 1421 2068 1451 vel
2078 1429 2138 1459 pro
2156 1421 2270 1460 aliquo

1255 1479 1321 1509 3110
1337 1479 1565 1517 comparente,
1577 1477 1662 1506 visis
1676 1475 1914 1506 instrumentis
1927 1474 2196 1514 appellationum
2212 1473 2271 1504 hu-

1250 1531 1413 1571 jusmodi,
1435 1530 1655 1561 considerans
1672 1529 1762 1568 quod
1779 1528 2019 1567 appellationis
2034 1527 2269 1566 prosequende

1255 1587 1408 1623 tempora
1426 1583 1638 1619 observatas,
1655 1582 1887 1622 pronuntiavit
1902 1582 2027 1612 dictam
2045 1589 2182 1611 causam
2200 1580 2271 1611 fore

1255 1638 1298 1668 ad
1314 1638 1436 1668 dictam
1459 1637 1573 1667 sedem
1598 1645 1656 1674 per
1680 1635 1944 1675 appellationem
1966 1634 2113 1664 delatam
2131 1635 2164 1664 et
2182 1633 2271 1672 apud

1256 1692 1365 1730 ipsam
1395 1690 1531 1721 tractari
1560 1689 1693 1725 debere,
1721 1689 1829 1728 partis
1858 1688 2002 1718 alterius
2027 1686 2182 1717 absentia
2205 1694 2272 1716 non

1256 1744 1423 1775 obstante.
1451 1745 1498 1774 Ac
1521 1744 1668 1779 demum,
1690 1742 1774 1772 visis
1793 1740 2065 1781 probationibus,
2087 1739 2223 1779 juribus
2239 1741 2273 1770 et

1255 1797 1513 1828 defensionibus
1545 1796 1614 1826 tuis
1649 1797 1679 1826 et
1711 1795 1847 1835 plenius
1876 1794 2058 1824 intellectis
2090 1793 2273 1832 habitoque

1257 1860 1359 1890 super
1384 1851 1445 1881 1100
1475 1850 1662 1889 peritorum
1694 1849 1849 1885 consilio,
1875 1848 2026 1887 predicto
2056 1848 2273 1886 procuratore

1256 1905 1411 1943 presente
1435 1906 1467 1934 et
1487 1906 1580 1942 parte
1606 1903 1711 1933 altera
1736 1910 1771 1932 se
1793 1901 2036 1932 contumaciter
2053 1900 2272 1939 jabsentante,

1256 1957 1470 1988 collationem
1501 1956 1563 1986 tibi
1595 1956 1716 1986 tactam
1747 1956 1786 1986 de
1816 1954 2091 1985 archidiaconatu
2122 1953 2272 1992 predicto

1256 2010 1489 2049 pronuntiavit
1515 2009 1710 2039 canonicam
1739 2008 1906 2044 extitisse,
1934 2008 2112 2045 ipsamque
2140 2008 2273 2037 senten-

1257 2063 1383 2093 tialiter
1407 2062 1630 2093 confirmavit.
1651 2070 1790 2092 cassans
1808 2063 1839 2091 et
1857 2060 1996 2091 irritans
2013 2068 2073 2090 seu
2091 2067 2224 2089 cassam
2241 2061 2273 2090 et

1225 2121 1226 2129 ¹
1256 2117 1389 2147 irritam
1415 2116 1575 2146 nuntians
1603 2115 1802 2145 electionem
1830 2123 1894 2153 que
1920 2114 1960 2143 de
1988 2113 2076 2143 dicto
2100 2112 2274 2143 Bernardo

1258 2170 1380 2200 dicitur
1409 2169 1577 2199 celebrata
1605 2168 1712 2198 fuisse
1743 2177 1803 2207 per
1829 2167 1979 2207 prefatos
2006 2166 2186 2197 canonicos
2214 2174 2273 2196 seu

1257 2223 1443 2262 capitulum
1456 2222 1563 2253 sancti
1576 2222 1770 2257 Gaudentii,
1787 2222 1817 2251 et
1835 2220 1997 2260 quicquid
2013 2228 2052 2250 ex
2069 2228 2108 2250 ea
2119 2217 2273 2250 secutum

1258 2277 1367 2306 fuerat
1385 2276 1439 2306 vel
1456 2275 1497 2306 ob
1511 2276 1632 2314 ipsam,
1648 2275 1778 2313 prefato
1795 2274 1968 2305 Bernardo
1985 2282 2088 2312 super
2100 2273 2273 2303 nominato

1257 2329 1530 2359 archidiaconatu
1548 2330 1749 2367 perpetuum
1769 2327 1946 2357 silentium
1964 2325 2179 2365 imponendo.
2198 2325 2275 2356 Pre-

1258 2382 1345 2412 13105
1360 2391 1492 2420 quoque
1509 2381 1695 2420 capitulum
1709 2389 1768 2410 seu
1786 2380 1966 2410 canonicos
1979 2379 2041 2410 tibi
2057 2379 2091 2409 in
2110 2379 2274 2418 legitimis

1257 2435 1419 2474 expensis
1451 2435 1714 2473 condempnans,
1750 2442 1865 2464 earum
1900 2433 2110 2463 taxationem
2139 2431 2206 2462 sibi
2238 2433 2272 2463 in

1257 2490 1430 2527 posterum
1459 2487 1657 2518 reservavit.
1686 2489 1784 2525 prout
1814 2487 1847 2516 in
1879 2486 2105 2516 instrumento
2137 2484 2274 2525 publico

1257 2542 1334 2572 inde
1352 2541 1514 2578 confecto,
1528 2541 1637 2580 ipsius
1648 2540 1838 2579 cappellani
1856 2540 1970 2579 sigillo
1981 2540 2125 2579 signato,
2137 2539 2275 2578 plenius

1257 2595 1459 2626 continetur.
1475 2595 1547 2625 Nos
1560 2595 1686 2633 itaque,
1698 2594 1766 2625 tuis
1783 2593 2091 2633 supplicationibus
2107 2592 2273 2628 inclinati,

1258 2648 1347 2687 quod
1371 2647 1412 2678 ab
1431 2648 1548 2679 eodem
1567 2647 1766 2687 cappellano
1783 2647 1922 2686 provide
1940 2646 2065 2677 factum
2090 2648 2139 2676 cst
2163 2645 2196 2676 in
2214 2645 2275 2676 hac

1257 2703 1364 2740 parte,
1393 2703 1504 2732 ratum
1532 2703 1562 2731 et
1590 2702 1724 2731 firmum
1753 2700 1927 2733 habentes,
1961 2699 2046 2729 illud
2075 2699 2275 2729 auctoritate

1258 2755 1443 2793 apostolica
1460 2754 1701 2785 confirmamus
1719 2756 1796 2790 etc,
1816 2761 1923 2792 usque
1941 2753 2203 2783 communimus.

1297 2808 1464 2838 'l‘enorem
1490 2807 1600 2847 ipsius
1625 2806 1843 2837 instrumenti
1871 2806 1911 2836 de
1943 2805 2043 2836 verbo
2069 2805 2110 2835 ad
2134 2804 2273 2836 verbum

1258 2860 1474 2899 presentibus
1488 2861 1594 2891 inseri
1612 2860 1774 2891 facientes
1789 2860 1847 2898 qui
1865 2858 1946 2890 talis
1961 2860 2030 2889 est:

1298 2924 1313 2943 ‹(
1332 2915 1371 2945 In
1398 2914 1534 2945 nomine
1559 2913 1695 2944 Domini
1720 2922 1829 2944 amen.
1845 2913 1930 2943 Cum
1956 2910 2163 2943 venerahilis
2178 2913 2274 2950 pater
