2519 3262
1020 117 1259 155 TROISIEME
1286 117 1447 154 ANNFAE.

290 211 387 241 2485

775 210 900 242 (jlrvicto,
921 210 947 236 11
967 217 1044 236 mars
1061 209 1136 236 1:131.

233 293 353 320 Osticiali
369 294 502 320 Rcmensi
523 294 639 320 mandat
665 296 704 325 ut,
721 294 839 320 obtentu
857 293 960 319 nobilis
985 293 1113 320 mulieris
1134 293 1207 319 Fcli-
1233 301 1235 324 i

198 341 292 369 citatis
321 343 354 368 ‹le
379 342 543 376 Triangulo,
571 342 754 368 douiinaeole
774 342 878 368 Peruez
906 344 932 368 ct
950 343 984 368 -lc
1011 343 1112 367 ‹lusu-0
1138 342 1207 367 l‘or-
1234 359 1235 365 ,

197 390 303 422 tucnsi,
322 391 463 425 magistro
489 391 629 418 {franconi
649 392 684 417 «le
707 392 770 420 ⁴trz,
793 390 908 423 clerico,
933 390 1029 423 logum
1052 389 1207 424 professori
1234 398 1235 421 t

199 439 358 469 Leodiensi,
374 440 407 465 dc
419 440 514 474 aliquo
532 439 727 466 ecclesiastico
746 439 891 465 beneficio.
913 440 947 465 ad
963 439 1090 473 ejusdem
1109 438 1207 464 Felici·
1234 448 1235 451 ¹

198 488 265 514 tatis
294 488 489 522 provisionem
515 490 674 522 spectante,
703 488 858 522 provideat.
891 488 967 516 istas..
997 489 1041 520 29,
1071 486 1117 512 sol.
1145 487 1207 518 396,

199 539 231 562 n⁰
249 537 339 571 1537.)

198 697 486 733 Urbemvetmem,
506 706 526 726 v
543 697 619 726 idus
637 696 762 731 martii,
782 703 867 726 aimo
885 695 994 725 tertio.
1013 705 1027 723 υ

742 871 866 902 Orrieto,
886 872 916 898 12
937 870 1041 898 sex-rior
1059 872 1135 899 1204.

287 875 309 906 2
316 875 384 906 48ss

240 960 277 988 De
303 958 482 993 exemptione
501 966 518 984 a
531 956 714 992 juridictione
735 955 881 983 ordinaria
901 958 927 982 et
945 956 1122 990 subjectione
1139 957 1206 984 solis

196 1008 449 1037 Jerosolimitanae
465 1008 493 1034 et
509 1006 652 1033 Romanae
669 1005 809 1039 ecclesiis,
829 1004 966 1032 ecclesiae
983 1014 1006 1031 s.
1031 1005 1157 1040 Sepulcri
1173 1007 1206 1032 de

196 1057 418 1093 Aquapendente
431 1055 584 1082 concessis.
603 1055 681 1088 (Res.
701 1054 746 1085 29,
760 1053 808 1080 sol.
826 1054 887 1085 290,
907 1060 936 1080 n0
955 1054 1047 1085 1538.)

234 1175 250 1195 «
280 1164 357 1202 Ade,
385 1164 531 1194 canonico
554 1162 677 1193 ecclesie
700 1161 958 1197 Jerosolimitune,
976 1164 1086 1192 rectori
1108 1164 1208 1193 sancti

193 1217 342 1258 Sepulcrz'
364 1216 400 1247 de
420 1215 673 1257 Aquapendenle,
694 1215 736 1245 ad
758 1215 911 1255 prefatam
929 1216 1207 1246 ιῙωίνεοίἰηιὶίαηαηῑ

194 1271 351 1301 ecclesiam
372 1269 462 1310 pleno
478 1270 554 1309 jure
575 1269 750 1309 spectantiS,
777 1268 893 1298 ordinis
913 1270 1010 1298 sancti
1027 1270 1205 1308 Auquslini,

195 1325 350 1365 capellano
368 1329 483 1353 nostro.
498 1323 696 1353 Honestatis
715 1321 827 1353 debito
844 1322 1018 1359 suadente,
1034 1323 1205 1354 venerabi-

194 1378 261 1409 lem
275 1379 493 1416 sanctamque
507 1376 821 1407 Jerosolimitanam
843 1376 1033 1413 ecclesiam,
1053 1377 1092 1407 de
1109 1378 1205 1416 cujus

194 1431 358 1471 regimine
375 1430 417 1460 ad
432 1429 615 1469 apostolice
630 1429 806 1468 dignitatis
818 1429 960 1467 apicem,
976 1429 1089 1460 divine
1106 1430 1205 1461 mise-

195 1484 337 1515 rationis
353 1482 566 1522 providentia
580 1491 642 1512 nos
660 1482 802 1518 vocavit,
817 1491 858 1512 ex
872 1482 992 1513 intimo
1013 1483 1204 1522 diligentes,

195 1537 374 1567 universos
390 1535 572 1574 prioratus,
589 1535 762 1571 ecclesias
778 1535 908 1569 domos,
927 1536 1160 1575 preposituras
1174 1539 1206 1568 et

194 1590 261 1621 alia
279 1590 353 1620 loca
370 1589 479 1619 eidem
497 1587 648 1627 subjecta
670 1588 823 1624 ecclesie,
843 1588 885 1618 ad
905 1588 1048 1619 dilectos
1066 1589 1156 1620 filios
1175 1615 1181 1621 .
1197 1614 1204 1619 .

194 1643 354 1683 priorem,
372 1643 404 1672 et
432 1641 615 1680 capitulum
640 1641 749 1679 ipsius
771 1641 924 1678 ecclesie,
945 1642 1075 1673 ordinis
1098 1644 1205 1674 sancti

193 1695 389 1735 Augustini,
405 1694 603 1733 spectantia,
622 1695 691 1723 tam
708 1693 742 1723 in
762 1695 1002 1725 transmarinis
1026 1704 1126 1734 quam
1146 1696 1206 1726 cis-

193 1748 336 1779 marinis
359 1746 514 1787 partibus
536 1747 729 1782 constituta,
755 1748 786 1777 et
805 1755 967 1786 personas
989 1748 1141 1787 ipsorum
1164 1749 1205 1779 ab

195 1802 286 1832 omni
301 1801 552 1840 jurisdictione,
572 1799 780 1839 subjectione
799 1809 836 1830 ac
854 1800 1004 1831 dominio
1023 1802 1205 1841 archiepis-

193 1862 353 1893 coporum
368 1854 400 1883 et
414 1852 662 1891 episcoporum,
677 1852 990 1883 archidiaconorum
1003 1856 1035 1884 et
1047 1863 1203 1893 quorum-

194 1907 277 1938 libet
298 1907 445 1937 aliorum
472 1905 721 1936 ordinariorum
747 1907 778 1936 et
804 1906 1025 1937 ecclesiarum
1052 1907 1205 1946 ipsorum

192 1960 340 2004 penitus,
357 1968 418 1999 per
437 1961 572 1990 nostras
589 1959 785 1994 litteras‚de
801 1959 909 1997 gratia
925 1960 1116 1991 exemimus
1131 1970 1206 2001 spe-

193 2013 283 2049 ciali,
304 2013 352 2043 ita
369 2012 459 2052 quod
474 2013 657 2051 prioratus,
671 2012 803 2049 domus,
820 2012 972 2049 ecclesie,
990 2014 1205 2052 prepositure

193 2068 224 2097 et
240 2067 313 2097 loca
326 2066 487 2106 predicta,
503 2074 579 2096 cum
592 2066 748 2104 personis
762 2065 927 2104 ipsorum,
942 2067 1094 2097 Romano
1111 2068 1206 2098 dum-

192 2121 287 2150 taxat
306 2119 459 2159 pontifici
477 2120 509 2150 et
533 2119 722 2158 patriarche
746 2119 1038 2156 Jerosolimitano,
1063 2121 1121 2160 qui
1144 2130 1205 2160 pro

192 2174 344 2212 tempore
360 2172 474 2209 fuerit,
503 2181 540 2203 ac
559 2173 661 2203 etiam
687 2172 774 2211 ipsis
798 2173 905 2211 priori
927 2175 959 2204 et
983 2173 1130 2212 capitulo
1146 2183 1205 2214 per

193 2227 308 2257 omnia
330 2227 398 2256 sint
415 2225 577 2265 subjecta,
591 2227 623 2256 et
641 2225 899 2265 archiepiscopi,
915 2227 1077 2266 episcopi,
1100 2228 1206 2258 archi-

193 2279 325 2310 diaconi
348 2281 380 2310 et
400 2279 564 2309 ordinarii
581 2279 724 2318 predicti
743 2288 920 2310 censuram
938 2280 1204 2312 ecclesiasticam

193 2341 254 2363 seu
273 2331 547 2371 jurisdictionem
575 2331 726 2370 aliquam
748 2331 782 2362 in
799 2331 1018 2371 prioratibus,
1038 2333 1204 2370 ecclesiis,

193 2384 362 2419 domibus,
374 2383 612 2423 preposituris‚
626 2383 710 2415 locis
725 2385 757 2415 et
769 2385 926 2424 personis
938 2386 1101 2425 predictis
1110 2396 1204 2418 exer-

195 2446 270 2469 cere
282 2446 348 2468 non
357 2438 503 2476 possint.
517 2437 675 2468 Ceterum
685 2439 1057 2475 excommunicationis,
1066 2449 1206 2479 suspen—

194 2491 301 2522 sionis
309 2493 340 2522 et
349 2490 522 2521 interdicti
535 2490 733 2527 sententias,
748 2491 778 2521 si
787 2500 871 2530 quas
884 2494 1000 2524 contra
1010 2493 1205 2532 hujusmodi

194 2544 421 2584 exemptionis
438 2545 602 2581 tenorem,
620 2545 799 2583 postquam
820 2545 1015 2585 hujusmodi
1032 2548 1204 2587 exemptio

195 2599 235 2631 ad
253 2598 462 2638 prelatorum
482 2599 515 2628 et
536 2597 785 2628 ordinariorum
804 2599 961 2630 notitiam
979 2601 1204 2639 pervenisset,

193 2651 404 2692 promulgari
421 2650 611 2690 contigerit,
641 2650 757 2682 irritas
782 2651 994 2684 decrevimus
1016 2655 1048 2684 et
1073 2654 1203 2685 inanes.

195 2706 288 2736 Licet
312 2705 417 2744 igitur
443 2712 502 2743 per
525 2703 720 2743 hujusmodi
745 2706 936 2744 generalem
956 2708 1205 2746 exemptionem

195 2757 336 2788 ecclesie
362 2759 430 2794 tue,
452 2759 568 2796 utpote
593 2757 746 2788 membro
771 2758 857 2790 dicte
888 2760 1029 2791 ecclesie
1051 2761 1205 2799 speciali,

196 2811 234 2841 de
263 2810 362 2849 plena
387 2810 555 2848 libertate,
578 2811 666 2841 sicut
686 2812 718 2842 et
745 2812 866 2842 ceteris
887 2812 1037 2852 ejusdem
1063 2814 1205 2845 ecclesie

2213 134 2273 162 419

1234 227 1235 234 κ
1265 209 1439 242 membris,
1471 209 1644 247 provisum
1661 218 1735 239 esse
1760 213 1928 246 noscatur,
1953 213 2074 248 tamen,
2101 214 2177 251 quia
2196 215 2272 252 plus

1263 262 1406 292 delectat
1431 265 1462 291 ct
1486 262 1592 300 placet
1621 263 1710 301 quod
1737 263 1932 301 specialiter
1958 266 2150 295 conceditur
2173 276 2273 304 quam

1264 315 1351 354 quod
1365 316 1567 353 generaliter
1581 316 1783 355 indulgetur,
1799 326 1870 350 nos„
1888 318 1954 347 tuis
1969 319 2273 357 supplicationibus

1264 368 1428 401 inclinati,
1454 369 1702 407 exe1111·›tione1n
1726 370 1918 409 hujusnmdi
1943 372 1982 401 ad
2003 374 2032 400 tc
2054 374 2083 401 et
2108 374 2183 401 tuos
2202 382 2274 402 suc—

1264 429 1417 450 cessores
1437 423 1595 460 tuamque
1625 423 1803 452 ecclesiam
1829 425 2056 461 supradictam
2085 434 2210 455 necnon
2233 426 2273 455 ad

1265 481 1382 502 omncs
1398 474 1571 508 ecclesias,
1586 475 1702 505 <lomus
1716 478 1745 505 et
1761 476 1831 505 loca
1847 477 1957 507 eidem
1969 477 2117 516 subjecta
2133 479 2273 509 ecclesie

1265 526 1459 564 specialiter
1478 528 1709 563 extendentes,
1727 531 1843 559 tenore
1861 531 2069 568 presentium
2086 531 2274 561 districtius

1234 597 1235 603 κ
1264 579 1457 609 inhibemus
1483 589 1521 610 ne
1543 581 1620 619 quis
1647 581 1932 620 arrhiepiscopus,
1957 584 2147 622 episcopus,
2172 585 2274 614 archi-

238 654 252 673 «
270 644 407 684 Officiali
419 644 567 674 Hemensi.
583 643 713 674 Dilecta
727 643 759 672 in
773 642 907 673 Christo
919 660 968 670 -.
983 643 1106 672 Datum
1120 641 1207 679 apud
1234 658 1235 665 κ
1389 686 1392 688 -

1234 710 1235 719 ³
1264 686 1348 715 toris
1365 687 1515 724 ejusdem
1534 687 1675 718 ecclesie
1695 690 1726 718 et
1744 688 1972 719 membrorum
1999 691 2039 720 :111
2058 691 2165 729 ipsam
2183 700 2275 729 spec—

1234 759 1235 767 ,
1264 739 1422 775 tantium,
1438 740 1714 778 jurisdictionem
1733 741 1880 780 aliquam
1898 742 1963 772 sibi
1981 752 2142 782 usurpare
2159 753 2276 782 presu-

1234 815 1235 824 ,
1264 794 1343 827 mat‚
1361 792 1420 822 sed
1437 793 1529 831 prior
1553 794 1692 824 ecclesie
1717 795 1909 833 supradicte
1928 796 1959 825 in
1982 796 2096 826 eadem
2118 797 2273 834 ecclesia,

1264 632 1427 662 diaconus
1445 635 1499 663 aut
1519 634 1606 663 alius
1624 635 1819 665 ordinarius
1836 636 1923 665 circa
1941 636 2186 667 institutit-nem
2206 646 2271 667 rec-

1264 854 1339 875 cuui
1373 847 1553 883 vacaverit,
1580 849 1744 878 rectorem
1768 857 1828 878 seu
1857 852 2087 888 preceptorem
2106 850 2272 886 instituat,

1264 901 1363 937 prout
1381 899 1414 928 in
1436 899 1515 930 aliis
1533 899 1617 930 locis
1639 901 1779 932 ecclesie
1797 910 1856 932 sue
1872 902 2033 941 subjectis
2052 903 2123 934 fieri
2138 913 2275 935 consue-

1263 952 1325 982 vit.
1344 953 1437 982 Nulli
1455 962 1533 992 ergo
1552 955 1613 984 etc.
1635 956 1747 985 nostre
1767 956 1993 994 exemptionis
2012 956 2195 996 infringere
2212 960 2272 988 etc.

1264 1006 1389 1036 Datum
1417 1007 1505 1045 apud
1526 1007 1813 1044 Urbemveterem,
1839 1019 1860 1038 11
1886 1009 1961 1039 idus
1985 1009 2159 1045 februarii,
2188 1019 2274 1042 anno

1264 1059 1376 1089 tertio.
1398 1070 1411 1087 ›)

1355 1225 1450 1255 2137

1838 1225 1962 1256 Orvieto,
1982 1226 2013 1253 18
2031 1234 2109 1253 mars
2125 1226 2202 1254 1264.

1301 1308 1392 1334 Priori
1411 1317 1434 1334 s.
1455 1309 1572 1336 Antonii
1590 1309 1741 1337 Tholosani
1756 1310 1874 1337 mandat
1896 1313 1936 1344 ut,
1953 1311 2069 1337 obtentu
2087 1311 2183 1338 fratris
2199 1312 2275 1338 Ron-

1263 1357 1360 1384 ccllini
1387 1358 1422 1383 de
1440 1358 1504 1391 Fos,
1522 1358 1655 1393 magistri
1681 1359 1832 1385 domorum
1850 1360 1958 1386 ordinis
1981 1360 2098 1387 Militiae
2117 1361 2226 1396 Templi
2245 1361 2274 1388 in

1263 1405 1427 1439 Provincia,
1449 1414 1560 1433 necnon
1585 1410 1611 1434 ct
1640 1407 1738 1435 fratris
1759 1408 1896 1440 Gaut'ridi‚
1921 1409 2088 1436 marescalci
2111 1410 2272 1444 apostolici,

1264 1454 1392 1489 ejusdem
1419 1455 1539 1486 ordinis,
1570 1456 1754 1483 ttuillelmum
1779 1458 1813 1483 de
1842 1457 1952 1489 Pereto,
1969 1458 2106 1485 clericum
2137 1459 2273 1493 praedicti

1263 1504 1436 1535 Roncellini,
1458 1504 1487 1530 in
1503 1505 1623 1532 ecclesia
1645 1515 1668 1532 s.
1687 1506 1801 1532 Genesii
1815 1506 1986 1533 Lodovensis
2001 1507 2027 1533 in
2046 1507 2215 1534 canonicum
2230 1516 2273 1535 re—

1262 1552 1318 1587 cipi
1337 1552 1433 1580 saciat.
1455 1554 1533 1588 (Rae.
1553 1555 1598 1587 29,
1619 1553 1668 1581 fol.
1686 1555 1738 1582 296
1757 1559 1798 1589 νῦ,
1813 1561 1843 1581 n‘²
1861 1555 1952 1590 1539.)

1304 1670 1319 1688 «
1342 1683 1347 1689 .
1368 1660 1495 1700 .priore'
1516 1671 1539 1689 s.
1564 1661 1692 1691 Antonii
1715 1661 1890 1698 leolosani,
1909 1662 2118 1692 Clzmiczccnsis
2142 1663 2270 1694 ordinis.

1262 1713 1393 1743 Dilecto
1422 1713 1492 1743 filio
1520 1713 1705 1745 Guillelmo
1732 1732 1781 1759 -3
1800 1716 1924 1746 Datum
1951 1716 2039 1755 apud
2056 1716 2272 1748 Urbemvete-

1264 1775 1347 1802 rem,
1365 1776 1409 1796 xv
1430 1767 1593 1797 kalendas
1611 1768 1741 1806 aprilis,
1763 1777 1849 1798 anno
1864 1769 1975 1799 tertio.
1997 1779 2012 1798 »

1354 1935 1452 1965 2488

1835 1935 1960 1967 Orvieto,
1978 1937 2010 1963 v17
2028 1944 2105 1963 mars
2124 1938 2200 1964 1264.

1299 2016 1521 2052 Archiepiscopo
1547 2018 1682 2045 Januensi
1707 2019 1825 2046 mandat
1853 2023 1882 2046 ut
1905 2020 2076 2055 Johanncm,
2101 2023 2272 2050 canonicum

1264 2067 1402 2093 ecclesiae
1428 2075 1450 2092 s⁴
1472 2067 1584 2102 Georgii
1611 2068 1827 2102 presbyterum,
1856 2069 2035 2104 capellanum
2052 2071 2096 2104 0.,
2115 2080 2138 2098 s.
2156 2072 2273 2099 Adriani

1262 2115 1376 2142 diaconi
1391 2115 1558 2147 cardinalis,
1578 2117 1606 2143 in
1624 2118 1836 2151 possessionem
1854 2118 1978 2153 capellae
1995 2128 2018 2146 s.
2032 2119 2141 2147 Nicolai
2161 2122 2194 2148 de
2208 2122 2274 2149 Vul-

1263 2165 1331 2195 turi,
1355 2166 1508 2192 Januensis
1534 2166 1669 2198 diocesis,
1691 2167 1799 2197 mittat,
1825 2170 1923 2194 amoto
1940 2168 1975 2194 ab
2001 2176 2033 2195 ea
2049 2169 2162 2201 oberto,
2181 2170 2272 2198 archi·

1262 2214 1429 2249 presbytero
1458 2214 1552 2249 plebis
1577 2223 1602 2242 s.
1620 2215 1725 2246 Quirici
1749 2216 1782 2242 de
1808 2216 1906 2251 Legio,
1930 2217 2112 2245 Placentinae
2139 2219 2270 2251 diocesis,

1264 2262 1365 2290 illicito
1380 2264 1543 2290 detentore.
1562 2264 1638 2298 (Rae.
1654 2264 1698 2295 29,
1715 2264 1764 2291 sol.
1781 2265 1832 2292 296
1850 2270 1887 2299 ν’,
1905 2270 1936 2292 n⁰
1954 2266 2043 2299 isto.)

1303 2378 1318 2397 ((
1336 2368 1582 2408 ΑνοΙιὶερὶεσορο
1611 2368 1769 2400 Januensz'.
1791 2369 2006 2408 Significante
2024 2370 2122 2401 nobis
2150 2371 2271 2402 dilecto

1262 2439 1311 2451 —.
1332 2422 1458 2452 Datum
1478 2421 1566 2460 apud
1581 2421 1866 2458 Urbemveterem‚
1886 2432 1941 2452 xw
1961 2423 2124 2454 kalendas
2141 2424 2271 2463 aprilis,

1264 2483 1351 2505 anno
1368 2475 1476 2506 tertio.
1496 2484 1513 2504 »

1354 2640 1452 2670 2439
1831 2638 1954 2671 Orviet0‚
1974 2640 2018 2667 1⁰¹¹
2034 2640 2106 2668 avril
2124 2642 2200 2670 1264.

1300 2722 1457 2768 Scolastico
1476 2722 1617 2750 ecclcsiae
1634 2732 1656 2750 s.
1679 2722 1831 2750 willehadi
1849 2724 2018 2751 Brcanensis
2046 2727 2164 2754 mandat
2181 2730 2211 2754 ut
2230 2728 2274 2755 Jo-

1264 2770 1351 2797 hanni
1372 2771 1405 2798 de
1427 2771 1619 2806 Offembruge‚
1635 2771 1752 2806 pauperi
1766 2772 1881 2804 clerico,
1896 2773 2043 2807 provideat
2063 2774 2098 2801 de
2113 2774 2209 2810 aliquo
2229 2784 2273 2803 cc-

1265 2819 1430 2847 clesiastico
1448 2820 1629 2847 beneficioad
1644 2820 1905 2855 praesentationem
1925 2821 2035 2849 abbatis
2056 2823 2090 2850 de
2108 2823 2213 2860 Yburg,
2229 2833 2274 2852 or-
