2519 3262
207 238 247 268 42
960 236 988 266 R
995 235 1202 266 EGtsTREs

208 325 307 355 111111111
326 326 358 355 et
391 325 561 363 cappellas
577 326 756 363 occupatos
774 323 919 355 tenebat,
943 325 1078 361 propter
1096 322 1154 351 hoc
1174 322 1215 351 ad

208 386 303 408 suain
335 379 538 416 presentiam
567 377 728 412 evocavit,
759 385 824 415 quo
849 385 914 406 non
944 379 1081 405 curante
1103 384 1215 405 coram

209 431 281 469 ipso
308 431 559 469 archiepiscopo
581 430 613 459 in
635 431 760 468 prolixo
780 429 844 458 sibi
865 428 1007 459 termino
1030 429 1216 466 perempto-
1245 429 1247 450 ἵ

207 484 257 514 rio
274 494 333 523 per
351 493 386 514 se
404 484 454 514 vel
474 492 533 522 per
553 484 657 513 alium
676 491 881 521 comparere.
905 482 1015 511 (lictus
1033 481 1215 520 archiepis·
1244 474 1247 503 ἶ

206 546 320 576 copus,
341 546 414 567 cum
432 537 495 567 sibi
523 537 562 566 de
584 536 762 565 collatione
780 535 973 573 hujusmodi
992 534 1053 565 tibi
1074 535 1158 564 tacta
1175 535 1215 564 de
1244 530 1246 554 1

206 590 488 625 archidiaconatu,
507 589 647 619 ecclesia
668 589 707 618 de
727 587 894 618 Farnham
911 589 941 617 et
961 587 1125 626 cappellis
1146 595 1216 626 pre-
1243 557 1246 607 i

206 644 305 674 dictis
330 652 388 682 per
414 643 556 673 eundem
587 641 782 679 episcopum
815 641 963 679 legitime
996 641 1163 670 constaret
1184 641 1215 670 et.
1244 616 1245 707 ἱ

206 696 470 734 intrusioipsius
490 694 629 725 Oiiverii
651 694 683 723 in
703 694 772 723 illis
790 693 944 732 partibus
964 696 1051 723 esset
1071 693 1213 727 notoria,
1244 711 1245 714 =

205 750 327 780 dilecto
349 749 447 778 tilio..
478 747 613 777 officiali
640 747 888 779 cantuariensi,
918 747 1086 776 mamlavit
1119 749 1153 776 ut
1183 748 1214 776 te
1244 738 1245 774 Ῐ

204 803 255 833 vel
281 803 530 841 procuratorem
547 802 655 833 tuum.
674 800 809 829 nomine
827 801 894 836 tuo,
914 800 946 829 in
968 800 1118 838 ipsorum
1142 808 1215 838 pos—

203 856 389 886 sessionem
406 854 577 884 induceret
588 855 779 883 ettueretur
797 853 983 883 inductum.
995 853 1112 889 Porro,
1125 853 1214 882 dicto

204 909 352 940 Oliverio
381 908 516 938 eosdem
540 907 861 941 archidiaconatum,
881 907 1058 937 ecclesiam
1077 907 1116 936 de
1136 907 1214 936 Far-

203 962 302 992 nham
323 964 352 992 et
374 961 544 1000 cappellus
567 959 671 990 libere
688 960 892 995 dimittente,
911 960 999 989 idem
1010 959 1168 990 officialis
1183 961 1213 989 te

202 1015 314 1049 verbo,
332 1017 431 1054 prout
446 1013 565 1053 potuit,
586 1013 619 1043 in
637 1013 773 1043 illorum
789 1013 1043 1051 possessionem
1061 1013 1212 1048 reduxit}

204 1077 347 1108 quorum
373 1067 581 1106 corporalem
605 1066 857 1105 possessionem
876 1068 1012 1104 propter
1028 1066 1213 1104 potentiam

203 1123 234 1152 et
260 1121 489 1151 resistentiam
522 1119 728 1149 venerabilis
756 1119 870 1149 fratris
898 1118 1006 1149 nostri
1028 1144 1033 1149 .
1055 1144 1060 1148 .
1080 1119 1214 1149 XYinto-

202 1174 331 1205 niensis
344 1173 504 1212 episcopi,
522 1172 680 1203 rehabere
698 1172 838 1202 minime
855 1172 1008 1210 potuisti.
1028 1172 1104 1210 Ipse
1124 1180 1214 1202 nani—

201 1237 276 1267 que,
297 1227 336 1257 ad
364 1235 464 1265 quem
498 1226 634 1256 collatio
662 1225 889 1263 predictorum
908 1224 1210 1259 archidiaconatus,

201 1281 340 1312 ecclesie
353 1282 384 1310 et
402 1279 642 1318 cappellarum,
659 1287 733 1308 cum
752 1287 809 1308 eos
820 1287 936 1308 vacare
949 1278 1123 1317 contingit,
1142 1287 1214 1317 per-

200 1335 295 1370 tinet,
309 1342 372 1363 non
385 1333 542 1372 ignorans
559 1334 647 1371 quod
663 1334 698 1362 tu
711 1340 780 1366 eos,
792 1340 866 1361 cuin
885 1332 917 1361 id
935 1331 1212 1370 inillispartibus

201 1390 290 1418 esset
313 1387 493 1422 notorium,
513 1386 625 1416 fueras
644 1385 801 1415 canonice
818 1387 995 1415 assecutus
1015 1387 1045 1415 et
1063 1385 1212 1423 aliquan·
1241 1411 1242 1416 ,

199 1438 1211 1479 (11111105391101ηώ11110111000111111619,111οε01118151101111·1·;11“110
1241 1422 1242 1467 i

199 1494 239 1524 de
259 1494 539 1528 Saiicto-Got·ono,
560 1492 756 1530 cappellano
775 1493 901 1527 nostro,
921 1491 1119 1521 auctoritate
1139 1500 1212 1529 pro-

198 1547 273 1586 pria
298 1547 337 1577 de
356 1546 442 1576 facto
463 1545 603 1575 contulit
624 1554 682 1583 pro
699 1554 758 1574 sue
777 1544 873 1574 libito
891 1544 1087 1574 voluntatis.
1108 1544 1212 1583 Prop-
1240 1531 1241 1547 ¹

197 1602 247 1630 ter
270 1599 369 1638 quod,
386 1598 555 1637 quamcito
585 1598 615 1627 id
635 1597 677 1627 ad
702 1599 792 1627 tuam
811 1597 962 1635 pervenit
982 1597 1149 1633 notitiam,
1170 1597 1210 1626 ad

199 1653 313 1682 sedem
330 1651 550 1690 apostolicam
567 1650 758 1688 appellasti,
776 1649 874 1679 nohis
887 1649 1063 1679 humiliter
1081 1649 1209 1688 suppli-
1240 1640 1242 1681 ἶ

198 1714 277 1736 cans
296 1706 332 1735 ut
359 1704 551 1743 hujusmodi
571 1703 785 1733 collationem
808 1702 928 1732 tactam
949 1702 988 1732 de
1005 1702 1210 1732 arehidiaco·
1240 1696 1241 1725 1

198 1758 443 1794 natu,ecclesia
460 1758 499 1787 de
520 1757 685 1787 Farnham
703 1758 733 1786 et
750 1756 914 1794 cappellis
926 1756 1087 1794 predictis
1100 1756 1210 1786 eidem
1239 1735 1241 1777 4

198 1811 360 1851 magistro
390 1810 547 1840 lliccardo
578 1819 637 1848 per
669 1809 823 1839 eumdem
841 1809 1049 1847 episcopum.
1079 1809 1210 1839 nuntia-

198 1873 312 1894 remus
332 1864 461 1894 irritam
477 1865 508 1893 et
526 1863 656 1892 inanem
674 1871 709 1891 ae
728 1862 789 1892 tibi
810 1862 945 1891 eosdem
962 1862 1210 1891 archidiacone<
1238 1836 1240 1908 i

198 1919 282 1952 tum,
306 1917 483 1947 ecclesiam
512 1918 543 1946 et
564 1915 735 1954 cappellus
765 1924 838 1944 (ann
856 1914 1020 1945 fructibus
1042 1915 1209 1953 perceptis

199 1971 230 2000 et
248 1970 304 2009 qui
323 1969 448 2008 percipi
463 1971 653 2007 potuerunt,
671 1968 802 1998 restitui
824 1968 1019 1997 faceremus.
1041 1968 1131 1997 Licet
1153 1977 1208 1997 au-

1243 891 1245 919 1

197 2025 265 2054 tem
283 2023 453 2061 predictus
474 2022 633 2060 magister
651 2021 835 2052 Bit-cardus
850 2030 960 2050 corani
980 2021 1077 2050 nobis
1100 2023 1129 2050 et
1146 2021 1209 2051 eis-

198 2077 273 2107 denl
294 2075 456 2106 fratribus
481 2075 694 2105 collationem
719 2074 779 2104 tibi
809 2074 929 2104 factam
950 2074 989 2103 de
1007 2074 1209 2104 archidiaro⁴

198 2131 289 2165 natu,
305 2129 447 2159 ecelesia
465 2131 496 2158 et
513 2128 675 2166 cappellis
694 2127 854 2166 predictis
870 2136 928 2165 per
949 2127 1104 2157 eumdem
1124 2127 1207 2157 Mle<

197 2191 329 2213 marum
354 2182 548 2220 episcopum
578 2181 753 2211 confessus
786 2180 885 2210 fuerit
916 2183 947 2210 ct
970 2183 1001 2210 te
1026 2180 1207 2219 aliquando

197 2236 303 2266 fuisse
324 2236 358 2265 in
378 2235 592 2274 possessione
612 2234 760 2269 illorum,
782 2235 913 2272 negavit
931 2237 1041 2264 tamen
1068 2236 1097 2264 te
1115 2235 1208 2272 ipsos

195 2289 333 2328 pacifice
362 2288 568 2327 possedisse,
597 2296 752 2318 asserens
782 2287 967 2325 predictam
992 2287 1207 2318 collationem

195 2341 257 2373 tibi
278 2342 398 2372 factam
416 2341 455 2371 de
473 2341 543 2371 illis
560 2349 625 2370 non
637 2342 748 2370 tenere
766 2348 826 2378 pro
838 2349 876 2370 eo
895 2340 984 2379 quod
1003 2340 1207 2370 venerabilis

196 2395 299 2425 frater
332 2396 445 2424 noster
474 2394 675 2429 NValterius,
695 2393 899 2423 Exoniensis
923 2393 1114 2432 episeopus,
1148 2394 1205 2432 qui

196 2449 332 2478 eosdem
351 2447 670 2483 archidiaconatum,
697 2446 873 2477 ecclesiam
887 2448 917 2476 ct
935 2446 1106 2485 cappellus
1122 2446 1205 2477 obti-

196 2501 295 2531 nebat
312 2503 387 2531 ante
416 2501 601 2539 predictam
617 2499 832 2530 collationem
850 2499 909 2529 tibi
929 2499 1048 2530 factam
1064 2499 1103 2529 de
1122 2499 1203 2536 illis,

196 2554 261 2584 sibi
281 2553 321 2583 ab
349 2554 464 2583 eadem
483 2554 560 2583 sede
577 2552 769 2583 obtinuerat
787 2552 955 2591 indulgeri
973 2554 1009 2582 ut
1027 2552 1056 2582 si
1071 2562 1146 2582 euni
1165 2553 1205 2583 ad

195 2607 295 2637 aliani
309 2607 507 2645 dignitatem
525 2606 655 2636 evocari
669 2606 889 2643 contingeret,
910 2607 1023 2644 posset
1043 2605 1205 2636 beneficia

195 2668 257 2689 sua
273 2668 336 2698 que
353 2661 430 2689 tunc
451 2659 604 2694 habebat,
624 2659 714 2689 licite
736 2659 891 2692 retinere,
910 2667 969 2688 nec
987 2662 1125 2697 possent
1144 2659 1203 2689 ali-

194 2713 247 2743 cui
266 2713 449 2751 apostolica
460 2713 511 2742 vel
530 2713 595 2742 alia
608 2721 818 2751 quacumque
831 2712 1029 2742 auctoritate
1040 2712 1201 2747 conferri,-

194 2767 330 2804 propter
353 2766 440 2804 quod
469 2765 528 2795 tibi
557 2765 696 2795 [111-1111111
725 2765 794 2794 illis
818 2765 954 2795 collatio
972 2773 1036 2795 11011
1059 2765 1200 2796 valebat.

194 2818 325 2857 Adjeeu,
355 2819 455 2848 etiam
483 2818 571 2847 idem
603 2818 762 2856 magister
780 2817 965 2848 Riccardus
981 2817 1069 2856 quod
1092 2818 1203 2848 dictus

194 2871 398 2901 Exoniensis
424 2871 601 2909 episcopus
636 2870 803 2909 predictos
835 2870 1140 2901 arobidiaconatmn
1170 2872 1201 2901 et

193 2924 369 2955 ecclesi-ani
387 2923 491 2953 libere
508 2924 721 2962 postmodum
738 2923 933 2961 resignavit,
946 2923 986 2953 ad
1002 2932 1098 2962 qnos.
1119 2926 1200 2953 111111-

1234 235 1449 266 D'URBAIN
1480 235 1536 265 IV.

1277 331 1376 361 quam
1393 323 1433 352 ad
1451 324 1619 353 vacantes.
1631 322 1831 352 carissimus
1846 323 1879 352 in
1888 323 2022 354 Christo
2039 324 2130 355 filius
2141 328 2256 356 noster
2268 350 2288 356 ..

1278 375 1424 405 illustris
1451 384 1507 405 rex
1534 375 1664 413 Anglie,
1691 375 1878 414 predictum
1899 376 2085 407 Oliverium
2103 378 2287 409 venerabili

1278 428 1370 458 fratri
1384 431 1524 459 nostro..
1537 428 1773 459 Cantuariensi
1789 429 2053 468 archiepiscopo,
2069 432 2288 468 presentavit,

1277 490 1375 520 quem
1401 482 1511 512 dictus
1537 481 1810 520 archiepismpus
1839 482 1985 512 instituit
2011 483 2042 513 111
2072 484 2217 519 eisclemg
2235 485 2291 515 de-

1277 543 1368 564 mum
1383 536 1494 564 autem
1512 535 1628 565 eodem
1639 535 1786 566 Oliverio
1798 535 1966 573 predictos
1981 535 2290 568 archidiaconatum

1276 589 1307 617 et
1327 587 1503 617 ecclesian]
1525 588 1725 626 resignante,
1741 588 1881 620 idem-l..
1896 588 2148 618 wintoniensis
2160 590 2291 628 episco-

1276 649 1350 679 pus,
1371 642 1468 679 prout
1486 640 1526 670 ad
1542 649 1618 670 eum
1643 641 1825 679 spectabat.
1849 641 1926 670 illos
1943 642 2103 680 magistro
2122 642 2286 673 Riccardo

1276 693 1417 723 eontulit
1436 693 1640 731 susuudirto.

1316 746 1364 776 Ex
1384 746 1448 776 hiis
1473 748 1584 775 autem
1602 755 1660 784 pro
1677 749 1769 784 parte
1791 749 1847 776 tua
1865 750 1979 776 contra
2004 748 2147 777 eundern
2166 748 2291 787 magis—

1276 801 1363 829 trum
1396 799 1436 829 R.
1467 799 1670 837 arguebatur
1705 802 1817 837 aperte
1848 800 1949 838 quod,
1979 801 2079 830 etiarn
2116 801 2142 830 si
2172 809 2289 831 verum

1244 847 1245 857 ¹
1275 855 1364 882 esset
1393 852 1476 882 illud
1494 853 1583 891 quod
1606 853 1677 890 ipse
1699 852 1738 882 ‹le
1769 852 1977 891 indulgentia
2003 853 2197 891 hujusmodi
2217 863 2290 893 pre-

1275 906 1363 935 dicto
1388 905 1571 936 Exoniensi
1601 905 1760 943 episcopo
1793 914 1964 939 cameos-sa,
1984 915 2048 944 que
2064 909 2175 937 tamen
2193 915 2290 937 num-

1275 967 1374 997 quam
1395 958 1458 988 t'uit
1478 967 1591 988 coram
1609 958 1707 988 nobis
1725 957 1887 994 exhibita,
1906 959 2125 997 proponebat,
2153 960 2225 998 ipse
2241 961 2289 990 ta-

1243 1011 1245 1032 ῐ
1274 1020 1363 1048 nien,
1383 1012 1568 1042 secundum
1586 1019 1645 1041 sue
1660 1011 1861 1041 assertionis
1877 1011 2012 1045 seriem,
2024 1012 2217 1051 nullumJus
2234 1013 2290 1043 ha-

1274 1065 1373 1096 behat
1407 1065 1438 1094 in
1457 1065 1730 1095 archidiaconatu
1763 1066 1795 1094 et
1817 1065 1959 1094 ecclesia
1981 1065 2203 1103 supradictis,
2222 1074 2290 1096 res-

1274 1118 1391 1157 pondit
1401 1118 1490 1147 enim
1507 1118 1734 1156 interrogatus
1747 1126 1764 1146 a
1782 1117 1989 1156 nobisquod,
2008 1127 2046 1148 eo
2062 1120 2288 1157 temporeque

1274 1180 1333 1210 per
1350 1171 1612 1210 resignationem
1640 1171 1750 1209 ipsius
1772 1171 1976 1200 Exoniensis
1997 1172 2161 1210 episcopi,
2180 1172 2289 1202 dictos

1274 1225 1581 1255 archidiaconatum
1597 1226 1627 1253 et
1646 1224 1823 1253 ecclesiam
1842 1224 2016 1254 vacavisse.
2027 1224 2290 1259 dicebat,adhuc

1274 1277 1407 1307 vivebat
1435 1279 1643 1307 memoratus
1674 1276 1854 1315 episcopus
1885 1277 2087 1311 Ademarus,
2109 1286 2168 1316 per
2199 1278 2289 1317 quod

1273 1331 1446 1361 evidenter
1471 1332 1608 1368 apparet
1636 1330 1724 1368 quod
1754 1330 1927 1367 predictus
1954 1339 2025 1364 rex,
2046 1330 2123 1360 licet
2151 1331 2193 1361 ad
2211 1340 2289 1361 eum

1273 1384 1480 1422 presentatio
1507 1383 1745 1413 benefic-ituaim
1768 1383 1808 1412 ad
1830 1383 2044 1413 collationem
2066 1384 2137 1413 sive
2155 1392 2289 1422 presen-

1271 1437 1433 1467 tationem
1474 1436 1624 1475 episcopi
1660 1436 1912 1465 XVintoniens-is
1936 1437 2174 1475 spectantium,
2209 1437 2289 1468 sede

1240 1498 1241 1509 ¹
1275 1490 1504 1520 NVintoniensi
1536 1491 1682 1524 vacante,
1706 1489 1873 1527 pertinere
1903 1489 2046 1523 dicatur,
2065 1490 2152 1520 dicto
2174 1492 2288 1521 tamen

1271 1543 1439 1573 Ademaro
1468 1542 1699 1573 XVintoniensi
1724 1542 1883 1580 episcopo
1902 1543 2098 1581 superstite,
2116 1543 2156 1572 ad
2184 1543 2290 1573 archi-

1271 1596 1485 1626 diaconatum
1502 1598 1532 1625 et
1551 1595 1731 1626 ecclesiam
1748 1595 1919 1634 predictos
1931 1604 2136 1634 quemquam
2153 1605 2290 1636 presen-

1270 1651 1341 1679 tare
1361 1658 1424 1679 non
1451 1649 1572 1687 potuit,
1592 1658 1666 1678 cum
1687 1648 1784 1678 sedes
1810 1649 1926 1678 eadem
1943 1657 2008 1679 11011
2025 1652 2170 1686 vacaret,
2189 1651 2221 1680 et
2239 1650 2288 1681 sic

1271 1703 1441 1733 institutio
1456 1703 1560 1732 11111110
1576 1702 1721 1732 intrusio
1737 1702 1851 1740 potius
1870 1702 1956 1732 facta
1971 1702 2012 1733 de
2029 1703 2118 1732 dicto
2136 1702 2287 1734 Oliverio

1270 1756 1305 1786 in
1332 1756 1605 1786 archidiaconatu
1632 1757 1663 1785 et
1692 1755 1835 1785 ecclesia
1869 1755 2031 1794 predictis
2054 1764 2112 1794 per
2142 1757 2287 1787 eundem

1239 1814 1241 1820 '
1269 1809 1573 1847 archiepiscopum,
1594 1808 1687 1838 nulla
1706 1808 1779 1838 suit.
1801 1809 1839 1838 Et
1859 1808 1900 1838 si.
1923 1811 2021 1847 prout
2040 1808 2129 1838 idem
2150 1809 2189 1840 R.
2211 1817 2288 1848 pro-

1269 1862 1394 1900 posuit,
1409 1862 1544 1892 collatio
1561 1862 1600 1890 ‹h›
1620 1861 1720 1891 ‹lu-tis
1733 1861 2006 1891 archidiaconatu
2022 1864 2052 1891 et
2069 1862 2211 1892 ecclesia
2226 1871 2287 1900 per

1238 1923 1239 1933 ¹
1269 1916 1412 1945 eundern
1438 1916 1642 1946 Adeinarum
1665 1915 1861 1953 episcopum
1886 1914 1947 1944 tibi
1969 1915 2066 1951 tacta,
2088 1924 2152 1945 non
2177 1916 2286 1946 tenuit

1270 1977 1329 2006 pro
1359 1977 1397 1997 eo
1423 1967 1511 2006 quod
1541 1967 1649 1997 dictus
1673 1967 1877 1997 l·]x‹.›1iiensis
1895 1967 2075 2005 episcopus
2094 1967 2183 2003 illos,
2205 1971 2286 1998 tem-

1269 2029 1348 2058 pore
1360 2020 1600 2058 resignationis
1614 2019 1820 2057 hujusmodi,
1838 2020 1996 2049 canonice
2009 2019 2193 2056 obtinebat,
2207 2029 2283 2051 cum

1270 2082 1334 2103 non
1354 2073 1396 2103 sit
1423 2072 1562 2102 dubium
1593 2073 1784 2102 collalimiis
1812 2072 1963 2111 ejusdem
1984 2081 2089 2111 usque
2109 2082 2194 2103 nunc
2213 2075 2286 2103 11111-

1269 2129 1339 2156 tum
1358 2128 1492 2164 tempus
1509 2126 1685 2155 et'tluxisse
1703 2125 1792 2164 quod
1813 2126 1853 2155 ad
1869 2134 1930 2154 nos
1946 2125 2238 2156 archidiaconatus
2252 2128 2285 2157 et

1268 2180 1409 2210 ecclesie
1437 2179 1664 2217 predictorum
1699 2181 1802 2213 esset,
1823 2178 2007 2208 secundina
2045 2179 2284 2210 Later-anensis

1268 2235 1393 2263 statuta
1423 2232 1569 2264 concilii,
1588 2232 1722 2261 collatio
1748 2232 1898 2269 legitime
1922 2232 2090 2262 devoluta.
2112 2240 2173 2262 nos
2204 2233 2283 2263 illos

1268 2287 1478 2325 cuicumque.
1491 2286 1681 2324 sineipsius
1699 2286 1733 2315 l·..
1750 2285 1984 2324 jurisinjuria.
2001 2285 2152 2315 conferre
2169 2294 2284 2324 posse-

1267 2349 1353 2372 mus,
1384 2339 1540 2378 quamvis
1569 2341 1602 2368 tu
1636 2339 1773 2368 oit‘erres
1803 2338 2044 2368 nichilominus
2075 2340 2108 2368 te
2140 2338 2282 2377 probare

1267 2395 1421 2432 paratum
1445 2392 1532 2431 quod
1558 2391 1850 2422 archidincenatus
1867 2394 1896 2421 et
1915 2391 2057 2421 ecclesia
2080 2391 2221 2430 predicti
2241 2391 2284 2422 ad

1266 2449 1297 2476 te
1313 2445 1537 2485 pertinebant,
1558 2447 1589 2475 et
1607 2445 1695 2484 quod
1710 2445 1794 2483 ipsis
1809 2454 1896 2483 quos
1912 2444 2113 2482 possederas
2131 2444 2283 2484 aliquan-

1265 2500 1323 2530 diu
1340 2499 1413 2529 sine
1428 2499 1486 2529 lite
1508 2499 1630 2538 injuste
1649 2498 1762 2528 fueras
1778 2497 1956 2536 spoliatus,
1980 2499 2010 2527 et
2029 2497 2281 2529 restitutionem

1265 2561 1382 2583 eorum
1399 2561 1474 2582 cuin
1493 2551 1655 2582 instantia
1675 2551 1878 2590 postulares,
1896 2559 2087 2589 proponens
2106 2551 2195 2590 quod
2217 2550 2279 2582 tibi

1265 2615 1330 2636 non
1346 2607 1415 2636 erat
1434 2605 1627 2644 hujusmodi
1650 2605 1818 2635 restitutio
1835 2605 2050 2643 aliquatenus
2069 2604 2275 2643 deneganda.

1264 2659 1333 2689 Nec
1351 2659 1463 2688 minus
1491 2658 1649 2688 canonice
1680 2658 1906 2687 institutionis
1924 2657 2075 2696 objectns
2094 2657 2280 2688 restitutio·

1264 2721 1340 2742 neni
1357 2712 1496 2742 eandem
1518 2711 1680 2750 impedire
1698 2713 1827 2750 poterat
1850 2711 1900 2741 rel
1919 2710 2072 2742 debebat.
2093 2719 2169 2740 cum
2188 2710 2278 2741 idem

1264 2766 1424 2804 magister
1440 2766 1479 2796 R.
1497 2765 1713 2795 collationem
1731 2764 1791 2794 tibi
1808 2764 1928 2794 factam
1946 2764 1986 2794 de
2003 2764 2277 2794 arclii‹li;u·onatu

1263 2821 1294 2848 et
1311 2818 1453 2849 ecclesia
1475 2818 1644 2856 predictos
1661 2821 1690 2848 et
1710 2818 1797 2856 quod
1813 2826 1871 2847 eos
1890 2817 2089 2856 possederas
2103 2816 2277 2853 fateretur,

1263 2880 1468 2910 quamquain
1499 2874 1631 2910 negaret
1658 2874 1688 2901 te
1715 2870 1792 2900 illos
1820 2870 1953 2908 pacitice
1981 2869 2186 2908 possedisse.
2204 2869 2276 2900 Nos

1264 2927 1389 2959 autem.
1409 2933 1483 2954 cuni
1511 2924 1610 2953 divtis
1640 2923 1801 2953 tratribus
1826 2923 2069 2952 ‹lt-liberatione
2088 2921 2275 2960 preb-abita,
