2519 3262
202 207 258 236 190

200 289 340 328 astringi
358 289 445 328 qnod
463 290 549 328 apud
568 291 676 328 ipsum
697 289 798 319 nichil
822 291 937 319 contra
962 299 1035 319 eum
1067 290 1204 326 faceres,

199 342 328 373 diceres
346 344 402 373 aut
421 343 521 372 etiam
540 351 749 381 procurareS,
769 351 870 381 super
885 351 950 381 quo
972 344 1047 372 tuas
1067 343 1130 372 sibi
1151 352 1206 381 pa-

198 396 306 425 tentes
324 397 355 425 et
382 396 563 434 pendentes
595 395 726 425 litteras
757 395 949 433 prestitisti.
984 396 1205 426 Postmodum

198 449 323 483 autem,
344 448 405 478 tibi
428 449 461 478 in
492 449 643 479 Romana
663 448 755 477 curia
773 448 932 478 existenti
951 449 1119 487 quoddam
1138 457 1205 478 cer-

198 503 267 531 tum
286 501 484 531 beneficium
504 501 537 530 in
555 501 776 531 Ambianensi
800 501 953 537 ecclesia,
975 502 1063 540 qnod
1087 510 1204 531 vacare

197 554 370 583 dicebatur
388 554 524 592 deJure,
543 554 890 593 contulimustibiqne
910 555 949 584 de
970 554 1029 584 illo
1047 554 1204 584 duximus

196 607 452 646 providendum,
471 609 499 637 et
514 607 591 637 licet
611 616 670 645 per
685 607 816 637 litteras
831 610 965 638 nostras
978 616 1078 646 super
1092 607 1204 645 hujus-

197 660 285 689 modi
303 660 481 689 collatione
501 659 669 689 confectas
690 660 831 698 predicti
848 660 1031 699 juramenti
1053 660 1205 690 obstacu-

195 712 265 742 lum
280 713 323 742 sit
336 714 497 749 amotum,
508 714 679 748 netamen,
693 713 1007 752 ejusdempretextn
1019 713 1201 751 juramenti

194 765 246 794 vel
258 765 447 795 litterarum
460 766 697 804 predictarum,
710 766 798 796 circa
812 766 921 805 ipsius
932 766 1201 804 prosecutionem

194 826 293 855 grave
317 818 369 848 vel
389 819 473 848 alias
504 818 565 849 tibi
593 819 736 857 quodvis
759 819 870 857 parari
901 819 1111 849 obstaculum
1143 828 1202 849 seu

194 870 474 909 impedimentum
527 872 664 911 aliquod
692 873 804 902 afferri
847 873 967 909 valeat,
1003 873 1202 911 suppliciter

192 924 376 962 postulasti
393 924 454 954 tibi
469 934 570 964 super
588 925 648 955 hoc
663 925 797 964 plenius
814 927 844 956 et
859 926 1030 956 efficacius
1050 934 1108 964 per
1124 934 1201 955 nos-

192 978 278 1006 tram
299 977 577 1015 sollicitudinem,
599 979 782 1017 precaveri.
806 979 888 1008 Tuis
907 979 1009 1017 igitur
1033 979 1200 1017 supplica-

192 1029 343 1060 tionibus
360 1031 524 1068 inclinati,
538 1031 698 1062 facientes
710 1031 771 1061 tibi
789 1032 931 1070 gratiam
953 1032 1152 1071 pleniorem,
1165 1034 1200 1062 ut

191 1084 259 1112 tam
275 1084 447 1122 negotium
473 1084 679 1123 provisionis
703 1084 893 1123 hujusmodi
914 1094 1013 1124 quam
1034 1094 1071 1115 ea
1086 1085 1200 1116 omnia

192 1144 255 1174 que
273 1137 313 1166 ad
331 1137 414 1167 illud
432 1139 583 1176 spectare
599 1139 783 1176 putaveris,
800 1139 890 1169 licite
912 1148 949 1168 ac
965 1139 1069 1169 libere
1085 1147 1199 1177 prose-

191 1189 249 1227 qui
267 1189 380 1220 valeas
397 1199 456 1220 nec
473 1191 507 1220 in
526 1192 760 1229 persecutione
775 1191 968 1230 hujusmodi
988 1191 1047 1222 tibi
1064 1201 1122 1230 per
1138 1192 1198 1222 hoc

190 1243 314 1281 opponi
331 1243 582 1282 quomodolibet
599 1245 708 1282 possit
729 1245 818 1283 quod
837 1246 952 1275 contra
968 1245 1197 1284 juramentum

190 1296 325 1325 veneris
343 1296 395 1326 vel
410 1298 525 1327 contra
543 1297 674 1327 litteras
691 1298 903 1336 supradictas
920 1298 982 1328 tibi
1000 1299 1198 1329 auctoritate

189 1348 377 1386 apostolica
396 1349 621 1388 indulgemus
639 1350 734 1381 Nulli
747 1359 824 1389 ergo
835 1352 948 1381 nostre
967 1351 1196 1381 concessionis

189 1403 251 1431 etc.
272 1402 396 1431 Datum
413 1403 500 1441 apud
516 1402 802 1440 Urbemveterem,
823 1413 867 1433 vn
883 1404 1046 1434 kalendas
1069 1404 1197 1435 decem-

188 1453 271 1490 bris,
287 1463 372 1485 anno
392 1456 502 1486 tertio.
525 1467 538 1482 »

743 1636 866 1665 Orvieto‚
886 1637 928 1663 1⁶¹*
947 1645 1025 1663 mars
1046 1637 1123 1663 1204.

280 1635 374 1665 1372

222 1717 398 1744 Bernardino
414 1719 447 1744 (le
466 1726 537 1745 novo
555 1719 667 1752 plebem
685 1720 718 1745 dc
736 1720 858 1751 Casulis,
872 1721 1042 1748 anteranae
1060 1722 1194 1756 diocesis,

186 1766 308 1793 confert.
333 1767 412 1799 (lien.
431 1768 475 1799 29,
493 1767 541 1794 sol.
561 1768 610 1794 122
627 1776 666 1799 ve,
686 1773 717 1794 11⁰
735 1769 810 1803 422.)

229 1884 242 1902 (ι
264 1874 468 1910 Borma-(lino,
486 1876 630 1905 canonico
643 1876 742 1915 plebis
760 1876 795 1905 cle
814 1877 943 1913 CasuHs,
956 1878 1116 1908 Vulleranc
1133 1879 1195 1908 dio-

188 1928 272 1957 cesis.
297 1928 419 1958 Petitio
434 1930 491 1958 tua
509 1928 606 1958 nobis
625 1929 775 1959 exhibita
796 1931 989 1961 continebat
1018 1933 1106 1970 qnod
1135 1941 1195 1962 nos

188 1979 281 2015 olim,
299 1980 339 2009 ad
358 1988 474 2018 preces
491 1981 604 2011 dilecti
620 1982 680 2011 tilii
698 1982 822 2011 nobilis
840 1983 903 2012 viri
918 1983 1139 2013 lldibrandini
1155 1985 1194 2014 de

187 2032 310 2069 Suana,
331 2034 464 2063 comitis
499 2034 620 2064 Tuscie
653 2035 811 2071 Palatini,
843 2037 949 2066 nostri
982 2039 1013 2067 et
1046 2037 1194 2067 Ecclesie

188 2086 338 2115 Romane
357 2086 478 2119 devoti,
497 2109 521 2115 ..
543 2087 685 2125 plebano
700 2088 810 2125 plebis
824 2089 862 2118 de
881 2089 996 2123 Srode,
1012 2090 1193 2120 anterane

186 2138 345 2174 diocesiS,
366 2139 492 2169 nostris
513 2140 668 2169 dedimus
692 2141 816 2170 litteris
842 2142 874 2171 in
894 2142 1063 2172 mandatis
1080 2145 1115 2173 ut
1132 2143 1193 2173 tibi

186 2191 225 2221 de
243 2191 356 2230 aliquo
373 2192 538 2230 prioratu,
555 2193 769 2231 prepositura
792 2195 844 2224 vel
862 2195 1005 2225 rectoria
1029 2196 1193 2226 secularis

185 2244 327 2275 ecclesie
344 2245 590 2284 autplebanatu
610 2246 681 2276 sive
693 2246 759 2277 alio
772 2248 1000 2278 ecclesiastico
1017 2249 1190 2285 beneficio,

185 2305 260 2327 cum
278 2306 356 2327 cura
389 2298 440 2328 vel
471 2299 543 2329 sine
562 2308 651 2334 cura,
679 2300 707 2329 si
743 2300 833 2338 quod
864 2301 897 2330 iu
921 2302 1038 2332 eadem
1067 2302 1191 2333 diocesi

184 2352 262 2381 tnnc
282 2351 419 2382 vacabat
438 2352 490 2382 vel
508 2353 678 2391 quamcito
705 2354 744 2384 ad
767 2354 800 2383 id
822 2364 856 2384 se
878 2355 1021 2385 facultas
1045 2357 1189 2393 offerret,

184 2412 244 2442 per
260 2413 295 2434 se
315 2405 367 2435 vel
385 2405 488 2435 alium
506 2407 562 2436 aut
581 2406 676 2442 alios,
695 2407 892 2438 auctoritate
913 2410 1039 2445 nostra,
1066 2410 1095 2439 si
1122 2418 1192 2439 mo-

185 2457 292 2492 ribus,
323 2458 462 2488 scientia
493 2459 526 2488 et
552 2459 638 2489 etate
672 2468 765 2490 esses
798 2461 962 2499 ydoneus,
985 2462 1189 2500 provideret,

184 2510 446 2540 contradictores
475 2512 534 2541 etc.
569 2520 675 2550 usque
700 2514 952 2551 compescendo.
991 2515 1083 2545 Idem
1113 2524 1190 2546 vero

183 2562 360 2601 plebanus,
371 2563 563 2601 hujusmodi
575 2565 771 2595 auctoritate
790 2566 951 2603 mandati,
963 2567 1110 2606 capitulo
1123 2568 1193 2607 ple-

183 2613 236 2645 bis
254 2615 293 2645 de
310 2616 455 2650 casulis,
474 2616 601 2655 prefate
618 2617 774 2654 diocesis,
791 2619 937 2650 inhibuit
951 2620 985 2650 nt
1004 2620 1044 2650 ad
1058 2620 1188 2658 plebem

183 2667 304 2706 ipsam,
316 2668 428 2698 sicam
438 2677 554 2699 vacare
565 2670 782 2709 contingeret,
797 2672 925 2703 nullum
937 2673 969 2703 in
980 2674 1189 2712 prepositum

184 2720 357 2759 eligerent,
377 2729 451 2751 cum
484 2721 522 2751 de
548 2722 622 2760 ipsa
645 2723 716 2759 tibi,
732 2724 830 2762 juxta
858 2725 1009 2764 eiusdem
1041 2727 1189 2757 mandati

183 2774 347 2810 tenorem,
363 2774 549 2805 intenderet
571 2776 758 2814 providere.
783 2777 847 2808 Sed
876 2779 1078 2817 llaynerius,
1102 2779 1189 2810 dicte

183 2826 324 2856 ecclesie
347 2827 539 2864 canonicus,
560 2838 715 2860 asserens
736 2831 824 2870 quod
850 2831 1000 2869 prefatus
1024 2831 1190 2870 plebanus

183 2878 248 2908 sibi
269 2879 461 2918 specialiter
477 2881 666 2912 inhibuerat
680 2883 767 2922 quod
789 2884 829 2914 ad
845 2884 978 2923 plebem
1003 2885 1186 2923 predictam

944 206 1190 237 REGISTRES
1221 206 1435 237 D’URBAIN
1466 206 1524 236 lv.

1263 289 1432 319 neminem
1453 290 1484 319 in
1501 290 1711 328 prepositum
1727 289 1877 328 eligeret,
1893 291 1925 319 et
1935 289 2023 328 quod
2038 290 2168 328 copiam
2184 290 2273 321 litte-

1234 346 1235 351 *
1263 351 1375 372 rarum
1400 343 1675 381 ipsarum,quam
1702 351 1874 381 nunquam
1903 342 2076 378 habuerat,
2104 343 2134 373 ei
2164 344 2272 375 facere

1262 397 1377 425 contra
1392 396 1561 435 justitiam
1588 396 1781 435 denegarat,
1814 396 1969 434 quodque
1994 397 2131 434 propter
2152 396 2213 427 hoc
2233 398 2271 427 ad

1263 449 1377 479 sedem
1396 448 1615 487 apostolicam
1633 449 1774 479 duxerat
1797 449 2049 488 appellandum,
2069 451 2203 479 nostras
2221 459 2272 480 su-

1264 511 1323 541 per
1340 502 1401 532 hoc
1416 502 1454 532 ad
1473 502 1651 538 Baronenx,
1669 502 1869 532 canonicum
1886 502 2123 537 Vulteranum,
2141 502 2273 533 litteras

1261 555 1469 594 impetravit,
1492 555 1548 594 qui
1568 556 1656 585 dicto
1674 555 1817 594 plebano
1830 555 1980 594 precepit
1998 557 2033 585 ut
2052 555 2091 585 ad
2109 556 2259 594 provisio

1261 617 1337 638 nem
1354 610 1445 638 tuam
1464 608 1503 638 de
1526 608 1623 646 plebe
1650 609 1723 647 ipsa
1749 617 1814 638 non
1841 608 2035 647 procederet
2058 608 2161 638 donec
2185 609 2272 638 inter

1259 663 1291 691 te
1308 663 1338 691 et
1357 661 1483 691 dictum
1502 662 1712 700 ltaynerinm
1725 661 2063 700 essetappellationis
2078 661 2269 699 hujusmodi

1261 715 1396 753 questio
1425 715 1617 744 terminata.
1636 715 1754 745 Dictus
1773 724 1851 745 vero
1871 714 2036 752 plebanus
2055 715 2269 752 postmodum

1260 767 1370 805 ipsam
1390 767 1523 806 plebem
1538 767 1793 803 vacantemtibi,
1811 768 1977 797 dictarum
1991 767 2180 798 litterarum
2194 777 2270 798 auc-

1258 821 1406 855 toritate,
1427 821 1570 851 contulit
1587 822 1686 859 teque
1708 821 1740 850 in
1763 820 1972 859 corporalem
1989 821 2141 859 ejusdem
2161 820 2271 859 plebis

1258 874 1524 912 possessionem,
1545 883 1645 912 quani
1675 874 1715 904 ad
1735 882 1876 913 presens
1902 876 1934 904 te
1958 875 2085 904 asseris
2112 874 2268 911 retinere,

1258 926 1408 962 induxit,
1442 927 1474 956 in
1505 928 1769 957 contradictores
1802 927 2163 957 excomn‘ninicationis
2196 936 2269 957 scn-

1258 979 1363 1010 tentia
1381 980 1602 1019 promulgata.
1619 981 1689 1010 Nos
1710 981 1824 1019 igitur,
1843 984 1978 1010 tuorum
1998 981 2198 1011 meritorum
2214 980 2268 1010 ob-

1257 1034 1351 1063 tentu
1370 1042 1406 1063 ac
1422 1034 1707 1072 contemplatione
1738 1033 1862 1063 nobilis
1887 1034 1949 1063 viri
1964 1056 1969 1062 .
1987 1058 1992 1063 .
2008 1034 2188 1072 potestatis
2208 1034 2268 1064 Ur-

1256 1086 1422 1120 bevetani‚
1458 1087 1610 1117 volentes
1643 1087 1674 1116 in
1698 1087 1758 1117 liae
1786 1089 1879 1126 parte
1909 1087 1970 1117 tibi
2000 1087 2107 1117 facere
2127 1087 2267 1126 gratiam

1256 1139 1450 1177 specialem,
1478 1139 1609 1178 plebem
1630 1140 1737 1178 ipsam
1755 1140 1815 1170 tibi
1836 1140 1875 1170 de
1893 1149 1978 1170 novo
1991 1141 2175 1178 apostolica
2193 1149 2269 1171 auc-

1254 1193 1389 1222 toritate
1407 1193 1613 1222 conferimus
1631 1202 1667 1223 ac
1681 1193 1898 1232 providemus
1915 1194 1954 1223 de
1970 1194 2054 1232 ipsa,
2069 1196 2166 1232 teque
2181 1193 2268 1223 dicte

1254 1244 1345 1282 plebi
1371 1246 1568 1284 preficimus
1590 1246 1622 1275 in
1649 1247 1870 1285 prepositum,
1896 1255 1961 1276 non
1986 1246 2199 1277 obstantibus
2216 1265 2265 1277 —.

1254 1298 1379 1328 Datum
1409 1299 1496 1337 apud
1523 1298 1813 1335 L'rbemveterem,
1841 1300 1996 1330 kalendis
2028 1300 2153 1334 martii,
2181 1308 2267 1330 anno

1254 1351 1363 1382 tertio.
1384 1360 1400 1380 »

1816 1516 1940 1548 ‹jn-vieto,
1960 1516 2000 1542 1⁰r
2017 1524 2095 1542 mars
2118 1515 2193 1543 1204.

1348 1516 1442 1546 1373

1288 1598 1411 1625 Plebauo
1420 1599 1511 1632 plebis
1526 1600 1560 1625 ‹le
1571 1600 1669 1632 Scodc,
1684 1600 1852 1627 antcranae
1864 1600 1996 1633 diocesis,
2012 1601 2173 1635 praedictae
2187 1610 2264 1628 com—

1253 1646 1343 1674 mittit
1367 1648 1565 1674 executionem
1582 1648 1755 1676 collationis.
1778 1650 1857 1684 tnnc„
1874 1650 1918 1681 ιθ,
1934 1650 1957 1676 s⁰
1977 1650 2026 1676 132
2040 1656 2077 1684 νῦ,
2090 1656 2119 1676 u0
2135 1650 2211 1685 ⁷223.)

1295 1760 1311 1780 «
1327 1749 1462 1779 elebano
1470 1749 1568 1789 plebis
1578 1749 1613 1778 cle
1625 1748 1733 1785 Scede,
1755 1748 1918 1778 Villam-ane
1932 1748 2067 1779 diocesis.
2082 1749 2262 1780 Petitiodi-

1255 1803 1333 1833 lecti
1361 1803 1423 1832 filii
1450 1820 1498 1833 —.
1528 1803 1651 1832 Datum
1678 1802 1765 1840 apud
1796 1801 2082 1836 Urbemveterem,
2108 1802 2264 1833 kalendis

1254 1856 1380 1892 martii,
1399 1864 1486 1886 anno
1504 1855 1614 1885 tertio.
1638 1866 1652 1883 n

1345 2017 1439 2047 {374
1798 2016 1922 2042 (lrvieto.
1942 2016 1976 2042 29
1992 2016 2096 2042 sevrier
2113 2017 2188 2043 1204.

1286 2099 1424 2132 Magistro
1443 2099 1556 2132 l'apano
1574 2099 1607 2124 dc
1625 2098 1750 2124 l‘inibus.
1766 2099 1868 2125 rectori
1889 2099 2027 2126 ecclesiae
2042 2100 2074 2127 de
2094 2100 2190 2127 Muris.
2210 2103 2261 2127 An—

1251 2148 1423 2182 dcgavensis
1450 2147 1582 2174 diocesis.
1603 2146 1706 2173 clerico
1725 2148 1940 2181 Andegavcnsis
1957 2148 2092 2183 episcopi.
2113 2150 2262 2176 canonica—

1249 2199 1309 2223 tum
1328 2199 1353 2223 et
1376 2197 1566 2231 praobvwlani
1587 2195 1614 2222 in
1631 2196 1825 2229 andegavensi
1842 2196 1962 2223 ecclesia
1980 2198 2101 2224 confert.
2121 2198 2197 2232 (lisa.
2215 2200 2260 2232 29,

1250 2244 1273 2270 1‘0
1294 2245 1355 2276 122,
1375 2248 1406 2269 11⁰
1426 2244 1496 2270 5:229»

1288 2355 1304 2375 <t
1323 2344 1469 2383 Μιιῃῑείνο
1489 2344 1615 2383 I’agsnno
1635 2344 1669 2374 de
1686 2344 1823 2380 l’inibus,
1843 2346 1951 2374 rectori
1965 2346 2084 2375 ecclesie
2102 2345 2137 2375 de
2151 2346 2258 2381 Muris,

1248 2398 1271 2427 A
1279 2398 1476 2437 nclcgyavenxis
1494 2398 1629 2432 aliove-<is9
1645 2398 1753 2427 clerico
1769 2398 1946 2428 venerahilis
1961 2399 2072 2437 fratris
2088 2399 2183 2429 nostri
2197 2400 2261 2428 Λη-

1247 2451 1420 2490 deqavensis
1437 2451 1581 2491 episcopi.
1604 2452 1746 2490 Adjntos
1768 2460 1899 2481 morum
1922 2454 1952 2482 et
1966 2471 2014 2482 —.
2030 2453 2154 2483 Datum
2172 2452 2260 2491 apud

1247 2504 1536 2540 Ifi·l)e111vetei·0111,
1562 2515 1581 2534 11
1601 2505 1763 2535 kalendas
1783 2505 1909 2542 martii,
1929 2514 2015 2536 anno
2035 2506 2147 2536 tertio.
2171 2516 2185 2534 η

1340 2663 1432 2693 1375
1775 2663 1899 2688 orvieto.
1921 2662 1954 2689 28
1971 2662 2087 2689 octobre
2108 2661 2184 2689 1203.

1281 2746 1390 2772 Decano
1409 2746 1571 2781 etcapitnlo
1587 2746 1725 2773 ecclesiae
1742 2755 1764 2773 s.
1784 2746 1908 2773 'rhomae
1925 2747 2143 2781 Argentiueusis
2164 2747 2256 2774 indul-

1245 2797 1288 2829 get
1305 2797 1345 2828 nt,
1361 2795 1477 2822 obtentu
1492 2795 1617 2829 episcopi
1633 2795 1849 2829 Argeutinensis
1867 2795 1943 2829 ipsos
1963 2795 2162 2829 supplicantis,
2177 2795 2256 2822 Wal-

1244 2846 1349 2876 torum,
1364 2846 1462 2870 natum
1481 2843 1577 2871 Sisi-idi
1595 2844 1628 2870 de
1647 2843 1858 2875 Srhat'tolshen,
1874 2844 1902 2870 iu
1915 2844 2085 2870 canonicum
2103 2844 2251 2878 recipiant.

1243 2892 1323 2926 diac..
1343 2892 1388 2924 29,
1410 2892 1509 2926 [⁰1:23‚
1529 2897 1560 2919 n⁰
1580 2893 1656 2925 425.)
