2519 3262
827 934 1504 1016 APPENDICE
1584 939 1661 1017 II

287 1447 384 1477 2370
685 1445 810 1477 Viterbe‚
826 1445 860 1473 28
881 1447 1043 1480 septembre
1061 1447 1138 1474 1261.

232 1529 455 1564 Archiepiseopo
480 1530 659 1557 Narbonensi
688 1531 807 1557 mandat
837 1530 963 1565 inquirat
983 1532 1016 1557 de
1043 1531 1210 1559 excessibus

197 1579 363 1605 enormibus
380 1580 415 1605 ab
432 1579 566 1613 episcopo
586 1579 761 1606 Ruthenensi
785 1580 961 1611 commissis
978 1581 1135 1607 seeundum
1156 1581 1210 1615 ipsi

195 1627 412 1662 archiepiscopo
427 1628 533 1655 missas
550 1629 585 1654 ab
599 1629 761 1655 Alexandro
775 1637 846 1663 papa
862 1637 887 1655 1v
909 1629 1032 1656 litteras.
1053 1630 1150 1663 (Aaou.
1172 1638 1210 1656 oo

195 1676 281 1703 Cana.
305 1677 409 1704 Cartul,
429 1677 460 1703 de
478 1677 681 1707 &Archa-eche,
698 1681 728 1703 n⁰
746 1678 806 1710 191,
822 1686 849 1712 p.
868 1677 943 1712 448.)

236 1782 250 1799 (t
267 1771 406 1800 Urbanus
418 1772 584 1811 episcopus,
601 1781 703 1801 seruus
715 1781 868 1801 servorum
882 1771 949 1808 Dei,
965 1772 1132 1801 venerabili
1141 1772 1208 1810 fra-

194 1825 235 1854 cri
260 1849 266 1854 .
296 1849 301 1854 .
328 1825 557 1864 archiepiscopo
584 1824 786 1859 Narbonensi,
812 1825 937 1854 salutem
959 1829 987 1854 et
1009 1824 1208 1864 aposcolicam

193 1877 441 1908 benedictionem.
458 1878 584 1908 Felicis
601 1878 845 1909 recordationis
863 1878 1057 1908 Alexander
1077 1896 1124 1908 —.
1143 1879 1207 1909 Da-

190 1932 263 1960 tum
282 1930 440 1967 Viterbii,
465 1941 482 1960 v
504 1931 667 1961 kalendas
685 1931 844 1965 oetobris,
862 1931 1079 1969 pontificatus
1097 1931 1206 1961 nostri

192 1992 278 2014 anno
301 1984 411 2022 primo
428 1985 448 2013 ¹.
470 1995 484 2013 n

744 2142 867 2176 Viterbe,
887 2143 903 2169 5
919 2142 1034 2168 octobre
1053 2142 1130 2169 1261.

281 2143 375 2174 2871

223 2227 392 2254 Abbatissae
410 2228 438 2254 et
458 2227 610 2254 conventui
626 2227 796 2254 monasterii
813 2236 836 2254 5.
854 2227 929 2253 Petri
946 2227 980 2253 de
996 2226 1093 2253 Vineis
1116 2234 1203 2260 prope

186 2275 358 2309 Anagniam,
380 2275 488 2302 ordinis
505 2284 527 2302 5.
545 2275 687 2309 Damiani,
710 2276 828 2302 mandat
845 2276 980 2302 obediant
1001 2278 1030 2302 et
1051 2275 1203 2303 intendant

187 2323 321 2358 episcopo
338 2324 497 2359 Anagnino.
511 2325 608 2359 (Anca.
625 2325 723 2351 CAPrr.
740 2326 892 2356 D'ANAGNI,
909 2333 929 2356 1,
945 2324 1005 2359 40.)

228 2425 242 2444 α
270 2415 408 2445 Urbanus
433 2416 601 2456 episcopus,
628 2426 731 2446 servus
760 2426 913 2446 servorum
941 2416 1006 2453 Dei,
1036 2415 1156 2446 dilectis
1169 2417 1201 2446 in

186 2468 309 2499 Christo
323 2468 446 2508 filiabus
463 2495 468 2500 .
486 2493 492 2498 .
508 2469 655 2499 abbatisse
670 2475 697 2499 et
709 2470 871 2499 conventui
882 2470 1059 2499 monasterii
1071 2480 1094 2499 s.
1114 2469 1200 2499 Petra·

183 2520 219 2550 de
243 2521 346 2551 Vineis
361 2531 460 2562 prope
476 2523 661 2562 Anaqniam‚
680 2522 797 2552 ordinis
813 2533 836 2552 s.
860 2522 1014 2559 Damiani,
1028 2523 1156 2552 salutem
1171 2527 1199 2552 et

184 2574 385 2614 apostolicam
398 2575 633 2605 benedictionem
647 2576 864 2606 Presentium
878 2576 1076 2607 auctoritate
1087 2577 1121 2606 in
1134 2577 1199 2606 vir-

183 2630 255 2658 tute
278 2628 468 2659 obedientie
496 2629 640 2659 firmiter
656 2629 874 2668 precipiendo
897 2630 1099 2660 mandamus
1119 2638 1198 2668 qua-

182 2682 276 2712 tinus
304 2681 490 2712 venerabili
522 2682 620 2712 fratri
649 2683 803 2712 nostro...
834 2682 992 2721 episcopo
1020 2683 1198 2721 Anagnino

183 2744 286 2774 super
302 2735 368 2765 hiis
386 2735 554 2765 obediatis
580 2737 612 2765 et
632 2734 816 2765 intendatis
833 2735 1009 2766 humiliter
1028 2738 1059 2767 et
1078 2735 1197 2766 devote

183 2797 247 2827 que
262 2789 295 2818 in
309 2788 432 2819 litteris
444 2797 528 2827 quas
543 2787 610 2818 sibi
626 2789 762 2827 propter
773 2788 833 2818 hee
845 2788 1012 2819 mittimus
1026 2789 1196 2819 eontinen-

214 2906 236 2929 1,
254 2905 296 2930 Cf.
314 2905 378 2936 plus
397 2906 448 2929 bas
463 2912 518 2929 une
534 2905 717 2930 commission
735 2905 893 2930 semblable
909 2906 1017 2931 donneu
1033 2906 1048 2931 a
1065 2906 1195 2938 l'evoquo

183 2950 216 2974 de
231 2949 331 2974 Mende
348 2950 374 2974 le
393 2951 406 2973 7
422 2950 530 2975 sevrier
550 2950 619 2975 1262.

1268 1450 1333 1485 tur,
1348 1448 1498 1487 qualibet
1511 1449 1720 1488 indulgentia
1732 1451 1823 1480 sedis
1833 1452 2017 1490 apostolice
2030 1461 2094 1482 non
2110 1453 2276 1485 obstante.

1266 1502 1390 1532 Datum
1406 1502 1566 1540 Viterbii,
1587 1513 1621 1533 111
1640 1512 1745 1534 nonas
1761 1504 1920 1539 octobris,
1941 1506 2155 1544 pontificatus
2173 1509 2277 1538 nostri

1267 1562 1354 1584 anno
1372 1554 1492 1592 primo.
1514 1565 1528 1583 ))

1355 1708 1454 1739 2372
1791 1710 1917 1743 Viterbe‚
1943 1711 1971 1737 18
1987 1712 2101 1738 octobre
2123 1712 2201 1740 1201.

1301 1791 1417 1817 Litterae
1430 1793 1621 1819 credentiales
1638 1793 1792 1820 mittuntur
1809 1795 1941 1829 episcopo
1958 1796 2075 1823 Reatino
2093 1806 2142 1831 pro
2166 1799 2275 1825 'l‘udino

1264 1840 1296 1865 do
1320 1840 1421 1874 ssogia,
1441 1841 1560 1867 ostiario
1574 1842 1742 1876 apostolico.
1766 1844 1864 1877 (Aaou.
1888 1844 1985 1871 CAPIT.
2004 1846 2037 1871 de
2053 1845 2147 1877 ΙὶιΕΤῐ,
2166 1847 2210 1878 ΑΙ,
2226 1848 2274 1881 Fe,

1264 1893 1295 1914 n0
1311 1888 1351 1920 i.)

1303 1989 1318 2007 «
1347 1979 1487 2009 Urbanus
1507 1982 1679 2020 episcopus,
1705 1991 1808 2011 servus
1833 1992 1987 2012 servorum
2016 1984 2080 2019 Dei,
2109 1985 2272 2015 venerabili

1260 2031 1368 2069 fi‘acrz'.
1384 2056 1390 2062 .
1409 2033 1553 2073 episcopo
1570 2034 1714 2070 Reatino,
1733 2034 1860 2065 salutem
1877 2040 1903 2065 et
1924 2036 2123 2076 apostolicam
2140 2038 2275 2068 benedic-

1263 2085 1385 2114 tionem.
1405 2085 1573 2116 Volumus
1601 2088 1631 2116 et
1656 2088 1867 2125 presentium
1885 2088 1947 2118 tibi
1964 2090 2163 2120 auctoritate
2180 2100 2274 2121 man-

1260 2139 1381 2169 damus
1391 2141 1558 2178 quatenus
1571 2139 1693 2171 dilecto
1704 2141 1774 2171 filio
1785 2142 1916 2172 Tudino
1930 2143 1970 2173 de
1980 2143 2098 2182 Rogia,
2109 2144 2273 2175 hostiario

1260 2194 1388 2228 nostro,
1407 2192 1506 2222 latori
1519 2194 1738 2232 presentiam,
1758 2203 1859 2233 super
1871 2195 1938 2225 hiis
1953 2205 2017 2234 que
2031 2197 2119 2226 eirea
2131 2198 2273 2228 ecclesie

1258 2245 1411 2275 Romane
1439 2245 1577 2284 negoeia
1604 2245 1666 2276 tibi
1684 2255 1726 2276 ex
1743 2249 1837 2286 parte
1855 2249 1971 2278 nostra
1991 2249 2156 2286 retulerit,
2176 2250 2273 2280 indu-

1258 2297 1400 2328 bitatam
1410 2298 1567 2329 fiduciam
1581 2299 1757 2336 adhibens,
1769 2309 1807 2331 ea
1820 2301 1893 2331 sine
1904 2302 2103 2332 difficultate
2118 2312 2155 2333 ac
2169 2304 2271 2334 tardi-

1257 2352 1326 2381 tate
1349 2351 1501 2390 qualibet
1522 2353 1714 2391 exequaris,
1735 2353 1782 2383 ita
1796 2354 1883 2392 quod
1901 2363 1960 2393 per
1977 2354 2037 2385 hoc
2055 2355 2094 2385 de
2107 2355 2270 2386 sollicitu-

1257 2404 1335 2434 dine
1364 2413 1401 2434 ae
1431 2404 1609 2435 devotione
1636 2407 1669 2436 te
1697 2406 1816 2436 merito
1834 2408 2120 2438 commendemus.
2141 2408 2267 2439 Datum

1255 2457 1416 2494 Viterbii,
1442 2468 1479 2487 xv
1508 2457 1671 2488 kalendas
1702 2459 1909 2496 novembris,
1926 2460 2142 2499 pontificatus
2162 2462 2268 2492 nostri

1257 2519 1344 2541 anno
1360 2511 1482 2549 primo.
1504 2523 1517 2538 »

1788 2668 1913 2701 Viterbe,
1929 2670 1963 2697 28
1983 2670 2098 2696 octobre
2116 2671 2192 2697 1201.

1344 2669 1442 2700 2873

1290 2752 1391 2779 Abbati
1410 2752 1578 2779 monasterii
1595 2761 1617 2779 s.
1639 2753 1776 2785 Pastoris,
1790 2754 1988 2781 Cisterciensis
1999 2754 2118 2787 ordinis,
2131 2756 2266 2783 Reatinae

1253 2800 1385 2830 diocesis.
1400 2802 1518 2828 mandat
1529 2801 1639 2828 dividat
1650 2810 1781 2830 mensam
1794 2803 1987 2838 episcopalem
1999 2812 2016 2831 a
2032 2811 2133 2831 mensa
2148 2804 2266 2839 capituli

1253 2850 1364 2877 Reatini
1379 2850 1461 2885 juxta
1477 2850 1590 2877 litteras
1609 2851 1737 2886 Gregorii
1752 2859 1842 2886 papae
1864 2860 1904 2883 ιχ,
1922 2853 2058 2880 mandato
2077 2854 2210 2888 magistri
2231 2855 2266 2881 de

1254 2899 1369 2929 Pennis,
1392 2899 1540 2933 scriptoris
1556 2899 1720 2934 apostolici,
1740 2908 1797 2927 non
1822 2901 1965 2929 obstante.
1990 2902 2088 2937 (Auen.
2110 2903 2205 2929 CArir.
2228 2911 2264 2930 oa

1254 2948 1347 2978 limi,
1366 2955 1385 2974 A
1401 2948 1427 2981 4,
1444 2947 1483 2974 Fd
1500 2953 1532 2974 n⁰
1547 2948 1588 2983 ὅ.)
