2519 3262
1059 213 1297 251 TROISIEME
1327 214 1490 251 ANNEE.
2258 234 2311 263 109

232 302 392 339 rinthine,
410 305 440 333 et
451 303 659 333 Fresekinus
670 303 709 333 de
720 304 871 334 Miureve
886 312 961 334 61131
972 303 1174 342 quibusdam
1188 312 1240 333 eo-

229 365 303 386 rum
334 356 557 395 complicibus
586 356 625 386 de
651 357 739 386 dicto
759 365 872 394 regno,
893 365 951 394 pro
970 365 1007 385 eo
1026 355 1238 393 (1110111111-1113

227 408 397 438 Johannes
407 409 526 439 Cumin
539 410 570 439 et
583 409 635 438 sui
646 408 1020 447 complices‚malitiose
1033 407 1238 437 3613130131-

228 463 390 499 ponentes
408 462 507 491 dictis
517 461 660 492 Jolianni
678 461 800 492 833361
813 462 844 490 et
858 460 1014 495 Isabelle‚
1033 460 1131 489 uxori
1152 460 1237 498 ejus,

227 514 481 553 crucesignatis,
496 514 585 553 quod
608 514 674 552 ipsi
698 513 867 552 quondam
886 512 1079 542 NValterum
1103 513 1236 549 Cumin,

228 566 309 596 olim
320 567 428 605 ipsius
438 566 581 597 Isabelle
592 566 714 601 virum,
727 566 955 599 extinxerant,
968 574 1133 595 venenum
1144 566 1172 595 ei
1186 574 1235 596 36·

227 619 338 658 quiter
353 619 573 658 propinando,
588 618 682 657 ipsos
699 619 811 648 virum
829 621 861 648 et
874 627 1013 648 uxorem
1027 620 1161 657 propter
1178 619 1238 648 1106

226 673 416 702 temeritate
434 671 598 710 pr0[p]ria
612 671 685 710 capi
704 671 850 701 fecerant
867 673 898 701 et
911 671 1053 701 detineri
1072 672 1235 710 captivos,

227 725 330 755 donec
356 725 423 763 ipsi
442 733 500 763 per
515 724 582 754 vim
601 725 633 754 et
651 726 790 758 metum,
812 724 869 763 qui
890 725 1007 754 cadere
1026 726 1180 762 poterant
1203 725 1235 754 in

226 778 430 812 constantes,
459 777 627 816 compulsi
648 777 780 807 fuerunt
798 777 963 816 quosdam
981 786 1112 807 annuos
1131 778 1236 807 reddi-

226 831 293 865 tus,
314 831 422 860 terras
445 831 477 860 et
494 830 731 868 possessiones
753 830 793 860 ad
810 839 867 860 eos
887 831 1091 869 spectantes,
1109 831 1238 861 comili—

225 882 288 912 bus
306 884 338 913 et
367 883 474 913 Alano
492 883 615 913 donare
632 883 807 922 predictis,
827 884 858 913 et
878 883 1053 913 comitatui
1070 884 1110 913 de
1126 884 1237 914 Mene—

224 935 305 972 thet,
335 944 409 965 cum
428 936 586 966 omnibus
608 935 744 975 juribus
764 938 795 966 et
825 936 1041 975 pertinentiis
1061 937 1145 972 suis,
1162 946 1236 967 nec-

226 997 291 1018 non
310 988 379 1027 juri
397 989 487 1027 quod
503 988 669 1019 habebant
690 989 724 1018 in
743 998 781 1020 eo
800 989 993 1020 renuntiare
1021 998 1080 1028 per
1106 990 1236 1020 litteras

226 1050 306 1072 suas
329 1042 495 1080 patentes,
515 1042 694 1081 ipsumque
712 1043 909 1072 comitatum
927 1043 1076 1081 predicto
1092 1043 1237 1073 ι1011311111

224 1094 347 1124 Cumin
372 1096 404 1125 et
429 1095 501 1134 ejus
528 1095 709 1125 heredibus
735 1096 917 1126 concedere
937 1095 977 1125 ab
998 1096 1047 1126 eis
1076 1098 1237 1135 perpetuo

225 1148 481 1186 possidendum,
507 1157 544 1178 ac
572 1149 722 1187 prestare
744 1148 987 1178 nichilominus
1006 1148 1235 1188 juramentum

226 1201 314 1240 quod
344 1210 484 1240 regnum
512 1201 626 1240 ipsum
650 1202 793 1238 exirent,
815 1202 855 1231 ad
875 1201 959 1232 illud
976 1202 1170 1232 nullatenus
1189 1211 1236 1232 re-

225 1255 369 1290 versuri,
389 1254 455 1284 nisi
467 1255 508 1285 ad
523 1254 770 1285 transmarinas
782 1257 896 1293 partes
908 1255 1067 1294 primitus
1083 1257 1238 1285 36113113-

227 1307 353 1338 ferrent
381 1309 414 1338 et
447 1317 466 1338 a
494 1308 642 1338 Johanne
673 1308 795 1338 Cumin
835 1310 1074 1338 revocarentur
1107 1309 1234 1345 eodem,

227 1360 382 1399 quodque
399 1369 458 1399 per
470 1361 719 1392 revocationem
729 1361 975 1400 hujusmodiad
990 1362 1078 1392 idem
1097 1370 1236 1401 regnum

226 1413 336 1444 redire
350 1423 413 1444 11011
424 1415 573 1453 possent,
584 1414 650 1444 nisi
664 1423 722 1453 per
734 1416 864 1453 septem
876 1414 1020 1445 barones
1037 1415 1117 1445 dicti
1130 1416 1235 1454 regni,

226 1475 325 1505 pares
342 1467 425 1505 ejus,
446 1467 498 1497 vel
516 1467 630 1506 plures
648 1467 762 1504 etiam,
781 1467 822 1497 ad
838 1467 919 1497 dicti
933 1468 1098 1497 Johannis
1115 1468 1235 1498 Cumin

227 1519 489 1558 beneplacitum,
509 1529 527 1549 a
540 1520 680 1550 crimine
699 1520 791 1550 necis
813 1520 935 1558 prefati
951 1521 1097 1551 XValteri
1116 1521 1237 1551 Cumin

227 1581 263 1603 se
280 1581 422 1611 purgare
449 1573 615 1608 curarent,
637 1575 668 1603 et
693 1573 797 1603 donec
814 1573 962 1604 nobilem
982 1573 1091 1603 virum
1110 1573 1238 1604 Rober-

226 1628 298 1656 tum
318 1626 454 1660 Russel,
483 1626 593 1665 ipsius
612 1626 776 1657 «Iohannis
797 1627 920 1657 Hussel
938 1635 1147 1665 germanum,
1167 1636 1239 1665 pre-

229 1679 298 1710 fato
316 1679 462 1709 ‚lolianni
479 1679 600 1709 Cumin
621 1679 794 1709 dedissent
820 1679 984 1713 obsidem,
1003 1680 1131 1709 tamdiu
1156 1680 1238 1710 deti-

228 1733 375 1763 nendum
403 1735 443 1762 ab
469 1741 506 1762 eo
529 1740 705 1771 quousque
724 1734 832 1763 cartas
848 1733 989 1771 predicti
1006 1733 1187 1763 comitatus
1206 1734 1238 1763 et

227 1786 511 1824 pertinentiarum
535 1785 607 1824 ejus
636 1785 745 1815 eidem
762 1785 907 1815 Johanni
928 1786 1050 1816 Cumin
1075 1788 1237 1824 perpetuo

230 1839 452 1878 resignarent.

270 1891 486 1930 Suggestioni
505 1899 637 1930 quoque
656 1891 852 1929 hujusmodi
875 1891 937 1921 fuit
963 1892 1130 1929 adjectum
1148 1892 1237 1930 qurd

229 1944 399 1975 ι]011311363
422 1944 555 1979 cumin,
590 1944 730 1974 comites
760 1946 791 1974 et
826 1944 884 1974 alii
915 1945 1100 1983 supradicti
1123 1947 1238 1975 contra

228 1997 415 2028 ι1011333631
434 1997 558 2028 Russel
586 1999 618 2027 et
645 1997 826 2027 Isabellam
854 1997 1016 2036 prefatos,
1049 1998 1082 2028 13
1105 2006 1238 2029 6316616

229 2051 431 2081 constitutos
463 2060 499 2080 ac
530 2050 632 2080 etiam
660 2050 865 2087 indefensos,
898 2052 1096 2081 auctoritate
1129 2051 1238 2090 ipsius

228 2104 329 2143 regis,
351 2104 430 2133 dum
450 2103 556 2134 adhuc
577 2104 720 2133 minoris
737 2104 838 2134 etatis
861 2104 1035 2139 existeret,
1064 2105 1238 2135 occasione

228 2157 434 2196 hujusmodi,
472 2165 678 2195 quamquam
716 2166 782 2187 non
811 2158 980 2187 constaret
1018 2166 1075 2187 eos
1112 2158 1239 2187 crimen

228 2210 442 2241 commisisse
481 2210 682 2249 predictum,
722 2209 763 2239 ab
796 2210 883 2248 ipsis
925 2211 1122 2240 comitatum
1160 2220 1239 2241 eun-

228 2264 315 2300 dem,
341 2264 393 2294 cui
423 2263 629 2298 renuntiare,
646 2264 745 2301 prout
772 2263 931 2301 superius
952 2265 1002 2293 est
1024 2272 1237 2302 expressum,

229 2317 333 2347 coacti
362 2316 507 2352 fuerant,
543 2315 730 2355 abjudicari
756 2317 788 2345 et
822 2315 862 2346 de
893 2316 1055 2346 comitatu
1077 2320 1109 2347 et
1138 2317 1240 2355 perti-

229 2370 354 2400 nentiis
374 2370 458 2408 ipsis
475 2369 619 2399 eundem
637 2369 831 2399 XValterum
848 2369 966 2399 Bulloc
985 2370 1239 2407 pretendentem

229 2423 318 2461 quod
328 2422 417 2452 dicta
434 2422 649 2456 Maria‚uxor
666 2430 738 2457 sua,
753 2423 843 2452 esset
859 2421 957 2452 heres
970 2423 1151 2453 comitatus
1168 2432 1238 2462 pre-

229 2475 321 2511 dicti,
340 2477 455 2506 contra
476 2475 646 2514 justitiam
665 2475 822 2505 investiri
847 2477 1120 2513 procuraverant,
1140 2478 1172 2507 et
1191 2477 1236 2506 ni-

229 2528 434 2558 chilominus
451 2528 657 2566 sepedictam
680 2527 861 2558 Isabellam
880 2528 1074 2559 renuntiare
1091 2530 1240 2560 totaliter

230 2581 299 2611 doti
320 2590 390 2617 suc,
409 2580 602 2619 dictumque
627 2580 814 2611 ι1011333631
833 2581 958 2611 Russel
973 2583 1163 2613 consentire
1182 2583 1241 2612 hu-

226 2634 376 2673 jusmodi
394 2632 638 2663 renuntiationi
655 2634 832 2671 coegerant
847 2642 855 2668 ;
876 2633 991 2672 sicque
1008 2635 1150 2672 predicti
1168 2644 1240 2665 6111-

231 2687 393 2726 cesignati
422 2686 568 2724 dampna
593 2685 708 2724 gravia
734 2686 945 2716 incurrerant
973 2688 1005 2716 et
1021 2696 1189 2726 expensas
1210 2690 1242 2719 et

230 2741 299 2771 voti
325 2740 478 2770 executio
498 2738 746 2777 impediebatur
763 2747 899 2775 eorum,
918 2741 1054 2777 propter
1073 2742 1161 2779 quod
1181 2750 1242 2771 nos

231 2793 352 2823 dilecto
376 2792 446 2823 tilio
467 2792 590 2822 Poncio
614 2791 758 2825 Nicolai,
782 2791 957 2829 capellano
976 2794 1103 2830 nostro,
1123 2803 1238 2832 prepo-

230 2847 295 2877 sito
315 2845 456 2876 ecclesie
484 2844 759 2878 Montis-Sinisii,
779 2844 936 2874 dedimus
952 2853 1011 2883 per
1035 2848 1168 2876 nostras
1188 2847 1239 2877 lit-

231 2901 322 2930 teras
352 2899 385 2928 111
410 2898 578 2938 preceptis
604 2899 652 2933 ut,
677 2898 715 2927 ad
745 2897 872 2927 dictum
900 2897 1096 2928 comitatum
1125 2908 1184 2930 seu
1202 2901 1243 2930 ad

357 2952 497 2980 URBAIN
518 2950 571 2982 IV,
592 2953 613 2978 t,
637 2950 692 2981 ΙΙΙ,
716 2951 782 2983 Req.
805 2949 866 2977 ord.

1302 311 1441 342 regnum
1470 305 1595 343 ipsum,
1616 307 1644 336 si
1663 316 1778 338 secure
1808 309 1889 339 illuc
1906 313 2020 349 posset
2039 314 2207 351 accedere,
2228 317 2308 347 alio-

1299 357 1380 395 quin
1405 358 1444 387 ad
1462 359 1575 396 partes
1593 359 1657 398 ipsi
1675 369 1776 399 regno
1797 362 1925 392 vicinas
1943 372 1978 394 se
1996 367 2218 403 personaliter
2235 379 2306 400 con-

1298 409 1421 445 ferens,
1450 411 1577 441 vocatis
1603 413 1660 450 qui
1681 414 1820 444 vocandi
1839 415 1958 452 forent,
1977 417 2004 446 si
2027 418 2188 457 inquisita
2207 429 2308 460 super

1298 461 1363 492 11113
1380 463 1419 492 116
1436 463 1537 502 plano
1553 466 1583 494 et
1595 464 1721 504 absque
1735 467 1940 505 judiciorum
1954 471 2097 509 strepitu
2110 472 2308 511 diligentius

1298 515 1451 549 veritate,
1478 516 1523 546 ita
1547 517 1613 547 sibi
1641 528 1715 549 esse
1744 522 1924 558 constaret,
1954 523 2144 560 donatione,
2174 535 2307 557 conces-

1298 568 1403 604 sione,
1435 569 1674 608 resignatione,
1708 574 2027 612 renuntiationibus,
2051 577 2189 612 litteris,
2215 580 2307 617 jura-

1299 623 1409 651 mento
1426 623 1458 652 et
1485 622 1731 661 abjudicatione
1752 627 1912 664 predictis
1938 637 2149 668 nequaquam
2172 632 2304 661 obstan-

1297 673 1400 710 tibus,
1432 675 1558 705 dictum
1589 678 1800 714 comitatum,
1828 689 1903 709 cum
1939 681 2095 712 omnibus
2120 683 2257 722 juribus
2276 687 2307 714 et

1297 727 1512 765 pertinentiis
1536 729 1619 763 31113,
1641 730 1816 770 dictosque
1842 733 2006 770 redditus,
2034 736 2152 771 terras,
2176 745 2308 775 posses-

1297 779 1411 810 siones
1428 782 1460 810 et
1476 781 1586 811 dotent
1604 791 1639 812 ac
1658 783 1725 813 alia
1744 785 1911 822 premissa
1928 785 2014 816 bona
2033 789 2182 819 totaliter
2199 799 2216 819 a
2235 799 2308 828 pre-

1297 832 1398 863 dictis
1422 833 1594 865 nobilibus
1618 839 1791 874 occupata,
1810 838 1937 868 eisdem
1956 841 2198 881 crucesignatis
2214 844 2307 874 resti·

1297 885 1359 921 tui,
1385 895 1513 917 necnon
1532 888 1571 917 de
1589 888 1745 928 dampnis
1757 892 1789 920 et
1813 892 1973 930 expensis
1991 902 2054 931 que
2072 896 2103 925 et
2124 904 2208 933 quas
2230 896 2306 934 ipsi,

1297 940 1471 969 occasione
1483 939 1688 979 hujusmodi,
1701 942 1922 978 incurrerant,
1935 946 2093 976 satisfieri
2113 947 2220 978 facere
2237 957 2309 986 pro-

1298 994 1441 1023 curaret.
1457 994 1730 1026 Contradictores
1747 998 1807 1026 etc.
1827 1006 1933 1036 usque
1951 1001 2203 1038 compescendo.
2223 1004 2307 1032 Sane

1298 1046 1471 1084 predictus
1502 1048 1708 1085 prepositus,
1740 1050 1847 1079 nostri
1877 1051 2026 1082 mandati
2045 1053 2185 1083 formam
2216 1063 2309 1085 exce·

1298 1098 1392 1135 dens,
1410 1099 1488 1129 licet
1510 1100 1550 1129 ad
1568 1101 1757 1139 predictum
1775 1111 1913 1141 regnum
1938 1112 2053 1135 secure
2071 1107 2239 1145 potuisset
2259 1115 2309 1136 ac-

1298 1152 1427 1185 cedere,
1448 1154 1559 1183 tamen
1586 1154 1627 1183 ad
1645 1156 1827 1186 eorundem
1846 1157 1935 1195 regis
1953 1159 1985 1187 et
2000 1159 2093 1197 regni
2112 1167 2306 1197 gravamen,

1298 1206 1397 1243 prout
1418 1205 1542 1236 indicat
1555 1209 1707 1245 eventus,
1728 1210 1896 1248 aspirans,
1915 1219 2026 1250 regem
2046 1212 2157 1250 ipsum
2177 1221 2213 1243 ac
2230 1221 2308 1243 non-

1299 1258 1410 1288 nullos
1425 1259 1574 1297 prelatos
1590 1261 1621 1290 et
1639 1261 1792 1298 60311163,
1811 1262 1953 1294 barones
1970 1266 2002 1294 et
2017 1264 2148 1295 nobiles
2165 1274 2201 1295 ac
2222 1265 2308 1296 alios

1298 1311 1391 1350 regni
1412 1312 1562 1351 ejusdem
1578 1315 1673 1344 extra
1692 1323 1833 1354 regnum
1851 1316 1963 1355 ipsum
1989 1318 2029 1347 ad
2058 1327 2154 1348 suam
2173 1327 2308 1357 presen-

1298 1365 1392 1397 tiam,
1409 1365 1603 1404 hujusmodi
1617 1369 1802 1405 occasione,
1819 1369 1946 1406 citavit,
1961 1371 2171 1408 comitatum,
2186 1374 2306 1409 161133,

1298 1419 1533 1456 possessiones
1548 1421 1579 1449 et
1598 1419 1684 1450 bona
1699 1422 1849 1459 predicta
1868 1423 2012 1454 ,Iohanni
2032 1425 2156 1455 Russel
2174 1434 2209 1455 ac
2226 1425 2308 1455 Ysa-

1298 1469 1397 1506 belle,
1415 1471 1594 1507 uxorisne,
1613 1473 1810 1512 adjudicans
1827 1475 1974 1506 indebite
1988 1478 2196 1513 memoratis,
2215 1480 2243 1508 et
2258 1478 2305 1507 ni-

1298 1523 1500 1554 chilominus
1518 1525 1549 1554 in
1565 1526 1783 1564 quamplures
1800 1528 1978 1566 episcopos
1995 1530 2026 1559 et
2042 1530 2189 1567 prelatos
2207 1531 2304 1567 alios,

1298 1576 1450 1610 comites,
1485 1577 1642 1613 barones,
1684 1578 1815 1609 nobiles
1849 1582 1880 1610 et
1913 1581 1999 1611 31103
2031 1583 2123 1620 regni
2154 1583 2303 1621 ejusdem

1297 1631 1523 1667 proponentes
1540 1639 1651 1660 coram
1674 1640 1711 1661 eo
1729 1640 1764 1662 se
1793 1641 1858 1662 non
1876 1633 1996 1664 debere
2016 1636 2147 1665 evocari
2169 1638 2306 1674 propter

1297 1681 1358 1711 hoc
1380 1684 1475 1712 extra
1501 1691 1641 1721 regnum
1672 1685 1852 1722 prefatum,
1880 1696 1916 1716 ac
1945 1687 2098 1718 nolentes
2123 1697 2234 1718 coram
2267 1698 2304 1719 eo

1298 1735 1430 1773 litigare
1460 1744 1519 1765 3611
1550 1745 1667 1774 parere
1687 1737 1752 1767 sibi
1775 1738 1807 1767 in
1826 1738 1897 1769 loco
1926 1739 1996 1775 illo,
2018 1741 2104 1771 sicut
2127 1750 2184 1771 1166
2204 1742 2305 1771 etiam

1298 1787 1508 1823 tenebantur,
1526 1791 1662 1827 propter
1682 1790 1742 1820 1106-
1759 1791 1912 1821 diversas
1931 1795 2305 1832 excommunicationis,

1298 1842 1535 1880 suspensionis
1557 1845 1586 1872 et
1614 1843 1783 1874 interdicti
1806 1846 2032 1884 promulgavit
2053 1849 2250 1883 sententias²
2276 1850 2307 1878 et

1297 1895 1405 1924 totum
1425 1903 1564 1934 regnum
1594 1897 1781 1934 predictum
1809 1900 1953 1937 supponi
1984 1900 2061 1930 t'ecit
2078 1901 2306 1932 ecclesiastico

1298 1947 1487 1984 interdicto,
1508 1948 1541 1977 111
1560 1948 1668 1987 ipsius
1686 1951 1774 1989 regis
1792 1952 1823 1981 et
1838 1952 2063 1989 predictorum
2084 1955 2306 1992 prejudicium

1298 2002 1329 2030 et
1346 2009 1538 2040 gravamen.
1557 2003 1667 2037 Quare
1695 2004 1865 2041 predictus
1884 2014 1941 2035 rex
1969 2015 2163 2045 processum
2184 2016 2305 2037 memo-

1298 2054 1361 2084 rati
1379 2055 1554 2093 prepositi,
1584 2058 1751 2094 quatenus
1779 2057 1818 2087 de
1836 2058 1921 2088 facto
1948 2060 2124 2097 processit,
2143 2061 2239 2099 petiit
2259 2070 2305 2091 re-

1297 2107 1422 2142 vocari,
1434 2116 1469 2137 ac
1490 2108 1644 2139 interdici
1661 2110 1810 2148 predicto
1827 2112 1950 2141 Poncio
1966 2113 2054 2150 quod
2067 2122 2113 2149 se,
2128 2114 2166 2143 de
2185 2117 2306 2151 cetero,

1299 2160 1338 2190 de
1356 2169 1457 2190 causa
1489 2161 1562 2199 ipsa
1584 2163 1779 2193 nullatenus
1809 2164 2023 2198 intromittat,
2057 2168 2089 2195 et
2121 2167 2306 2204 predictam

1299 2213 1470 2244 interdicti
1497 2216 1698 2245 sententiam
1728 2217 1968 2248 nichilominus
1993 2220 2153 2250 revocari.
2180 2221 2305 2250 Verum

1298 2267 1694 2310 ([1113,316111311336113111
1712 2269 1950 2304 intelliximus,
1970 2281 2010 2301 ex
2028 2272 2219 2309 hujusmodi
2233 2282 2306 2312 pro-

1298 2328 1396 2350 cessu
1414 2321 1591 2350 memorati
1609 2322 1772 2360 capellani
1790 2332 1890 2361 grave
1910 2324 1942 2353 111
1961 2324 2202 2364 prefatoregno
2222 2326 2308 2357 inter

1299 2373 1458 2411 prelatOS,
1478 2374 1609 2404 nobiles
1631 2376 1662 2404 et
1680 2375 1764 2406 alias
1792 2385 1954 2414 personas
1983 2378 2147 2416 ejusdem,
2171 2380 2306 2410 scanda-

1299 2427 1369 2456 lum
1387 2428 1436 2456 est
1465 2429 1633 2461 exortum,
1654 2437 1727 2464 1103,
1748 2429 1805 2467 qui
1833 2430 1959 2460 dictum
1980 2440 2132 2470 regnum,
2150 2432 2191 2462 ob
2210 2433 2307 2463 devo-

1299 2479 1423 2510 tionem
1452 2480 1618 2510 sinceram
1639 2490 1739 2519 quani
1766 2482 1875 2512 dictus
1894 2491 1952 2513 rex
1969 2492 2005 2513 ac
2026 2484 2134 2523 ipsius
2151 2486 2244 2524 regni
2263 2487 2310 2516 in—

1299 2532 1369 2562 cole
1378 2532 1418 2562 311
1429 2533 1615 2563 Romanam
1626 2536 1743 2572 gerunt
1754 2537 1784 2565 et
1794 2535 1954 2566 hactenus
1964 2537 2113 2576 gessisse
2124 2540 2310 2569 noscuntur

1299 2585 1490 2619 ecclesiam,
1519 2586 1636 2617 intime
1663 2587 1855 2618 dilectionis
1887 2591 2124 2629 amplectimur
2149 2591 2309 2626 brachiis,

1300 2638 1451 2668 volentes
1478 2647 1579 2677 super
1604 2640 1677 2676 hoc,
1710 2650 1751 2671 ex
1782 2641 1932 2680 injuncto
1964 2643 2061 2674 nobis
2090 2645 2309 2683 apostolatus,

1300 2692 1399 2729 prout
1417 2692 1582 2727 tenemur,
1596 2693 1718 2727 officio,
1738 2694 1861 2731 taliter,
1878 2696 1950 2726 sine
1967 2696 2096 2728 lesione
2116 2700 2226 2728 tamen
2238 2698 2312 2736 jus-

1300 2744 1385 2780 titie,
1403 2745 1592 2783 providere,
1614 2747 1649 2776 ut
1674 2746 1868 2785 hujusmodi
1895 2752 2148 2780 summoveatur
2176 2751 2312 2780 scanda-

1300 2797 1369 2826 lum
1397 2798 1654 2838 animarumque
1683 2801 1845 2838 periculis
1865 2802 2123 2833 imminentibus
2142 2803 2308 2839 obvietur,

1302 2849 1498 2880 discretioni
1529 2854 1639 2882 vestre
1667 2854 1867 2884 mandamus
1896 2858 2073 2893 quatenus,
2102 2856 2229 2886 vocatis
2253 2856 2310 2894 qui

1302 2902 1427 2933 fuerint
1444 2905 1616 2941 evocandi,
1636 2907 1667 2935 et
1684 2906 1810 2937 auditis
1822 2906 1898 2937 hinc
1916 2908 1991 2938 inde
2008 2909 2204 2947 propositis,
2222 2909 2310 2946 quod

2153 2962 2187 2978 ψ)
