<?xml version="1.0" encoding="UTF-8"?>
<!DOCTYPE html PUBLIC "-//W3C//DTD XHTML 1.0 Transitional//EN"
    "http://www.w3.org/TR/xhtml1/DTD/xhtml1-transitional.dtd">
<html xmlns="http://www.w3.org/1999/xhtml" xml:lang="en" lang="en">
 <head>
  <title>
</title>
<meta http-equiv="Content-Type" content="text/html;charset=utf-8" />
  <meta name='ocr-system' content='tesseract 3.04.00' />
  <meta name='ocr-capabilities' content='ocr_page ocr_carea ocr_par ocr_line ocrx_word'/>
</head>
<body>
  <div class='ocr_page' id='page_1' title='image "./lesregistresdurb34cath/lesregistresdurb34cath_0839.png"; bbox 0 0 2659 3242; ppageno 0'>
   <div class='ocr_carea' id='block_1_1' title="bbox 59 737 201 820">
    <p class='ocr_par' dir='ltr' id='par_1_1' title="bbox 59 737 201 820">
     <span class='ocr_line' id='line_1_1' title="bbox 81 737 160 765; baseline 0.013 -1"><span class='ocrx_word' id='word_1_1' title='bbox 81 737 160 765; x_wconf 77' lang='lat'><strong>1262</strong></span> 
     </span>
     <span class='ocr_line' id='line_1_2' title="bbox 59 785 201 820; baseline 0 -6"><span class='ocrx_word' id='word_1_2' title='bbox 59 785 130 820; x_wconf 77' lang='lat' dir='ltr'>juin</span> <span class='ocrx_word' id='word_1_3' title='bbox 151 786 201 814; x_wconf 84' lang='grc'>22.</span> 
     </span>
    </p>
   </div>
   <div class='ocr_carea' id='block_1_2' title="bbox 55 990 197 1072">
    <p class='ocr_par' dir='ltr' id='par_1_2' title="bbox 55 990 197 1072">
     <span class='ocr_line' id='line_1_3' title="bbox 79 990 158 1017; baseline 0.013 -1"><span class='ocrx_word' id='word_1_4' title='bbox 79 991 91 1016; x_wconf 92' lang='grc'>1</span> <span class='ocrx_word' id='word_1_5' title='bbox 98 990 158 1017; x_wconf 84' lang='grc'>262</span> 
     </span>
     <span class='ocr_line' id='line_1_4' title="bbox 55 1037 197 1072; baseline 0 -6"><span class='ocrx_word' id='word_1_6' title='bbox 55 1037 126 1072; x_wconf 82' lang='lat' dir='ltr'>juin</span> <span class='ocrx_word' id='word_1_7' title='bbox 148 1039 197 1066; x_wconf 87' lang='grc'>26.</span> 
     </span>
    </p>
   </div>
   <div class='ocr_carea' id='block_1_3' title="bbox 52 1242 232 1326">
    <p class='ocr_par' dir='ltr' id='par_1_3' title="bbox 52 1242 232 1326">
     <span class='ocr_line' id='line_1_5' title="bbox 75 1242 154 1270; baseline 0 0"><span class='ocrx_word' id='word_1_8' title='bbox 75 1242 154 1270; x_wconf 85' lang='grc'>1262</span> 
     </span>
     <span class='ocr_line' id='line_1_6' title="bbox 52 1291 232 1326; baseline 0.006 -8"><span class='ocrx_word' id='word_1_9' title='bbox 52 1291 160 1326; x_wconf 84' lang='lat' dir='ltr'>juillet</span> <span class='ocrx_word' id='word_1_10' title='bbox 185 1293 232 1319; x_wconf 64' lang='grc' dir='ltr'>1εἲ</span> 
     </span>
    </p>
   </div>
   <div class='ocr_carea' id='block_1_4' title="bbox 48 1505 228 1589">
    <p class='ocr_par' dir='ltr' id='par_1_4' title="bbox 48 1505 228 1589">
     <span class='ocr_line' id='line_1_7' title="bbox 72 1505 152 1533; baseline 0.013 -1"><span class='ocrx_word' id='word_1_11' title='bbox 72 1505 152 1533; x_wconf 81' lang='lat'>1262</span> 
     </span>
     <span class='ocr_line' id='line_1_8' title="bbox 48 1553 228 1589; baseline 0.006 -7"><span class='ocrx_word' id='word_1_12' title='bbox 48 1553 158 1589; x_wconf 78' lang='lat' dir='ltr'>juillet</span> <span class='ocrx_word' id='word_1_13' title='bbox 200 1555 228 1583; x_wconf 91' lang='lat'>7.</span> 
     </span>
    </p>
   </div>
   <div class='ocr_carea' id='block_1_5' title="bbox 66 1909 146 1937">
    <p class='ocr_par' dir='ltr' id='par_1_5' title="bbox 66 1909 146 1937">
     <span class='ocr_line' id='line_1_9' title="bbox 66 1909 146 1937; baseline 0 0"><span class='ocrx_word' id='word_1_14' title='bbox 66 1910 79 1937; x_wconf 89' lang='lat'>1</span> <span class='ocrx_word' id='word_1_15' title='bbox 84 1909 146 1937; x_wconf 80' lang='grc'>262</span> 
     </span>
    </p>
   </div>
   <div class='ocr_carea' id='block_1_6' title="bbox 0 1957 225 1993">
    <p class='ocr_par' dir='ltr' id='par_1_6' title="bbox 0 1957 225 1993">
     <span class='ocr_line' id='line_1_10' title="bbox 0 1957 225 1993; baseline 0 -6"><span class='ocrx_word' id='word_1_16' title='bbox 0 1968 4 1971; x_wconf 94' lang='grc'><em>·</em></span> <span class='ocrx_word' id='word_1_17' title='bbox 44 1957 153 1993; x_wconf 74' lang='lat' dir='ltr'>juillet</span> <span class='ocrx_word' id='word_1_18' title='bbox 177 1959 225 1987; x_wconf 92' lang='lat'>10.</span> 
     </span>
    </p>
   </div>
   <div class='ocr_carea' id='block_1_7' title="bbox 248 738 376 767">
    <p class='ocr_par' dir='ltr' id='par_1_7' title="bbox 248 738 376 767">
     <span class='ocr_line' id='line_1_11' title="bbox 248 738 376 767; baseline 0 0"><span class='ocrx_word' id='word_1_19' title='bbox 248 738 376 767; x_wconf 80' lang='lat' dir='ltr'>Viierbe.</span> 
     </span>
    </p>
   </div>
   <div class='ocr_carea' id='block_1_8' title="bbox 900 233 1674 269">
    <p class='ocr_par' dir='ltr' id='par_1_8' title="bbox 900 233 1674 269">
     <span class='ocr_line' id='line_1_12' title="bbox 900 233 1674 269; baseline 0.01 -8"><span class='ocrx_word' id='word_1_20' title='bbox 900 233 1070 263; x_wconf 84' lang='lat' dir='ltr'>TABLES</span> <span class='ocrx_word' id='word_1_21' title='bbox 1089 234 1147 264; x_wconf 93' lang='lat' dir='ltr'>DU</span> <span class='ocrx_word' id='word_1_22' title='bbox 1169 235 1386 266; x_wconf 81' lang='lat' dir='ltr'>REGISTRE</span> <span class='ocrx_word' id='word_1_23' title='bbox 1405 238 1612 269; x_wconf 83' lang='lat' dir='ltr'>D’URBAIN</span> <span class='ocrx_word' id='word_1_24' title='bbox 1635 242 1674 269; x_wconf 61' lang='lat' dir='ltr'>lx·</span> 
     </span>
    </p>
   </div>
   <div class='ocr_carea' id='block_1_9' title="bbox 995 327 1232 353">
    <p class='ocr_par' dir='ltr' id='par_1_9' title="bbox 995 327 1232 353">
     <span class='ocr_line' id='line_1_13' title="bbox 995 327 1232 353; baseline 0.004 -6"><span class='ocrx_word' id='word_1_25' title='bbox 995 327 1079 353; x_wconf 61' lang='lat' dir='ltr'>Pagos.</span> <span class='ocrx_word' id='word_1_26' title='bbox 1098 327 1232 349; x_wconf 73' lang='lat' dir='ltr'>Numeros.</span> 
     </span>
    </p>
   </div>
   <div class='ocr_carea' id='block_1_10' title="bbox 422 390 1140 712">
    <p class='ocr_par' dir='ltr' id='par_1_10' title="bbox 422 390 1028 662">
     <span class='ocr_line' id='line_1_14' title="bbox 429 390 1028 425; baseline -0.003 -7"><span class='ocrx_word' id='word_1_27' title='bbox 429 391 612 425; x_wconf 87' lang='lat' dir='ltr'>hujusmodi</span> <span class='ocrx_word' id='word_1_28' title='bbox 636 393 714 417; x_wconf 85' lang='lat' dir='ltr'>vota</span> <span class='ocrx_word' id='word_1_29' title='bbox 739 391 865 417; x_wconf 87' lang='lat' dir='ltr'>illorum</span> <span class='ocrx_word' id='word_1_30' title='bbox 892 390 947 425; x_wconf 90' lang='lat' dir='ltr'>qui</span> <span class='ocrx_word' id='word_1_31' title='bbox 972 397 1028 425; x_wconf 86' lang='lat' dir='ltr'>pro</span> 
     </span>
     <span class='ocr_line' id='line_1_15' title="bbox 427 439 1026 473; baseline -0.003 -6"><span class='ocrx_word' id='word_1_32' title='bbox 427 442 542 467; x_wconf 77' lang='lat' dir='ltr'>&#39;l&#39;errae</span> <span class='ocrx_word' id='word_1_33' title='bbox 570 440 706 467; x_wconf 77' lang='lat' dir='ltr'>Sanctae</span> <span class='ocrx_word' id='word_1_34' title='bbox 732 439 873 466; x_wconf 87' lang='lat' dir='ltr'>subsidio</span> <span class='ocrx_word' id='word_1_35' title='bbox 902 439 1026 473; x_wconf 83' lang='lat' dir='ltr'>signum</span> 
     </span>
     <span class='ocr_line' id='line_1_16' title="bbox 423 486 1028 523; baseline 0 -9"><span class='ocrx_word' id='word_1_36' title='bbox 423 486 534 515; x_wconf 79' lang='lat' dir='ltr'>Crucis</span> <span class='ocrx_word' id='word_1_37' title='bbox 570 489 808 523; x_wconf 81' lang='lat' dir='ltr'><strong>assumpserint,</strong></span> <span class='ocrx_word' id='word_1_38' title='bbox 844 490 922 516; x_wconf 86' lang='lat' dir='ltr'>voto</span> <span class='ocrx_word' id='word_1_39' title='bbox 958 488 1028 515; x_wconf 92' lang='lat' dir='ltr'>reli-</span> 
     </span>
     <span class='ocr_line' id='line_1_17' title="bbox 424 537 1015 569; baseline 0.002 -7"><span class='ocrx_word' id='word_1_40' title='bbox 424 537 527 569; x_wconf 83' lang='lat' dir='ltr'>gionis</span> <span class='ocrx_word' id='word_1_41' title='bbox 568 539 599 564; x_wconf 89' lang='lat' dir='ltr'>et</span> <span class='ocrx_word' id='word_1_42' title='bbox 644 537 805 564; x_wconf 89' lang='lat' dir='ltr'>castitatis</span> <span class='ocrx_word' id='word_1_43' title='bbox 848 537 1015 564; x_wconf 79' lang='lat' dir='ltr'>dumtaxat</span> 
     </span>
     <span class='ocr_line' id='line_1_18' title="bbox 426 585 1023 620; baseline 0 -8"><span class='ocrx_word' id='word_1_44' title='bbox 426 587 572 620; x_wconf 79' lang='lat' dir='ltr'>excepto,</span> <span class='ocrx_word' id='word_1_45' title='bbox 615 586 647 612; x_wconf 91' lang='lat' dir='ltr'>in</span> <span class='ocrx_word' id='word_1_46' title='bbox 688 585 871 620; x_wconf 90' lang='lat' dir='ltr'>hujusmodi</span> <span class='ocrx_word' id='word_1_47' title='bbox 910 587 1023 613; x_wconf 85' lang='lat' dir='ltr'>votum</span> 
     </span>
     <span class='ocr_line' id='line_1_19' title="bbox 422 632 581 662; baseline 0.025 -4"><span class='ocrx_word' id='word_1_48' title='bbox 422 632 542 662; x_wconf 76' lang='lat' dir='ltr'>Crucis.</span> <span class='ocrx_word' id='word_1_49' title='bbox 571 644 581 658; x_wconf 71' lang='lat' dir='ltr'>u</span> 
     </span>
    </p>

    <p class='ocr_par' dir='ltr' id='par_1_11' title="bbox 1026 690 1140 712">
     <span class='ocr_line' id='line_1_20' title="bbox 1026 690 1140 712; baseline 0 -1"><span class='ocrx_word' id='word_1_50' title='bbox 1026 692 1089 712; x_wconf 83' lang='lat' dir='ltr'>tome</span> <span class='ocrx_word' id='word_1_51' title='bbox 1111 690 1140 711; x_wconf 91' lang='lat' dir='ltr'>lV</span> 
     </span>
    </p>
   </div>
   <div class='ocr_carea' id='block_1_11' title="bbox 421 739 1233 963">
    <p class='ocr_par' dir='ltr' id='par_1_12' title="bbox 421 739 1233 963">
     <span class='ocr_line' id='line_1_21' title="bbox 465 739 1233 774; baseline 0 -9"><span class='ocrx_word' id='word_1_52' title='bbox 465 739 619 774; x_wconf 81' lang='lat' dir='ltr'>Magistro</span> <span class='ocrx_word' id='word_1_53' title='bbox 639 740 758 767; x_wconf 86' lang='lat' dir='ltr'>ordinis</span> <span class='ocrx_word' id='word_1_54' title='bbox 777 740 912 766; x_wconf 78' lang='lat' dir='ltr'>frat-rum</span> <span class='ocrx_word' id='word_1_55' title='bbox 934 740 1025 766; x_wconf 84' lang='lat' dir='ltr'>Prae·</span> <span class='ocrx_word' id='word_1_56' title='bbox 1042 741 1044 770; x_wconf 95' lang='grc' dir='ltr'>Ι</span> <span class='ocrx_word' id='word_1_57' title='bbox 1079 740 1116 766; x_wconf 78' lang='lat'>45</span> <span class='ocrx_word' id='word_1_58' title='bbox 1134 743 1136 771; x_wconf 83' lang='grc' dir='ltr'>Ι</span> <span class='ocrx_word' id='word_1_59' title='bbox 1156 740 1233 766; x_wconf 67' lang='grc'>2915</span> 
     </span>
     <span class='ocr_line' id='line_1_22' title="bbox 427 788 1024 823; baseline 0 -9"><span class='ocrx_word' id='word_1_60' title='bbox 427 789 605 816; x_wconf 88' lang='lat' dir='ltr'>dicatorum</span> <span class='ocrx_word' id='word_1_61' title='bbox 642 789 775 815; x_wconf 88' lang='lat' dir='ltr'>mandat</span> <span class='ocrx_word' id='word_1_62' title='bbox 814 789 954 823; x_wconf 88' lang='lat' dir='ltr'>deponat</span> <span class='ocrx_word' id='word_1_63' title='bbox 992 788 1024 814; x_wconf 93' lang='lat' dir='ltr'>in</span> 
     </span>
     <span class='ocr_line' id='line_1_23' title="bbox 423 837 1022 871; baseline -0.002 -7"><span class='ocrx_word' id='word_1_64' title='bbox 423 839 494 864; x_wconf 86' lang='lat' dir='ltr'>tuto</span> <span class='ocrx_word' id='word_1_65' title='bbox 518 838 586 864; x_wconf 90' lang='lat' dir='ltr'>loco</span> <span class='ocrx_word' id='word_1_66' title='bbox 611 837 850 871; x_wconf 79' lang='lat' dir='ltr'><strong>redemptiones</strong></span> <span class='ocrx_word' id='word_1_67' title='bbox 872 839 1022 864; x_wconf 90' lang='lat' dir='ltr'>votorum</span> 
     </span>
     <span class='ocr_line' id='line_1_24' title="bbox 421 886 722 920; baseline 0.003 -9"><span class='ocrx_word' id='word_1_68' title='bbox 421 886 722 920; x_wconf 74' lang='lat' dir='ltr'>crucesignatorum.</span> 
     </span>
     <span class='ocr_line' id='line_1_25' title="bbox 1023 941 1138 963; baseline 0 0"><span class='ocrx_word' id='word_1_69' title='bbox 1023 944 1087 963; x_wconf 79' lang='lat' dir='ltr'>tome</span> <span class='ocrx_word' id='word_1_70' title='bbox 1108 941 1138 963; x_wconf 87' lang='lat' dir='ltr'>lV</span> 
     </span>
    </p>
   </div>
   <div class='ocr_carea' id='block_1_12' title="bbox 417 992 1230 1164">
    <p class='ocr_par' dir='ltr' id='par_1_13' title="bbox 417 992 1230 1164">
     <span class='ocr_line' id='line_1_26' title="bbox 463 992 1230 1026; baseline 0 -8"><span class='ocrx_word' id='word_1_71' title='bbox 463 992 730 1026; x_wconf 87' lang='lat' dir='ltr'>Praeceptoribus</span> <span class='ocrx_word' id='word_1_72' title='bbox 747 995 779 1019; x_wconf 85' lang='lat' dir='ltr'>et</span> <span class='ocrx_word' id='word_1_73' title='bbox 798 992 951 1019; x_wconf 80' lang='lat' dir='ltr'>iratribus</span> <span class='ocrx_word' id='word_1_74' title='bbox 968 993 1021 1019; x_wconf 91' lang='lat' dir='ltr'>do-</span> <span class='ocrx_word' id='word_1_75' title='bbox 1037 993 1040 1023; x_wconf 81' lang='grc'>1</span> <span class='ocrx_word' id='word_1_76' title='bbox 1084 1002 1094 1014; x_wconf 89' lang='grc'>«</span> <span class='ocrx_word' id='word_1_77' title='bbox 1131 992 1134 1023; x_wconf 96' lang='grc' dir='ltr'>Ι</span> <span class='ocrx_word' id='word_1_78' title='bbox 1153 992 1230 1018; x_wconf 88' lang='grc'>2916</span> 
     </span>
     <span class='ocr_line' id='line_1_27' title="bbox 425 1041 1023 1075; baseline 0 -8"><span class='ocrx_word' id='word_1_79' title='bbox 425 1048 496 1067; x_wconf 92' lang='lat' dir='ltr'>mus</span> <span class='ocrx_word' id='word_1_80' title='bbox 522 1041 658 1067; x_wconf 82' lang='lat' dir='ltr'>Militiae</span> <span class='ocrx_word' id='word_1_81' title='bbox 683 1041 808 1075; x_wconf 84' lang='lat' dir='ltr'>Templi</span> <span class='ocrx_word' id='word_1_82' title='bbox 834 1041 866 1067; x_wconf 91' lang='lat' dir='ltr'>in</span> <span class='ocrx_word' id='word_1_83' title='bbox 892 1041 1023 1068; x_wconf 90' lang='lat' dir='ltr'>Provin-</span> 
     </span>
     <span class='ocr_line' id='line_1_28' title="bbox 420 1090 1022 1116; baseline 0.002 -1"><span class='ocrx_word' id='word_1_84' title='bbox 420 1090 468 1115; x_wconf 79' lang='lat' dir='ltr'>cia</span> <span class='ocrx_word' id='word_1_85' title='bbox 484 1090 650 1116; x_wconf 85' lang='lat' dir='ltr'>libertates</span> <span class='ocrx_word' id='word_1_86' title='bbox 665 1092 693 1116; x_wconf 92' lang='lat' dir='ltr'>et</span> <span class='ocrx_word' id='word_1_87' title='bbox 713 1090 936 1116; x_wconf 86' lang='lat' dir='ltr'>immunitates</span> <span class='ocrx_word' id='word_1_88' title='bbox 950 1096 1022 1116; x_wconf 91' lang='lat' dir='ltr'>con-</span> 
     </span>
     <span class='ocr_line' id='line_1_29' title="bbox 417 1138 538 1164; baseline 0 0"><span class='ocrx_word' id='word_1_89' title='bbox 417 1138 538 1164; x_wconf 82' lang='lat' dir='ltr'>firmat.</span> 
     </span>
    </p>
   </div>
   <div class='ocr_carea' id='block_1_13' title="bbox 1024 1193 1137 1215">
    <p class='ocr_par' dir='ltr' id='par_1_14' title="bbox 1024 1193 1137 1215">
     <span class='ocr_line' id='line_1_30' title="bbox 1024 1193 1137 1215; baseline 0 0"><span class='ocrx_word' id='word_1_90' title='bbox 1024 1197 1087 1215; x_wconf 87' lang='lat' dir='ltr'>tome</span> <span class='ocrx_word' id='word_1_91' title='bbox 1109 1193 1137 1215; x_wconf 91' lang='lat' dir='ltr'>1V</span> 
     </span>
    </p>
   </div>
   <div class='ocr_carea' id='block_1_14' title="bbox 417 1243 1229 1376">
    <p class='ocr_par' dir='ltr' id='par_1_15' title="bbox 417 1243 1229 1376">
     <span class='ocr_line' id='line_1_31' title="bbox 462 1243 1229 1276; baseline 0 -6"><span class='ocrx_word' id='word_1_92' title='bbox 462 1244 621 1271; x_wconf 87' lang='lat' dir='ltr'>Abbatem</span> <span class='ocrx_word' id='word_1_93' title='bbox 657 1246 688 1271; x_wconf 89' lang='lat' dir='ltr'>et</span> <span class='ocrx_word' id='word_1_94' title='bbox 724 1246 916 1270; x_wconf 86' lang='lat' dir='ltr'>conventum</span> <span class='ocrx_word' id='word_1_95' title='bbox 951 1251 1016 1270; x_wconf 89' lang='lat' dir='ltr'>mo-</span> <span class='ocrx_word' id='word_1_96' title='bbox 1052 1247 1055 1276; x_wconf 82' lang='grc' dir='ltr'>Ι</span> <span class='ocrx_word' id='word_1_97' title='bbox 1095 1255 1103 1265; x_wconf 62' lang='lat'>⁴1</span> <span class='ocrx_word' id='word_1_98' title='bbox 1130 1243 1229 1275; x_wconf 82' lang='grc'>12917</span> 
     </span>
     <span class='ocr_line' id='line_1_32' title="bbox 424 1293 1022 1327; baseline -0.002 -7"><span class='ocrx_word' id='word_1_99' title='bbox 424 1293 555 1320; x_wconf 89' lang='lat' dir='ltr'>nasterii</span> <span class='ocrx_word' id='word_1_100' title='bbox 592 1300 615 1319; x_wconf 90' lang='lat' dir='ltr'>s.</span> <span class='ocrx_word' id='word_1_101' title='bbox 653 1293 760 1319; x_wconf 88' lang='lat' dir='ltr'>Albini</span> <span class='ocrx_word' id='word_1_102' title='bbox 785 1293 1022 1327; x_wconf 79' lang='lat' dir='ltr'>Andegavensis</span> 
     </span>
     <span class='ocr_line' id='line_1_33' title="bbox 417 1341 1012 1376; baseline -0.002 -8"><span class='ocrx_word' id='word_1_103' title='bbox 417 1349 592 1376; x_wconf 86' lang='lat' dir='ltr'>eorumque</span> <span class='ocrx_word' id='word_1_104' title='bbox 618 1342 700 1368; x_wconf 88' lang='lat' dir='ltr'>bona</span> <span class='ocrx_word' id='word_1_105' title='bbox 727 1342 784 1368; x_wconf 90' lang='lat' dir='ltr'>sub</span> <span class='ocrx_word' id='word_1_106' title='bbox 811 1341 1012 1375; x_wconf 88' lang='lat' dir='ltr'>protectione</span> 
     </span>
    </p>
   </div>
   <div class='ocr_carea' id='block_1_15' title="bbox 416 1390 1134 1474">
    <p class='ocr_par' dir='ltr' id='par_1_16' title="bbox 416 1390 1134 1474">
     <span class='ocr_line' id='line_1_34' title="bbox 416 1390 858 1424; baseline -0.002 -7"><span class='ocrx_word' id='word_1_107' title='bbox 416 1392 446 1417; x_wconf 91' lang='lat' dir='ltr'>b.</span> <span class='ocrx_word' id='word_1_108' title='bbox 470 1391 559 1417; x_wconf 88' lang='lat' dir='ltr'>Petri</span> <span class='ocrx_word' id='word_1_109' title='bbox 580 1392 611 1418; x_wconf 88' lang='lat' dir='ltr'>et</span> <span class='ocrx_word' id='word_1_110' title='bbox 633 1397 689 1417; x_wconf 92' lang='lat' dir='ltr'>sua</span> <span class='ocrx_word' id='word_1_111' title='bbox 711 1390 858 1424; x_wconf 82' lang='lat' dir='ltr'>suscipit.</span> 
     </span>
     <span class='ocr_line' id='line_1_35' title="bbox 1019 1451 1134 1474; baseline 0 0"><span class='ocrx_word' id='word_1_112' title='bbox 1019 1454 1083 1474; x_wconf 77' lang='lat' dir='ltr'>tome</span> <span class='ocrx_word' id='word_1_113' title='bbox 1105 1451 1134 1474; x_wconf 78' lang='lat' dir='ltr'>tv</span> 
     </span>
    </p>
   </div>
   <div class='ocr_carea' id='block_1_16' title="bbox 413 1506 1227 1878">
    <p class='ocr_par' dir='ltr' id='par_1_17' title="bbox 413 1506 1227 1878">
     <span class='ocr_line' id='line_1_36' title="bbox 458 1506 1227 1541; baseline 0.003 -8"><span class='ocrx_word' id='word_1_114' title='bbox 458 1506 578 1533; x_wconf 82' lang='lat' dir='ltr'>Abbati</span> <span class='ocrx_word' id='word_1_115' title='bbox 607 1507 646 1533; x_wconf 89' lang='lat' dir='ltr'>de</span> <span class='ocrx_word' id='word_1_116' title='bbox 673 1507 834 1540; x_wconf 88' lang='lat' dir='ltr'>Ferrariis,</span> <span class='ocrx_word' id='word_1_117' title='bbox 866 1507 1022 1534; x_wconf 80' lang='lat' dir='ltr'>Senonen-</span> <span class='ocrx_word' id='word_1_118' title='bbox 1052 1507 1227 1541; x_wconf 74' lang='lat'>14612918</span> 
     </span>
     <span class='ocr_line' id='line_1_37' title="bbox 422 1555 1021 1590; baseline 0.002 -8"><span class='ocrx_word' id='word_1_119' title='bbox 422 1555 463 1583; x_wconf 88' lang='lat' dir='ltr'>sis</span> <span class='ocrx_word' id='word_1_120' title='bbox 487 1556 630 1588; x_wconf 86' lang='lat' dir='ltr'>diocesis,</span> <span class='ocrx_word' id='word_1_121' title='bbox 657 1556 791 1582; x_wconf 86' lang='lat' dir='ltr'>mandat</span> <span class='ocrx_word' id='word_1_122' title='bbox 818 1557 851 1582; x_wconf 89' lang='lat' dir='ltr'>ut</span> <span class='ocrx_word' id='word_1_123' title='bbox 879 1562 914 1582; x_wconf 88' lang='lat' dir='ltr'>ea</span> <span class='ocrx_word' id='word_1_124' title='bbox 939 1562 1021 1590; x_wconf 86' lang='lat' dir='ltr'>quae</span> 
     </span>
     <span class='ocr_line' id='line_1_38' title="bbox 416 1604 1020 1639; baseline -0.002 -8"><span class='ocrx_word' id='word_1_125' title='bbox 416 1604 454 1631; x_wconf 91' lang='lat' dir='ltr'>de</span> <span class='ocrx_word' id='word_1_126' title='bbox 480 1604 571 1630; x_wconf 89' lang='lat' dir='ltr'>bonis</span> <span class='ocrx_word' id='word_1_127' title='bbox 596 1605 709 1631; x_wconf 88' lang='lat' dir='ltr'>domus</span> <span class='ocrx_word' id='word_1_128' title='bbox 734 1604 871 1630; x_wconf 81' lang='lat' dir='ltr'>Militiae</span> <span class='ocrx_word' id='word_1_129' title='bbox 896 1604 1020 1639; x_wconf 87' lang='lat' dir='ltr'>Templi</span> 
     </span>
     <span class='ocr_line' id='line_1_39' title="bbox 414 1653 1019 1680; baseline -0.002 0"><span class='ocrx_word' id='word_1_130' title='bbox 414 1654 446 1680; x_wconf 93' lang='lat' dir='ltr'>in</span> <span class='ocrx_word' id='word_1_131' title='bbox 466 1654 601 1680; x_wconf 82' lang='lat' dir='ltr'>Francia</span> <span class='ocrx_word' id='word_1_132' title='bbox 621 1653 760 1680; x_wconf 78' lang='lat' dir='ltr'>alienata</span> <span class='ocrx_word' id='word_1_133' title='bbox 781 1653 939 1680; x_wconf 83' lang='lat' dir='ltr'>invenerit</span> <span class='ocrx_word' id='word_1_134' title='bbox 959 1653 1019 1679; x_wconf 90' lang='lat' dir='ltr'>illi-</span> 
     </span>
     <span class='ocr_line' id='line_1_40' title="bbox 415 1701 1018 1736; baseline -0.002 -7"><span class='ocrx_word' id='word_1_135' title='bbox 415 1703 480 1729; x_wconf 87' lang='lat' dir='ltr'>cite</span> <span class='ocrx_word' id='word_1_136' title='bbox 499 1702 551 1729; x_wconf 82' lang='lat' dir='ltr'>vel</span> <span class='ocrx_word' id='word_1_137' title='bbox 572 1702 738 1735; x_wconf 84' lang='lat' dir='ltr'>distracta,</span> <span class='ocrx_word' id='word_1_138' title='bbox 762 1702 801 1728; x_wconf 90' lang='lat' dir='ltr'>ad</span> <span class='ocrx_word' id='word_1_139' title='bbox 820 1701 873 1736; x_wconf 90' lang='lat' dir='ltr'>jus</span> <span class='ocrx_word' id='word_1_140' title='bbox 893 1703 925 1729; x_wconf 91' lang='lat' dir='ltr'>et</span> <span class='ocrx_word' id='word_1_141' title='bbox 947 1708 1018 1736; x_wconf 90' lang='lat' dir='ltr'>pro-</span> 
     </span>
     <span class='ocr_line' id='line_1_41' title="bbox 413 1751 1017 1786; baseline -0.002 -8"><span class='ocrx_word' id='word_1_142' title='bbox 413 1752 585 1786; x_wconf 82' lang='lat' dir='ltr'>prietatem</span> <span class='ocrx_word' id='word_1_143' title='bbox 622 1751 765 1785; x_wconf 82' lang='lat' dir='ltr'>eJ&#39;usdem</span> <span class='ocrx_word' id='word_1_144' title='bbox 803 1751 916 1778; x_wconf 86' lang='lat' dir='ltr'>domus</span> <span class='ocrx_word' id='word_1_145' title='bbox 952 1752 1017 1778; x_wconf 92' lang='lat' dir='ltr'>stu-</span> 
     </span>
     <span class='ocr_line' id='line_1_42' title="bbox 413 1800 667 1827; baseline -0.004 0"><span class='ocrx_word' id='word_1_146' title='bbox 413 1800 487 1827; x_wconf 90' lang='lat' dir='ltr'>deat</span> <span class='ocrx_word' id='word_1_147' title='bbox 508 1806 667 1827; x_wconf 85' lang='lat' dir='ltr'>revocare.</span> 
     </span>
     <span class='ocr_line' id='line_1_43' title="bbox 1016 1856 1131 1878; baseline 0 0"><span class='ocrx_word' id='word_1_148' title='bbox 1016 1858 1080 1878; x_wconf 84' lang='lat' dir='ltr'>tome</span> <span class='ocrx_word' id='word_1_149' title='bbox 1101 1856 1131 1878; x_wconf 83' lang='lat' dir='ltr'>lv</span> 
     </span>
    </p>
   </div>
   <div class='ocr_carea' id='block_1_17' title="bbox 400 1910 1221 2868">
    <p class='ocr_par' dir='ltr' id='par_1_18' title="bbox 405 1910 1221 2327">
     <span class='ocr_line' id='line_1_44' title="bbox 449 1910 1221 1943; baseline 0.001 -6"><span class='ocrx_word' id='word_1_150' title='bbox 449 1910 569 1937; x_wconf 82' lang='lat' dir='ltr'>Abbati</span> <span class='ocrx_word' id='word_1_151' title='bbox 593 1912 626 1937; x_wconf 88' lang='lat' dir='ltr'>et</span> <span class='ocrx_word' id='word_1_152' title='bbox 650 1910 823 1937; x_wconf 86' lang='lat' dir='ltr'>conventui</span> <span class='ocrx_word' id='word_1_153' title='bbox 848 1911 1006 1937; x_wconf 86' lang='lat' dir='ltr'>monaste·</span> <span class='ocrx_word' id='word_1_154' title='bbox 1041 1911 1045 1942; x_wconf 74' lang='grc' dir='ltr'>Ι</span> <span class='ocrx_word' id='word_1_155' title='bbox 1085 1920 1095 1933; x_wconf 86' lang='lat'>«</span> <span class='ocrx_word' id='word_1_156' title='bbox 1120 1910 1221 1943; x_wconf 82' lang='grc'>12919</span> 
     </span>
     <span class='ocr_line' id='line_1_45' title="bbox 416 1959 1011 1993; baseline -0.002 -7"><span class='ocrx_word' id='word_1_157' title='bbox 416 1960 456 1986; x_wconf 90' lang='lat' dir='ltr'>rii</span> <span class='ocrx_word' id='word_1_158' title='bbox 483 1967 506 1986; x_wconf 91' lang='lat' dir='ltr'>s.</span> <span class='ocrx_word' id='word_1_159' title='bbox 533 1959 669 1993; x_wconf 85' lang='lat' dir='ltr'>Benigni</span> <span class='ocrx_word' id='word_1_160' title='bbox 696 1959 912 1991; x_wconf 86' lang='lat' dir='ltr'>Divionensis,</span> <span class='ocrx_word' id='word_1_161' title='bbox 929 1959 1011 1986; x_wconf 92' lang='lat' dir='ltr'>ordi-</span> 
     </span>
     <span class='ocr_line' id='line_1_46' title="bbox 409 2007 1011 2042; baseline -0.002 -7"><span class='ocrx_word' id='word_1_162' title='bbox 409 2009 458 2036; x_wconf 87' lang='lat' dir='ltr'>nis</span> <span class='ocrx_word' id='word_1_163' title='bbox 478 2016 501 2035; x_wconf 89' lang='lat' dir='ltr'>s.</span> <span class='ocrx_word' id='word_1_164' title='bbox 520 2008 698 2041; x_wconf 83' lang='lat' dir='ltr'>Benedicti,</span> <span class='ocrx_word' id='word_1_165' title='bbox 718 2007 926 2042; x_wconf 82' lang='lat' dir='ltr'>Lingonensis</span> <span class='ocrx_word' id='word_1_166' title='bbox 945 2008 1011 2034; x_wconf 90' lang='lat' dir='ltr'>dio-</span> 
     </span>
     <span class='ocr_line' id='line_1_47' title="bbox 408 2056 1010 2091; baseline 0 -8"><span class='ocrx_word' id='word_1_167' title='bbox 408 2057 496 2089; x_wconf 88' lang='lat' dir='ltr'>cesis,</span> <span class='ocrx_word' id='word_1_168' title='bbox 524 2057 667 2091; x_wconf 84' lang='lat' dir='ltr'>indulget</span> <span class='ocrx_word' id='word_1_169' title='bbox 693 2058 728 2083; x_wconf 92' lang='lat' dir='ltr'>ut</span> <span class='ocrx_word' id='word_1_170' title='bbox 754 2056 793 2083; x_wconf 90' lang='lat' dir='ltr'>ad</span> <span class='ocrx_word' id='word_1_171' title='bbox 818 2057 1010 2083; x_wconf 89' lang='lat' dir='ltr'>solutionem</span> 
     </span>
     <span class='ocr_line' id='line_1_48' title="bbox 409 2105 1009 2140; baseline 0 -8"><span class='ocrx_word' id='word_1_172' title='bbox 409 2105 609 2140; x_wconf 87' lang='lat' dir='ltr'>alioquorum</span> <span class='ocrx_word' id='word_1_173' title='bbox 654 2105 835 2132; x_wconf 90' lang='lat' dir='ltr'>debitorum</span> <span class='ocrx_word' id='word_1_174' title='bbox 860 2105 1009 2139; x_wconf 88' lang='lat' dir='ltr'>compelli</span> 
     </span>
     <span class='ocr_line' id='line_1_49' title="bbox 408 2153 1010 2186; baseline -0.002 -5"><span class='ocrx_word' id='word_1_175' title='bbox 408 2154 539 2181; x_wconf 91' lang='lat' dir='ltr'>minime</span> <span class='ocrx_word' id='word_1_176' title='bbox 561 2154 701 2186; x_wconf 86' lang='lat' dir='ltr'>valeant,</span> <span class='ocrx_word' id='word_1_177' title='bbox 725 2154 785 2180; x_wconf 93' lang='lat' dir='ltr'>nisi</span> <span class='ocrx_word' id='word_1_178' title='bbox 809 2160 845 2180; x_wconf 88' lang='lat' dir='ltr'>ea</span> <span class='ocrx_word' id='word_1_179' title='bbox 867 2153 900 2180; x_wconf 89' lang='lat' dir='ltr'>in</span> <span class='ocrx_word' id='word_1_180' title='bbox 923 2153 1010 2180; x_wconf 87' lang='lat' dir='ltr'>utili-</span> 
     </span>
     <span class='ocr_line' id='line_1_50' title="bbox 407 2202 1008 2236; baseline -0.002 -6"><span class='ocrx_word' id='word_1_181' title='bbox 407 2204 510 2230; x_wconf 89' lang='lat' dir='ltr'>tatem</span> <span class='ocrx_word' id='word_1_182' title='bbox 543 2202 686 2236; x_wconf 78' lang='lat' dir='ltr'>eJusdem</span> <span class='ocrx_word' id='word_1_183' title='bbox 718 2202 905 2228; x_wconf 88' lang='lat' dir='ltr'>monasterii</span> <span class='ocrx_word' id='word_1_184' title='bbox 936 2209 1008 2229; x_wconf 91' lang='lat' dir='ltr'>con-</span> 
     </span>
     <span class='ocr_line' id='line_1_51' title="bbox 405 2251 1009 2284; baseline 0.002 -7"><span class='ocrx_word' id='word_1_185' title='bbox 405 2258 497 2278; x_wconf 87' lang='lat' dir='ltr'>versa</span> <span class='ocrx_word' id='word_1_186' title='bbox 520 2251 616 2278; x_wconf 82' lang='lat' dir='ltr'>fuisse</span> <span class='ocrx_word' id='word_1_187' title='bbox 639 2251 781 2284; x_wconf 85' lang='lat' dir='ltr'>legitime</span> <span class='ocrx_word' id='word_1_188' title='bbox 803 2251 1009 2284; x_wconf 88' lang='lat' dir='ltr'>probaverint</span> 
     </span>
     <span class='ocr_line' id='line_1_52' title="bbox 405 2300 588 2327; baseline -0.005 0"><span class='ocrx_word' id='word_1_189' title='bbox 405 2300 588 2327; x_wconf 84' lang='lat' dir='ltr'>creditores.</span> 
     </span>
    </p>

    <p class='ocr_par' dir='ltr' id='par_1_19' title="bbox 405 2346 1043 2626">
     <span class='ocr_line' id='line_1_53' title="bbox 447 2346 1043 2383; baseline -0.003 -7"><span class='ocrx_word' id='word_1_190' title='bbox 447 2349 606 2383; x_wconf 85' lang='lat' dir='ltr'>Episcopo</span> <span class='ocrx_word' id='word_1_191' title='bbox 632 2346 888 2375; x_wconf 88' lang='lat' dir='ltr'>Claromontensi</span> <span class='ocrx_word' id='word_1_192' title='bbox 916 2355 1004 2375; x_wconf 85' lang='lat' dir='ltr'>man·</span> <span class='ocrx_word' id='word_1_193' title='bbox 1040 2350 1043 2381; x_wconf 75' lang='grc' dir='ltr'>Ι</span> 
     </span>
     <span class='ocr_line' id='line_1_54' title="bbox 405 2397 1007 2432; baseline 0 -8"><span class='ocrx_word' id='word_1_194' title='bbox 405 2398 461 2425; x_wconf 89' lang='lat' dir='ltr'>dat</span> <span class='ocrx_word' id='word_1_195' title='bbox 484 2404 523 2424; x_wconf 90' lang='lat' dir='ltr'>ne</span> <span class='ocrx_word' id='word_1_196' title='bbox 555 2397 722 2432; x_wconf 91' lang='lat' dir='ltr'>permittat</span> <span class='ocrx_word' id='word_1_197' title='bbox 755 2397 943 2431; x_wconf 83' lang='lat' dir='ltr'>magistrum</span> <span class='ocrx_word' id='word_1_198' title='bbox 975 2399 1007 2424; x_wconf 88' lang='lat' dir='ltr'>et</span> 
     </span>
     <span class='ocr_line' id='line_1_55' title="bbox 405 2445 1009 2480; baseline -0.003 -7"><span class='ocrx_word' id='word_1_199' title='bbox 405 2447 521 2473; x_wconf 76' lang='lat' dir='ltr'>tratres</span> <span class='ocrx_word' id='word_1_200' title='bbox 535 2446 705 2480; x_wconf 87' lang='lat' dir='ltr'>hospitalis</span> <span class='ocrx_word' id='word_1_201' title='bbox 719 2453 742 2472; x_wconf 90' lang='lat' dir='ltr'>s.</span> <span class='ocrx_word' id='word_1_202' title='bbox 758 2446 901 2478; x_wconf 82' lang='lat' dir='ltr'>Antonii,</span> <span class='ocrx_word' id='word_1_203' title='bbox 915 2445 1009 2472; x_wconf 90' lang='lat' dir='ltr'>Vien-</span> 
     </span>
     <span class='ocr_line' id='line_1_56' title="bbox 405 2493 1007 2527; baseline -0.003 -5"><span class='ocrx_word' id='word_1_204' title='bbox 405 2496 512 2522; x_wconf 79' lang='lat' dir='ltr'>nensis</span> <span class='ocrx_word' id='word_1_205' title='bbox 549 2495 692 2527; x_wconf 89' lang='lat' dir='ltr'>diocesis,</span> <span class='ocrx_word' id='word_1_206' title='bbox 731 2495 842 2520; x_wconf 86' lang='lat' dir='ltr'>contra</span> <span class='ocrx_word' id='word_1_207' title='bbox 881 2493 1007 2521; x_wconf 87' lang='lat' dir='ltr'>indulta</span> 
     </span>
     <span class='ocr_line' id='line_1_57' title="bbox 405 2542 1009 2578; baseline -0.002 -9"><span class='ocrx_word' id='word_1_208' title='bbox 405 2543 644 2578; x_wconf 86' lang='lat' dir='ltr'>privilegiorum</span> <span class='ocrx_word' id='word_1_209' title='bbox 690 2543 772 2569; x_wconf 88' lang='lat' dir='ltr'>sedis</span> <span class='ocrx_word' id='word_1_210' title='bbox 814 2542 1009 2576; x_wconf 88' lang='lat' dir='ltr'>apostolicae</span> 
     </span>
     <span class='ocr_line' id='line_1_58' title="bbox 405 2591 1007 2626; baseline 0 -8"><span class='ocrx_word' id='word_1_211' title='bbox 405 2593 444 2619; x_wconf 89' lang='lat' dir='ltr'>ab</span> <span class='ocrx_word' id='word_1_212' title='bbox 473 2592 634 2626; x_wconf 85' lang='lat' dir='ltr'>aliquibus</span> <span class='ocrx_word' id='word_1_213' title='bbox 661 2591 805 2618; x_wconf 88' lang='lat' dir='ltr'>indebite</span> <span class='ocrx_word' id='word_1_214' title='bbox 832 2591 1007 2618; x_wconf 86' lang='lat' dir='ltr'>molestari.</span> 
     </span>
    </p>

    <p class='ocr_par' dir='ltr' id='par_1_20' title="bbox 400 2639 1209 2868">
     <span class='ocr_line' id='line_1_59' title="bbox 447 2639 1209 2674; baseline 0.001 -7"><span class='ocrx_word' id='word_1_215' title='bbox 447 2640 596 2667; x_wconf 87' lang='lat' dir='ltr'>Decernit</span> <span class='ocrx_word' id='word_1_216' title='bbox 618 2640 702 2674; x_wconf 90' lang='lat' dir='ltr'>quod</span> <span class='ocrx_word' id='word_1_217' title='bbox 724 2646 778 2674; x_wconf 90' lang='lat' dir='ltr'>per</span> <span class='ocrx_word' id='word_1_218' title='bbox 799 2640 924 2666; x_wconf 83' lang='lat' dir='ltr'>litteras</span> <span class='ocrx_word' id='word_1_219' title='bbox 943 2639 1000 2665; x_wconf 90' lang='lat' dir='ltr'>im·</span> <span class='ocrx_word' id='word_1_220' title='bbox 1040 2642 1043 2673; x_wconf 82' lang='grc' dir='ltr'>Ι</span> <span class='ocrx_word' id='word_1_221' title='bbox 1078 2648 1090 2663; x_wconf 78' lang='grc' dir='ltr'>ι</span> <span class='ocrx_word' id='word_1_222' title='bbox 1114 2640 1118 2672; x_wconf 75' lang='grc' dir='ltr'><strong><em>ι</em></strong></span> <span class='ocrx_word' id='word_1_223' title='bbox 1136 2640 1209 2668; x_wconf 89' lang='grc'>2921</span> 
     </span>
     <span class='ocr_line' id='line_1_60' title="bbox 404 2687 1005 2724; baseline 0 -8"><span class='ocrx_word' id='word_1_224' title='bbox 404 2689 544 2724; x_wconf 90' lang='lat' dir='ltr'>peratori</span> <span class='ocrx_word' id='word_1_225' title='bbox 583 2687 944 2722; x_wconf 87' lang='lat' dir='ltr'>Constantinopolitano</span> <span class='ocrx_word' id='word_1_226' title='bbox 987 2697 1005 2716; x_wconf 87' lang='lat' dir='ltr'>a</span> 
     </span>
     <span class='ocr_line' id='line_1_61' title="bbox 405 2737 1004 2771; baseline -0.003 -6"><span class='ocrx_word' id='word_1_227' title='bbox 405 2738 477 2765; x_wconf 79' lang='lat' dir='ltr'>sede</span> <span class='ocrx_word' id='word_1_228' title='bbox 513 2737 690 2771; x_wconf 90' lang='lat' dir='ltr'>apostolica</span> <span class='ocrx_word' id='word_1_229' title='bbox 725 2743 899 2770; x_wconf 87' lang='lat' dir='ltr'>concessas,</span> <span class='ocrx_word' id='word_1_230' title='bbox 936 2737 1004 2763; x_wconf 92' lang='lat' dir='ltr'>nul-</span> 
     </span>
     <span class='ocr_line' id='line_1_62' title="bbox 403 2785 1004 2820; baseline -0.003 -7"><span class='ocrx_word' id='word_1_231' title='bbox 403 2787 468 2813; x_wconf 91' lang='lat' dir='ltr'>lum</span> <span class='ocrx_word' id='word_1_232' title='bbox 491 2787 599 2820; x_wconf 86' lang='lat' dir='ltr'>potest</span> <span class='ocrx_word' id='word_1_233' title='bbox 621 2785 774 2819; x_wconf 86' lang='lat' dir='ltr'>magistro</span> <span class='ocrx_word' id='word_1_234' title='bbox 796 2787 828 2812; x_wconf 90' lang='lat' dir='ltr'>et</span> <span class='ocrx_word' id='word_1_235' title='bbox 851 2785 1004 2812; x_wconf 82' lang='lat' dir='ltr'>tratribus</span> 
     </span>
     <span class='ocr_line' id='line_1_63' title="bbox 400 2833 1002 2868; baseline -0.002 -7"><span class='ocrx_word' id='word_1_236' title='bbox 400 2834 538 2861; x_wconf 82' lang='lat' dir='ltr'>Militiae</span> <span class='ocrx_word' id='word_1_237' title='bbox 577 2833 701 2868; x_wconf 89' lang='lat' dir='ltr'>Templi</span> <span class='ocrx_word' id='word_1_238' title='bbox 740 2833 1002 2868; x_wconf 86' lang='lat' dir='ltr'>Jerosolymitani</span> 
     </span>
    </p>
   </div>
   <div class='ocr_carea' id='block_1_18' title="bbox 402 2882 826 2918">
    <p class='ocr_par' dir='ltr' id='par_1_21' title="bbox 402 2882 826 2918">
     <span class='ocr_line' id='line_1_64' title="bbox 402 2882 826 2918; baseline -0.007 -7"><span class='ocrx_word' id='word_1_239' title='bbox 402 2882 633 2918; x_wconf 79' lang='lat' dir='ltr'>praejudicium</span> <span class='ocrx_word' id='word_1_240' title='bbox 675 2882 826 2916; x_wconf 84' lang='lat' dir='ltr'>generari.</span> 
     </span>
    </p>
   </div>
   <div class='ocr_carea' id='block_1_19' title="bbox 1083 2349 1217 2380">
    <p class='ocr_par' dir='ltr' id='par_1_22' title="bbox 1083 2349 1217 2380">
     <span class='ocr_line' id='line_1_65' title="bbox 1083 2349 1217 2380; baseline -0.03 0"><span class='ocrx_word' id='word_1_241' title='bbox 1083 2359 1093 2371; x_wconf 77' lang='lat'>⁴&lt;</span> <span class='ocrx_word' id='word_1_242' title='bbox 1116 2350 1120 2380; x_wconf 93' lang='grc' dir='ltr'>Ι</span> <span class='ocrx_word' id='word_1_243' title='bbox 1138 2349 1217 2376; x_wconf 89' lang='grc'>2920</span> 
     </span>
    </p>
   </div>
   <div class='ocr_carea' id='block_1_20' title="bbox 1260 328 1263 351">
    <p class='ocr_par' dir='ltr' id='par_1_23' title="bbox 1260 328 1263 351">
     <span class='ocr_line' id='line_1_66' title="bbox 1260 328 1263 351; baseline 0 0"><span class='ocrx_word' id='word_1_244' title='bbox 1260 328 1263 351; x_wconf 71' lang='lat' dir='ltr'>l</span> 
     </span>
    </p>
   </div>
   <div class='ocr_carea' id='block_1_21' title="bbox 1253 1535 1383 1562">
    <p class='ocr_par' dir='ltr' id='par_1_24' title="bbox 1253 1535 1383 1562">
     <span class='ocr_line' id='line_1_67' title="bbox 1253 1535 1383 1562; baseline 0.008 -1"><span class='ocrx_word' id='word_1_245' title='bbox 1253 1538 1255 1543; x_wconf 82' lang='lat'><em>&#39;</em></span> <span class='ocrx_word' id='word_1_246' title='bbox 1306 1535 1383 1562; x_wconf 83' lang='grc'>1262</span> 
     </span>
    </p>
   </div>
   <div class='ocr_carea' id='block_1_22' title="bbox 1251 355 1265 1848">
    <p class='ocr_par' dir='ltr' id='par_1_25' title="bbox 1251 355 1265 1848">
     <span class='ocr_line' id='line_1_68' title="bbox 1251 355 1265 1848; baseline 0 0"><span class='ocrx_word' id='word_1_247' title='bbox 1251 355 1265 1848; x_wconf 95' lang='lat' dir='ltr'> </span> 
     </span>
    </p>
   </div>
   <div class='ocr_carea' id='block_1_23' title="bbox 2404 249 2462 277">
    <p class='ocr_par' dir='ltr' id='par_1_26' title="bbox 2404 249 2462 277">
     <span class='ocr_line' id='line_1_69' title="bbox 2404 249 2462 277; baseline 0.017 -1"><span class='ocrx_word' id='word_1_248' title='bbox 2404 249 2462 277; x_wconf 84' lang='grc'>295</span> 
     </span>
    </p>
   </div>
   <div class='ocr_carea' id='block_1_24' title="bbox 2216 340 2454 367">
    <p class='ocr_par' dir='ltr' id='par_1_27' title="bbox 2216 340 2454 367">
     <span class='ocr_line' id='line_1_70' title="bbox 2216 340 2454 367; baseline 0.008 -6"><span class='ocrx_word' id='word_1_249' title='bbox 2216 340 2302 367; x_wconf 82' lang='lat' dir='ltr'>Pages.</span> <span class='ocrx_word' id='word_1_250' title='bbox 2322 342 2454 363; x_wconf 57' lang='lat' dir='ltr'>Numeros.</span> 
     </span>
    </p>
   </div>
   <div class='ocr_carea' id='block_1_25' title="bbox 2254 404 2365 424">
    <p class='ocr_par' dir='ltr' id='par_1_28' title="bbox 2254 404 2365 424">
     <span class='ocr_line' id='line_1_71' title="bbox 2254 404 2365 424; baseline 0 0"><span class='ocrx_word' id='word_1_251' title='bbox 2254 406 2315 424; x_wconf 82' lang='lat' dir='ltr'>tome</span> <span class='ocrx_word' id='word_1_252' title='bbox 2338 404 2365 424; x_wconf 89' lang='lat' dir='ltr'>lV</span> 
     </span>
    </p>
   </div>
   <div class='ocr_carea' id='block_1_26' title="bbox 1313 432 2459 475">
    <p class='ocr_par' dir='ltr' id='par_1_29' title="bbox 1313 432 2459 475">
     <span class='ocr_line' id='line_1_72' title="bbox 1313 432 2459 475; baseline 0.012 -17"><span class='ocrx_word' id='word_1_253' title='bbox 1313 432 1389 458; x_wconf 84' lang='grc'>1262</span> <span class='ocrx_word' id='word_1_254' title='bbox 1413 433 1653 468; x_wconf 77' lang='lat' dir='ltr'>Monieliascone</span> <span class='ocrx_word' id='word_1_255' title='bbox 1695 438 1814 465; x_wconf 88' lang='lat' dir='ltr'>Abbati</span> <span class='ocrx_word' id='word_1_256' title='bbox 1840 442 1866 465; x_wconf 87' lang='lat' dir='ltr'>el</span> <span class='ocrx_word' id='word_1_257' title='bbox 1896 442 2066 467; x_wconf 79' lang='lat' dir='ltr'>conventui</span> <span class='ocrx_word' id='word_1_258' title='bbox 2092 444 2248 470; x_wconf 85' lang='lat' dir='ltr'>monaste·</span> <span class='ocrx_word' id='word_1_259' title='bbox 2284 445 2459 475; x_wconf 68' lang='lat'>14712922</span> 
     </span>
    </p>
   </div>
   <div class='ocr_carea' id='block_1_27' title="bbox 1292 480 1438 509">
    <p class='ocr_par' dir='ltr' id='par_1_30' title="bbox 1292 480 1438 509">
     <span class='ocr_line' id='line_1_73' title="bbox 1292 480 1438 509; baseline 0.014 -2"><span class='ocrx_word' id='word_1_260' title='bbox 1292 480 1368 508; x_wconf 80' lang='lat' dir='ltr'>aoOt</span> <span class='ocrx_word' id='word_1_261' title='bbox 1392 482 1438 509; x_wconf 90' lang='lat'>18.</span> 
     </span>
    </p>
   </div>
   <div class='ocr_carea' id='block_1_28' title="bbox 1289 812 1441 895">
    <p class='ocr_par' dir='ltr' id='par_1_31' title="bbox 1289 812 1441 895">
     <span class='ocr_line' id='line_1_74' title="bbox 1311 812 1388 839; baseline 0.026 -2"><span class='ocrx_word' id='word_1_262' title='bbox 1311 812 1388 839; x_wconf 83' lang='grc'>1262</span> 
     </span>
     <span class='ocr_line' id='line_1_75' title="bbox 1289 861 1441 895; baseline 0.013 -9"><span class='ocrx_word' id='word_1_263' title='bbox 1289 863 1370 895; x_wconf 88' lang='lat' dir='ltr'>sept.</span> <span class='ocrx_word' id='word_1_264' title='bbox 1412 861 1441 889; x_wconf 82' lang='lat'>6.</span> 
     </span>
    </p>
   </div>
   <div class='ocr_carea' id='block_1_29' title="bbox 1287 1153 1440 1236">
    <p class='ocr_par' dir='ltr' id='par_1_32' title="bbox 1287 1153 1440 1236">
     <span class='ocr_line' id='line_1_76' title="bbox 1309 1153 1386 1180; baseline 0.013 -1"><span class='ocrx_word' id='word_1_265' title='bbox 1309 1153 1386 1180; x_wconf 87' lang='grc'>1262</span> 
     </span>
     <span class='ocr_line' id='line_1_77' title="bbox 1287 1203 1440 1236; baseline 0.013 -8"><span class='ocrx_word' id='word_1_266' title='bbox 1287 1204 1368 1236; x_wconf 90' lang='lat' dir='ltr'>sept.</span> <span class='ocrx_word' id='word_1_267' title='bbox 1410 1203 1440 1230; x_wconf 88' lang='lat'>8.</span> 
     </span>
    </p>
   </div>
   <div class='ocr_carea' id='block_1_30' title="bbox 1284 1583 1438 1618">
    <p class='ocr_par' dir='ltr' id='par_1_33' title="bbox 1284 1583 1438 1618">
     <span class='ocr_line' id='line_1_78' title="bbox 1284 1583 1438 1618; baseline 0.006 -8"><span class='ocrx_word' id='word_1_268' title='bbox 1284 1585 1366 1618; x_wconf 87' lang='lat' dir='ltr'>sept.</span> <span class='ocrx_word' id='word_1_269' title='bbox 1391 1583 1438 1611; x_wconf 88' lang='lat'>13.</span> 
     </span>
    </p>
   </div>
   <div class='ocr_carea' id='block_1_31' title="bbox 1282 1681 1418 1757">
    <p class='ocr_par' dir='ltr' id='par_1_34' title="bbox 1282 1681 1418 1757">
     <span class='ocr_line' id='line_1_79' title="bbox 1303 1681 1382 1708; baseline 0 0"><span class='ocrx_word' id='word_1_270' title='bbox 1303 1681 1382 1708; x_wconf 83' lang='grc'>1262</span> 
     </span>
     <span class='ocr_line' id='line_1_80' title="bbox 1282 1731 1418 1757; baseline 0 0"><span class='ocrx_word' id='word_1_271' title='bbox 1282 1733 1345 1757; x_wconf 89' lang='lat' dir='ltr'>oct.</span> <span class='ocrx_word' id='word_1_272' title='bbox 1387 1731 1418 1757; x_wconf 86' lang='grc'>4.</span> 
     </span>
    </p>
   </div>
   <div class='ocr_carea' id='block_1_32' title="bbox 1277 1926 1412 2003">
    <p class='ocr_par' dir='ltr' id='par_1_35' title="bbox 1277 1926 1412 2003">
     <span class='ocr_line' id='line_1_81' title="bbox 1298 1926 1376 1954; baseline 0.013 -1"><span class='ocrx_word' id='word_1_273' title='bbox 1298 1926 1376 1954; x_wconf 84' lang='grc'>1262</span> 
     </span>
     <span class='ocr_line' id='line_1_82' title="bbox 1277 1976 1412 2003; baseline 0.007 -1"><span class='ocrx_word' id='word_1_274' title='bbox 1277 1977 1340 2003; x_wconf 88' lang='lat' dir='ltr'>oct.</span> <span class='ocrx_word' id='word_1_275' title='bbox 1385 1976 1412 2003; x_wconf 94' lang='lat'>7.</span> 
     </span>
    </p>
   </div>
   <div class='ocr_carea' id='block_1_33' title="bbox 1274 2212 1410 2289">
    <p class='ocr_par' dir='ltr' id='par_1_36' title="bbox 1274 2212 1410 2289">
     <span class='ocr_line' id='line_1_83' title="bbox 1294 2212 1372 2239; baseline 0 0"><span class='ocrx_word' id='word_1_276' title='bbox 1294 2212 1372 2239; x_wconf 82' lang='grc'>1262</span> 
     </span>
     <span class='ocr_line' id='line_1_84' title="bbox 1274 2261 1410 2289; baseline -0.007 0"><span class='ocrx_word' id='word_1_277' title='bbox 1274 2263 1337 2289; x_wconf 84' lang='lat' dir='ltr'>oct.</span> <span class='ocrx_word' id='word_1_278' title='bbox 1362 2261 1410 2288; x_wconf 85' lang='lat'>18.</span> 
     </span>
    </p>
   </div>
   <div class='ocr_carea' id='block_1_34' title="bbox 1455 2211 1584 2240">
    <p class='ocr_par' dir='ltr' id='par_1_37' title="bbox 1455 2211 1584 2240">
     <span class='ocr_line' id='line_1_85' title="bbox 1455 2211 1584 2240; baseline -0.008 0"><span class='ocrx_word' id='word_1_279' title='bbox 1455 2211 1584 2240; x_wconf 76' lang='grc' dir='ltr'><strong><em>Ονυίεὶο,</em></strong></span> 
     </span>
    </p>
   </div>
   <div class='ocr_carea' id='block_1_35' title="bbox 1272 2578 1408 2654">
    <p class='ocr_par' dir='ltr' id='par_1_38' title="bbox 1272 2578 1408 2654">
     <span class='ocr_line' id='line_1_86' title="bbox 1293 2578 1371 2605; baseline 0 -1"><span class='ocrx_word' id='word_1_280' title='bbox 1293 2578 1371 2605; x_wconf 87' lang='grc'>1262</span> 
     </span>
     <span class='ocr_line' id='line_1_87' title="bbox 1272 2626 1408 2654; baseline 0 -1"><span class='ocrx_word' id='word_1_281' title='bbox 1272 2628 1335 2654; x_wconf 89' lang='lat' dir='ltr'>oct.</span> <span class='ocrx_word' id='word_1_282' title='bbox 1358 2626 1408 2653; x_wconf 91' lang='grc'>25.</span> 
     </span>
    </p>
   </div>
   <div class='ocr_carea' id='block_1_36' title="bbox 1651 486 2252 713">
    <p class='ocr_par' dir='ltr' id='par_1_39' title="bbox 1651 486 2252 713">
     <span class='ocr_line' id='line_1_88' title="bbox 1653 486 2252 524; baseline 0.012 -13"><span class='ocrx_word' id='word_1_283' title='bbox 1653 486 1691 511; x_wconf 88' lang='lat' dir='ltr'>rii</span> <span class='ocrx_word' id='word_1_284' title='bbox 1716 493 1739 512; x_wconf 86' lang='lat' dir='ltr'>s.</span> <span class='ocrx_word' id='word_1_285' title='bbox 1764 487 1925 514; x_wconf 86' lang='lat' dir='ltr'>Vincentii</span> <span class='ocrx_word' id='word_1_286' title='bbox 1948 490 2178 524; x_wconf 86' lang='lat' dir='ltr'>Laudunensis‚</span> <span class='ocrx_word' id='word_1_287' title='bbox 2204 498 2252 518; x_wconf 88' lang='lat' dir='ltr'>or-</span> 
     </span>
     <span class='ocr_line' id='line_1_89' title="bbox 1651 534 2250 572; baseline 0.01 -13"><span class='ocrx_word' id='word_1_288' title='bbox 1651 534 1733 560; x_wconf 87' lang='lat' dir='ltr'>dinis</span> <span class='ocrx_word' id='word_1_289' title='bbox 1767 542 1790 561; x_wconf 87' lang='lat' dir='ltr'>s.</span> <span class='ocrx_word' id='word_1_290' title='bbox 1823 536 2000 569; x_wconf 81' lang='lat' dir='ltr'>Benedicti,</span> <span class='ocrx_word' id='word_1_291' title='bbox 2036 538 2179 572; x_wconf 81' lang='lat' dir='ltr'>indulget</span> <span class='ocrx_word' id='word_1_292' title='bbox 2216 542 2250 566; x_wconf 93' lang='lat' dir='ltr'>ut</span> 
     </span>
     <span class='ocr_line' id='line_1_90' title="bbox 1651 583 2251 618; baseline 0.013 -11"><span class='ocrx_word' id='word_1_293' title='bbox 1651 583 1823 617; x_wconf 85' lang='lat' dir='ltr'>privilegiis</span> <span class='ocrx_word' id='word_1_294' title='bbox 1857 586 2040 618; x_wconf 83' lang='lat' dir='ltr'>apostolicis</span> <span class='ocrx_word' id='word_1_295' title='bbox 2074 587 2120 613; x_wconf 89' lang='lat' dir='ltr'>uti</span> <span class='ocrx_word' id='word_1_296' title='bbox 2155 588 2251 615; x_wconf 89' lang='lat' dir='ltr'>libere</span> 
     </span>
     <span class='ocr_line' id='line_1_91' title="bbox 1651 632 2249 670; baseline 0.012 -14"><span class='ocrx_word' id='word_1_297' title='bbox 1651 632 1791 664; x_wconf 83' lang='lat' dir='ltr'>valeant,</span> <span class='ocrx_word' id='word_1_298' title='bbox 1814 633 1984 660; x_wconf 90' lang='lat' dir='ltr'>dummodo</span> <span class='ocrx_word' id='word_1_299' title='bbox 2008 635 2039 661; x_wconf 90' lang='lat' dir='ltr'>in</span> <span class='ocrx_word' id='word_1_300' title='bbox 2062 642 2117 661; x_wconf 89' lang='lat' dir='ltr'>suo</span> <span class='ocrx_word' id='word_1_301' title='bbox 2139 637 2249 670; x_wconf 82' lang='lat' dir='ltr'>vigore</span> 
     </span>
     <span class='ocr_line' id='line_1_92' title="bbox 1652 681 2249 713; baseline 0.01 -8"><span class='ocrx_word' id='word_1_302' title='bbox 1652 681 1822 713; x_wconf 79' lang='lat' dir='ltr'>persistant</span> <span class='ocrx_word' id='word_1_303' title='bbox 1860 688 1914 708; x_wconf 89' lang='lat' dir='ltr'>nec</span> <span class='ocrx_word' id='word_1_304' title='bbox 1951 689 2056 709; x_wconf 85' lang='lat' dir='ltr'>eorum</span> <span class='ocrx_word' id='word_1_305' title='bbox 2094 685 2249 712; x_wconf 89' lang='lat' dir='ltr'>terminus</span> 
     </span>
    </p>
   </div>
   <div class='ocr_carea' id='block_1_37' title="bbox 1653 728 2362 798">
    <p class='ocr_par' dir='ltr' id='par_1_40' title="bbox 1653 728 2362 798">
     <span class='ocr_line' id='line_1_93' title="bbox 1653 728 1829 755; baseline 0.011 -2"><span class='ocrx_word' id='word_1_306' title='bbox 1653 728 1829 755; x_wconf 81' lang='lat' dir='ltr'>effluxerit.</span> 
     </span>
     <span class='ocr_line' id='line_1_94' title="bbox 2249 777 2362 798; baseline 0.018 -2"><span class='ocrx_word' id='word_1_307' title='bbox 2249 778 2312 798; x_wconf 84' lang='lat' dir='ltr'>tome</span> <span class='ocrx_word' id='word_1_308' title='bbox 2335 777 2362 798; x_wconf 87' lang='lat' dir='ltr'>lv</span> 
     </span>
    </p>
   </div>
   <div class='ocr_carea' id='block_1_38' title="bbox 1637 816 2453 1864">
    <p class='ocr_par' dir='ltr' id='par_1_41' title="bbox 1637 816 2453 1864">
     <span class='ocr_line' id='line_1_95' title="bbox 1694 816 2453 851; baseline 0.012 -10"><span class='ocrx_word' id='word_1_309' title='bbox 1694 816 1888 849; x_wconf 65' lang='lat' dir='ltr'>liugubinos,</span> <span class='ocrx_word' id='word_1_310' title='bbox 1910 818 1948 843; x_wconf 86' lang='lat' dir='ltr'>ad</span> <span class='ocrx_word' id='word_1_311' title='bbox 1969 818 2171 846; x_wconf 86' lang='lat' dir='ltr'>devotionem</span> <span class='ocrx_word' id='word_1_312' title='bbox 2193 824 2257 850; x_wconf 81' lang='lat' dir='ltr'>ec-]</span> <span class='ocrx_word' id='word_1_313' title='bbox 2307 832 2316 843; x_wconf 55' lang='lat'>¹1</span> <span class='ocrx_word' id='word_1_314' title='bbox 2355 833 2357 851; x_wconf 84' lang='grc'>;</span> <span class='ocrx_word' id='word_1_315' title='bbox 2376 822 2453 850; x_wconf 71' lang='grc'>2924</span> 
     </span>
     <span class='ocr_line' id='line_1_96' title="bbox 1652 864 2246 898; baseline 0.01 -9"><span class='ocrx_word' id='word_1_316' title='bbox 1652 864 1765 891; x_wconf 88' lang='lat' dir='ltr'>clesiae</span> <span class='ocrx_word' id='word_1_317' title='bbox 1788 871 1940 898; x_wconf 83' lang='lat' dir='ltr'>reversos,</span> <span class='ocrx_word' id='word_1_318' title='bbox 1967 867 2024 892; x_wconf 84' lang='lat' dir='ltr'>sub</span> <span class='ocrx_word' id='word_1_319' title='bbox 2051 868 2079 893; x_wconf 92' lang='lat' dir='ltr'>b.</span> <span class='ocrx_word' id='word_1_320' title='bbox 2107 868 2192 894; x_wconf 83' lang='lat' dir='ltr'>Petri</span> <span class='ocrx_word' id='word_1_321' title='bbox 2217 871 2246 895; x_wconf 92' lang='lat' dir='ltr'>et</span> 
     </span>
     <span class='ocr_line' id='line_1_97' title="bbox 1651 914 2247 949; baseline 0.008 -11"><span class='ocrx_word' id='word_1_322' title='bbox 1651 919 1705 938; x_wconf 86' lang='lat' dir='ltr'>sua</span> <span class='ocrx_word' id='word_1_323' title='bbox 1742 914 1939 947; x_wconf 88' lang='lat' dir='ltr'>protectione</span> <span class='ocrx_word' id='word_1_324' title='bbox 1973 916 2115 949; x_wconf 81' lang='lat' dir='ltr'>suscipit,</span> <span class='ocrx_word' id='word_1_325' title='bbox 2161 917 2247 943; x_wconf 83' lang='lat' dir='ltr'>dam-</span> 
     </span>
     <span class='ocr_line' id='line_1_98' title="bbox 1649 961 2245 992; baseline 0.01 -6"><span class='ocrx_word' id='word_1_326' title='bbox 1649 967 1688 987; x_wconf 87' lang='lat' dir='ltr'>na</span> <span class='ocrx_word' id='word_1_327' title='bbox 1713 961 1752 987; x_wconf 89' lang='lat' dir='ltr'>ab</span> <span class='ocrx_word' id='word_1_328' title='bbox 1778 962 1821 988; x_wconf 86' lang='lat' dir='ltr'>eis</span> <span class='ocrx_word' id='word_1_329' title='bbox 1845 963 1992 990; x_wconf 89' lang='lat' dir='ltr'>ecclesiae</span> <span class='ocrx_word' id='word_1_330' title='bbox 2015 964 2105 991; x_wconf 89' lang='lat' dir='ltr'>illata</span> <span class='ocrx_word' id='word_1_331' title='bbox 2130 966 2245 992; x_wconf 90' lang='lat' dir='ltr'>eisdem</span> 
     </span>
     <span class='ocr_line' id='line_1_99' title="bbox 1648 1010 2248 1043; baseline 0.008 -8"><span class='ocrx_word' id='word_1_332' title='bbox 1648 1010 1851 1043; x_wconf 83' lang='lat' dir='ltr'>remittendo,</span> <span class='ocrx_word' id='word_1_333' title='bbox 1875 1012 2031 1038; x_wconf 85' lang='lat' dir='ltr'>comitatu</span> <span class='ocrx_word' id='word_1_334' title='bbox 2055 1015 2162 1040; x_wconf 87' lang='lat' dir='ltr'>tamen</span> <span class='ocrx_word' id='word_1_335' title='bbox 2185 1014 2248 1040; x_wconf 85' lang='lat' dir='ltr'>Eu-</span> 
     </span>
     <span class='ocr_line' id='line_1_100' title="bbox 1647 1059 2246 1093; baseline 0.01 -9"><span class='ocrx_word' id='word_1_336' title='bbox 1647 1059 1765 1091; x_wconf 67' lang='lat' dir='ltr'>gubino</span> <span class='ocrx_word' id='word_1_337' title='bbox 1793 1060 1972 1093; x_wconf 79' lang='lat' dir='ltr'>Eugubinis</span> <span class='ocrx_word' id='word_1_338' title='bbox 2000 1069 2062 1087; x_wconf 87' lang='lat' dir='ltr'>non</span> <span class='ocrx_word' id='word_1_339' title='bbox 2089 1069 2246 1090; x_wconf 88' lang='lat' dir='ltr'>concesso.</span> 
     </span>
     <span class='ocr_line' id='line_1_101' title="bbox 2247 1120 2361 1142; baseline 0.009 -1"><span class='ocrx_word' id='word_1_340' title='bbox 2247 1122 2310 1141; x_wconf 86' lang='lat' dir='ltr'>tome</span> <span class='ocrx_word' id='word_1_341' title='bbox 2332 1120 2361 1142; x_wconf 92' lang='lat' dir='ltr'>lV</span> 
     </span>
     <span class='ocr_line' id='line_1_102' title="bbox 1683 1157 2453 1193; baseline 0.008 -11"><span class='ocrx_word' id='word_1_342' title='bbox 1683 1157 1840 1184; x_wconf 87' lang='lat' dir='ltr'>Omnibus</span> <span class='ocrx_word' id='word_1_343' title='bbox 1879 1159 2079 1185; x_wconf 85' lang='lat' dir='ltr'>ecclesiarum</span> <span class='ocrx_word' id='word_1_344' title='bbox 2120 1160 2258 1193; x_wconf 73' lang='lat' dir='ltr'>praela-l</span> <span class='ocrx_word' id='word_1_345' title='bbox 2295 1161 2453 1193; x_wconf 71' lang='grc'>4812925</span> 
     </span>
     <span class='ocr_line' id='line_1_103' title="bbox 1652 1205 2245 1239; baseline 0.008 -9"><span class='ocrx_word' id='word_1_346' title='bbox 1652 1205 1693 1231; x_wconf 85' lang='lat' dir='ltr'>tis</span> <span class='ocrx_word' id='word_1_347' title='bbox 1719 1212 1773 1239; x_wconf 90' lang='lat' dir='ltr'>per</span> <span class='ocrx_word' id='word_1_348' title='bbox 1798 1213 1927 1239; x_wconf 83' lang='lat' dir='ltr'>regnum</span> <span class='ocrx_word' id='word_1_349' title='bbox 1955 1208 2105 1234; x_wconf 78' lang='lat' dir='ltr'>Franciae</span> <span class='ocrx_word' id='word_1_350' title='bbox 2131 1209 2245 1235; x_wconf 87' lang='lat' dir='ltr'>consti-</span> 
     </span>
     <span class='ocr_line' id='line_1_104' title="bbox 1649 1254 2244 1283; baseline 0.008 -4"><span class='ocrx_word' id='word_1_351' title='bbox 1649 1254 1729 1280; x_wconf 89' lang='lat' dir='ltr'>tutis</span> <span class='ocrx_word' id='word_1_352' title='bbox 1757 1254 1889 1281; x_wconf 86' lang='lat' dir='ltr'>mandat</span> <span class='ocrx_word' id='word_1_353' title='bbox 1919 1256 2054 1282; x_wconf 84' lang='lat' dir='ltr'>habeant</span> <span class='ocrx_word' id='word_1_354' title='bbox 2087 1264 2244 1283; x_wconf 89' lang='lat' dir='ltr'>commen-</span> 
     </span>
     <span class='ocr_line' id='line_1_105' title="bbox 1646 1302 2246 1340; baseline 0.007 -12"><span class='ocrx_word' id='word_1_355' title='bbox 1646 1302 1740 1329; x_wconf 90' lang='lat' dir='ltr'>datos</span> <span class='ocrx_word' id='word_1_356' title='bbox 1769 1303 1900 1330; x_wconf 89' lang='lat' dir='ltr'>nuntios</span> <span class='ocrx_word' id='word_1_357' title='bbox 1929 1305 2069 1338; x_wconf 82' lang='lat' dir='ltr'>episcopi</span> <span class='ocrx_word' id='word_1_358' title='bbox 2098 1307 2130 1331; x_wconf 89' lang='lat' dir='ltr'>et</span> <span class='ocrx_word' id='word_1_359' title='bbox 2160 1306 2246 1340; x_wconf 89' lang='lat' dir='ltr'>capi-</span> 
     </span>
     <span class='ocr_line' id='line_1_106' title="bbox 1646 1349 2245 1388; baseline 0.007 -11"><span class='ocrx_word' id='word_1_360' title='bbox 1646 1351 1706 1377; x_wconf 91' lang='lat' dir='ltr'>tuli</span> <span class='ocrx_word' id='word_1_361' title='bbox 1737 1349 2047 1379; x_wconf 85' lang='lat' dir='ltr'>Claromontensium</span> <span class='ocrx_word' id='word_1_362' title='bbox 2081 1354 2245 1388; x_wconf 80' lang='lat' dir='ltr'>indulgen-</span> 
     </span>
     <span class='ocr_line' id='line_1_107' title="bbox 1647 1399 2244 1436; baseline 0.003 -9"><span class='ocrx_word' id='word_1_363' title='bbox 1647 1399 1725 1426; x_wconf 88' lang='lat' dir='ltr'>tiam</span> <span class='ocrx_word' id='word_1_364' title='bbox 1749 1400 1970 1434; x_wconf 81' lang='lat' dir='ltr'>praedicantes</span> <span class='ocrx_word' id='word_1_365' title='bbox 1993 1408 2047 1435; x_wconf 91' lang='lat' dir='ltr'>pro</span> <span class='ocrx_word' id='word_1_366' title='bbox 2069 1403 2244 1436; x_wconf 86' lang='lat' dir='ltr'>reparatio-</span> 
     </span>
     <span class='ocr_line' id='line_1_108' title="bbox 1647 1447 2202 1478; baseline 0.005 -4"><span class='ocrx_word' id='word_1_367' title='bbox 1647 1455 1685 1474; x_wconf 89' lang='lat' dir='ltr'>ne</span> <span class='ocrx_word' id='word_1_368' title='bbox 1728 1449 1877 1475; x_wconf 82' lang='lat' dir='ltr'>ecclesiae</span> <span class='ocrx_word' id='word_1_369' title='bbox 1918 1447 2202 1478; x_wconf 84' lang='lat' dir='ltr'>Claromontensis.</span> 
     </span>
     <span class='ocr_line' id='line_1_109' title="bbox 2245 1499 2358 1521; baseline 0.009 -1"><span class='ocrx_word' id='word_1_370' title='bbox 2245 1501 2308 1521; x_wconf 86' lang='lat' dir='ltr'>tome</span> <span class='ocrx_word' id='word_1_371' title='bbox 2330 1499 2358 1521; x_wconf 80' lang='lat' dir='ltr'>lv</span> 
     </span>
     <span class='ocr_line' id='line_1_110' title="bbox 1691 1537 2449 1573; baseline 0.008 -11"><span class='ocrx_word' id='word_1_372' title='bbox 1691 1537 1834 1563; x_wconf 82' lang='lat' dir='ltr'>Licentia</span> <span class='ocrx_word' id='word_1_373' title='bbox 1866 1538 2002 1571; x_wconf 75' lang='lat' dir='ltr'>eligendi</span> <span class='ocrx_word' id='word_1_374' title='bbox 2033 1539 2172 1573; x_wconf 84' lang='lat' dir='ltr'>episcopi</span> <span class='ocrx_word' id='word_1_375' title='bbox 2187 1547 2236 1566; x_wconf 83' lang='lat' dir='ltr'>ca·</span> <span class='ocrx_word' id='word_1_376' title='bbox 2252 1542 2255 1573; x_wconf 66' lang='lat' dir='ltr'>l</span> <span class='ocrx_word' id='word_1_377' title='bbox 2292 1541 2332 1566; x_wconf 83' lang='grc'>49</span> <span class='ocrx_word' id='word_1_378' title='bbox 2348 1542 2351 1573; x_wconf 93' lang='grc' dir='ltr'>Ι</span> <span class='ocrx_word' id='word_1_379' title='bbox 2370 1540 2449 1568; x_wconf 88' lang='grc'>2926</span> 
     </span>
     <span class='ocr_line' id='line_1_111' title="bbox 1649 1585 2199 1620; baseline 0.007 -9"><span class='ocrx_word' id='word_1_380' title='bbox 1649 1585 1752 1619; x_wconf 88' lang='lat' dir='ltr'>pitulo</span> <span class='ocrx_word' id='word_1_381' title='bbox 1794 1587 1961 1620; x_wconf 84' lang='lat' dir='ltr'>Anagnino</span> <span class='ocrx_word' id='word_1_382' title='bbox 2005 1587 2199 1615; x_wconf 87' lang='lat' dir='ltr'>conceditur.</span> 
     </span>
     <span class='ocr_line' id='line_1_112' title="bbox 2242 1645 2356 1667; baseline 0.009 -1"><span class='ocrx_word' id='word_1_383' title='bbox 2242 1646 2306 1666; x_wconf 80' lang='lat' dir='ltr'>tome</span> <span class='ocrx_word' id='word_1_384' title='bbox 2327 1645 2356 1667; x_wconf 85' lang='lat' dir='ltr'>lv</span> 
     </span>
     <span class='ocr_line' id='line_1_113' title="bbox 1686 1683 2447 1719; baseline 0.007 -10"><span class='ocrx_word' id='word_1_385' title='bbox 1686 1683 1812 1710; x_wconf 89' lang='lat' dir='ltr'>Decano</span> <span class='ocrx_word' id='word_1_386' title='bbox 1829 1686 1859 1710; x_wconf 89' lang='lat' dir='ltr'>et</span> <span class='ocrx_word' id='word_1_387' title='bbox 1877 1685 2020 1718; x_wconf 90' lang='lat' dir='ltr'>capitulo</span> <span class='ocrx_word' id='word_1_388' title='bbox 2042 1685 2231 1712; x_wconf 89' lang='lat' dir='ltr'>Laudunen-</span> <span class='ocrx_word' id='word_1_389' title='bbox 2247 1687 2251 1719; x_wconf 87' lang='grc' dir='ltr'>Ι</span> <span class='ocrx_word' id='word_1_390' title='bbox 2297 1696 2307 1709; x_wconf 76' lang='lat'>1&lt;</span> <span class='ocrx_word' id='word_1_391' title='bbox 2345 1687 2349 1719; x_wconf 85' lang='grc' dir='ltr'>Ι</span> <span class='ocrx_word' id='word_1_392' title='bbox 2367 1686 2447 1714; x_wconf 91' lang='grc'>2927</span> 
     </span>
     <span class='ocr_line' id='line_1_114' title="bbox 1649 1732 2253 1768; baseline 0.005 -10"><span class='ocrx_word' id='word_1_393' title='bbox 1649 1732 1735 1758; x_wconf 87' lang='lat' dir='ltr'>sibus</span> <span class='ocrx_word' id='word_1_394' title='bbox 1768 1732 1940 1759; x_wconf 80' lang='lat' dir='ltr'>confirmat</span> <span class='ocrx_word' id='word_1_395' title='bbox 1973 1733 2025 1766; x_wconf 78' lang='lat' dir='ltr'>Jus</span> <span class='ocrx_word' id='word_1_396' title='bbox 2059 1736 2253 1768; x_wconf 84' lang='lat' dir='ltr'>patronatus</span> 
     </span>
     <span class='ocr_line' id='line_1_115' title="bbox 1642 1781 2240 1816; baseline 0.005 -9"><span class='ocrx_word' id='word_1_397' title='bbox 1642 1781 1727 1816; x_wconf 89' lang='lat' dir='ltr'>quod</span> <span class='ocrx_word' id='word_1_398' title='bbox 1749 1781 1868 1808; x_wconf 88' lang='lat' dir='ltr'>habent</span> <span class='ocrx_word' id='word_1_399' title='bbox 1889 1782 1921 1808; x_wconf 93' lang='lat' dir='ltr'>in</span> <span class='ocrx_word' id='word_1_400' title='bbox 1942 1782 2071 1809; x_wconf 91' lang='lat' dir='ltr'>ecclesia</span> <span class='ocrx_word' id='word_1_401' title='bbox 2092 1789 2116 1809; x_wconf 89' lang='lat' dir='ltr'>s.</span> <span class='ocrx_word' id='word_1_402' title='bbox 2138 1784 2240 1810; x_wconf 90' lang='lat' dir='ltr'>Geno-</span> 
     </span>
     <span class='ocr_line' id='line_1_116' title="bbox 1637 1830 2235 1864; baseline 0.005 -9"><span class='ocrx_word' id='word_1_403' title='bbox 1637 1830 1808 1856; x_wconf 63' lang='lat' dir='ltr'>vefaeeth]</span> <span class='ocrx_word' id='word_1_404' title='bbox 1824 1831 1936 1864; x_wconf 86' lang='lat' dir='ltr'>spitali</span> <span class='ocrx_word' id='word_1_405' title='bbox 1950 1831 2235 1859; x_wconf 83' lang='lat' dir='ltr'>Laudunensibus.</span> 
     </span>
    </p>
   </div>
   <div class='ocr_carea' id='block_1_39' title="bbox 2239 1887 2353 1910">
    <p class='ocr_par' dir='ltr' id='par_1_42' title="bbox 2239 1887 2353 1910">
     <span class='ocr_line' id='line_1_117' title="bbox 2239 1887 2353 1910; baseline 0 -1"><span class='ocrx_word' id='word_1_406' title='bbox 2239 1889 2303 1910; x_wconf 81' lang='lat' dir='ltr'>tome</span> <span class='ocrx_word' id='word_1_407' title='bbox 2324 1887 2353 1910; x_wconf 84' lang='lat' dir='ltr'>lv</span> 
     </span>
    </p>
   </div>
   <div class='ocr_carea' id='block_1_40' title="bbox 1637 1927 2446 2245">
    <p class='ocr_par' dir='ltr' id='par_1_43' title="bbox 1637 1927 2446 2150">
     <span class='ocr_line' id='line_1_118' title="bbox 1678 1927 2446 1962; baseline 0.004 -8"><span class='ocrx_word' id='word_1_408' title='bbox 1678 1927 1805 1954; x_wconf 83' lang='lat' dir='ltr'>Decano</span> <span class='ocrx_word' id='word_1_409' title='bbox 1828 1930 1860 1955; x_wconf 86' lang='lat' dir='ltr'>et</span> <span class='ocrx_word' id='word_1_410' title='bbox 1882 1928 2022 1962; x_wconf 81' lang='lat' dir='ltr'>capitulo</span> <span class='ocrx_word' id='word_1_411' title='bbox 2044 1928 2252 1960; x_wconf 77' lang='lat' dir='ltr'>Laudunen-l</span> <span class='ocrx_word' id='word_1_412' title='bbox 2288 1938 2299 1951; x_wconf 72' lang='grc' dir='ltr'>«ι</span> <span class='ocrx_word' id='word_1_413' title='bbox 2345 1929 2349 1960; x_wconf 94' lang='grc' dir='ltr'>Ι</span> <span class='ocrx_word' id='word_1_414' title='bbox 2367 1928 2446 1957; x_wconf 84' lang='grc'>2928</span> 
     </span>
     <span class='ocr_line' id='line_1_119' title="bbox 1643 1976 2239 2011; baseline 0.002 -8"><span class='ocrx_word' id='word_1_415' title='bbox 1643 1977 1729 2003; x_wconf 90' lang='lat' dir='ltr'>sibus</span> <span class='ocrx_word' id='word_1_416' title='bbox 1756 1977 1900 2010; x_wconf 85' lang='lat' dir='ltr'>indulget</span> <span class='ocrx_word' id='word_1_417' title='bbox 1927 1983 1967 2003; x_wconf 90' lang='lat' dir='ltr'>ne</span> <span class='ocrx_word' id='word_1_418' title='bbox 1995 1976 2065 2011; x_wconf 88' lang='lat' dir='ltr'>quis</span> <span class='ocrx_word' id='word_1_419' title='bbox 2092 1977 2130 2003; x_wconf 88' lang='lat' dir='ltr'>de</span> <span class='ocrx_word' id='word_1_420' title='bbox 2157 1977 2239 2004; x_wconf 90' lang='lat' dir='ltr'>clero</span> 
     </span>
     <span class='ocr_line' id='line_1_120' title="bbox 1638 2025 2239 2052; baseline 0.002 -1"><span class='ocrx_word' id='word_1_421' title='bbox 1638 2025 1842 2051; x_wconf 88' lang='lat' dir='ltr'>Laudunensi</span> <span class='ocrx_word' id='word_1_422' title='bbox 1876 2025 1984 2051; x_wconf 87' lang='lat' dir='ltr'>divina</span> <span class='ocrx_word' id='word_1_423' title='bbox 2019 2025 2127 2051; x_wconf 78' lang='lat' dir='ltr'>officia</span> <span class='ocrx_word' id='word_1_424' title='bbox 2161 2025 2239 2052; x_wconf 91' lang='lat' dir='ltr'>cele-</span> 
     </span>
     <span class='ocr_line' id='line_1_121' title="bbox 1639 2074 2240 2108; baseline 0 -8"><span class='ocrx_word' id='word_1_425' title='bbox 1639 2074 1729 2100; x_wconf 88' lang='lat' dir='ltr'>brare</span> <span class='ocrx_word' id='word_1_426' title='bbox 1751 2074 1870 2107; x_wconf 79' lang='lat' dir='ltr'>valeat,</span> <span class='ocrx_word' id='word_1_427' title='bbox 1895 2074 1972 2108; x_wconf 91' lang='lat' dir='ltr'>ipsis</span> <span class='ocrx_word' id='word_1_428' title='bbox 1994 2081 2033 2100; x_wconf 83' lang='lat' dir='ltr'>ex</span> <span class='ocrx_word' id='word_1_429' title='bbox 2055 2074 2240 2101; x_wconf 86' lang='lat' dir='ltr'>rationabili</span> 
     </span>
     <span class='ocr_line' id='line_1_122' title="bbox 1637 2122 2196 2150; baseline 0 -1"><span class='ocrx_word' id='word_1_430' title='bbox 1637 2129 1732 2150; x_wconf 88' lang='lat' dir='ltr'>causa</span> <span class='ocrx_word' id='word_1_431' title='bbox 1773 2129 1789 2148; x_wconf 89' lang='lat' dir='ltr'>a</span> <span class='ocrx_word' id='word_1_432' title='bbox 1830 2122 1948 2149; x_wconf 89' lang='lat' dir='ltr'>divinis</span> <span class='ocrx_word' id='word_1_433' title='bbox 1987 2123 2196 2149; x_wconf 87' lang='lat' dir='ltr'>cessantibus.</span> 
     </span>
    </p>

    <p class='ocr_par' dir='ltr' id='par_1_44' title="bbox 2235 2170 2349 2192">
     <span class='ocr_line' id='line_1_123' title="bbox 2235 2170 2349 2192; baseline 0.009 -1"><span class='ocrx_word' id='word_1_434' title='bbox 2235 2171 2299 2192; x_wconf 82' lang='lat' dir='ltr'>tome</span> <span class='ocrx_word' id='word_1_435' title='bbox 2319 2170 2349 2192; x_wconf 83' lang='lat' dir='ltr'>lv</span> 
     </span>
    </p>

    <p class='ocr_par' dir='ltr' id='par_1_45' title="bbox 1678 2210 2444 2245">
     <span class='ocr_line' id='line_1_124' title="bbox 1678 2210 2444 2245; baseline 0.001 -8"><span class='ocrx_word' id='word_1_436' title='bbox 1678 2211 1837 2245; x_wconf 87' lang='lat' dir='ltr'>Episcopo</span> <span class='ocrx_word' id='word_1_437' title='bbox 1867 2210 2004 2237; x_wconf 78' lang='lat' dir='ltr'>Reatino</span> <span class='ocrx_word' id='word_1_438' title='bbox 2035 2211 2165 2237; x_wconf 89' lang='lat' dir='ltr'>mandat</span> <span class='ocrx_word' id='word_1_439' title='bbox 2197 2211 2252 2242; x_wconf 70' lang='lat' dir='ltr'>ut!</span> <span class='ocrx_word' id='word_1_440' title='bbox 2296 2220 2307 2233; x_wconf 70' lang='lat' dir='ltr'><strong><em>a</em></strong></span> <span class='ocrx_word' id='word_1_441' title='bbox 2342 2210 2444 2243; x_wconf 78' lang='lat'>12929</span> 
     </span>
    </p>
   </div>
   <div class='ocr_carea' id='block_1_41' title="bbox 1632 2259 2236 2487">
    <p class='ocr_par' dir='ltr' id='par_1_46' title="bbox 1632 2259 2236 2487">
     <span class='ocr_line' id='line_1_125' title="bbox 1638 2259 2236 2287; baseline -0.002 -1"><span class='ocrx_word' id='word_1_442' title='bbox 1638 2260 1823 2287; x_wconf 81' lang='lat' dir='ltr'>Offreducio</span> <span class='ocrx_word' id='word_1_443' title='bbox 1855 2259 2056 2286; x_wconf 81' lang='lat' dir='ltr'>Bonocomiti</span> <span class='ocrx_word' id='word_1_444' title='bbox 2090 2261 2121 2286; x_wconf 91' lang='lat' dir='ltr'>et</span> <span class='ocrx_word' id='word_1_445' title='bbox 2154 2259 2236 2285; x_wconf 88' lang='lat' dir='ltr'>Mar-</span> 
     </span>
     <span class='ocr_line' id='line_1_126' title="bbox 1635 2307 2235 2335; baseline -0.002 0"><span class='ocrx_word' id='word_1_446' title='bbox 1635 2308 1722 2335; x_wconf 82' lang='lat' dir='ltr'>tuc-io</span> <span class='ocrx_word' id='word_1_447' title='bbox 1745 2308 1784 2334; x_wconf 90' lang='lat' dir='ltr'>de</span> <span class='ocrx_word' id='word_1_448' title='bbox 1805 2307 1950 2333; x_wconf 81' lang='lat' dir='ltr'>Miranda</span> <span class='ocrx_word' id='word_1_449' title='bbox 1973 2308 2099 2333; x_wconf 87' lang='lat' dir='ltr'>litteras</span> <span class='ocrx_word' id='word_1_450' title='bbox 2122 2308 2235 2334; x_wconf 85' lang='lat' dir='ltr'>securi·</span> 
     </span>
     <span class='ocr_line' id='line_1_127' title="bbox 1635 2355 2232 2389; baseline -0.002 -6"><span class='ocrx_word' id='word_1_451' title='bbox 1635 2357 1724 2389; x_wconf 73' lang='lat' dir='ltr'>tatis,</span> <span class='ocrx_word' id='word_1_452' title='bbox 1768 2356 1896 2382; x_wconf 87' lang='lat' dir='ltr'>nomine</span> <span class='ocrx_word' id='word_1_453' title='bbox 1920 2362 2048 2389; x_wconf 84' lang='lat' dir='ltr'>papaec,</span> <span class='ocrx_word' id='word_1_454' title='bbox 2073 2355 2232 2388; x_wconf 73' lang='lat' dir='ltr'>conterat,</span> 
     </span>
     <span class='ocr_line' id='line_1_128' title="bbox 1635 2404 2233 2438; baseline -0.003 -7"><span class='ocrx_word' id='word_1_455' title='bbox 1635 2405 1660 2432; x_wconf 88' lang='lat' dir='ltr'>si</span> <span class='ocrx_word' id='word_1_456' title='bbox 1682 2411 1806 2431; x_wconf 89' lang='lat' dir='ltr'>roccam</span> <span class='ocrx_word' id='word_1_457' title='bbox 1829 2404 1868 2430; x_wconf 87' lang='lat' dir='ltr'>de</span> <span class='ocrx_word' id='word_1_458' title='bbox 1889 2404 2045 2435; x_wconf 83' lang='lat' dir='ltr'>Miranda‚</span> <span class='ocrx_word' id='word_1_459' title='bbox 2069 2411 2164 2438; x_wconf 90' lang='lat' dir='ltr'>quam</span> <span class='ocrx_word' id='word_1_460' title='bbox 2187 2404 2233 2429; x_wconf 93' lang='lat' dir='ltr'>in-</span> 
     </span>
     <span class='ocr_line' id='line_1_129' title="bbox 1632 2452 2233 2487; baseline -0.003 -7"><span class='ocrx_word' id='word_1_461' title='bbox 1632 2453 1719 2487; x_wconf 84' lang='lat' dir='ltr'>juste</span> <span class='ocrx_word' id='word_1_462' title='bbox 1743 2453 1888 2479; x_wconf 90' lang='lat' dir='ltr'>detinent</span> <span class='ocrx_word' id='word_1_463' title='bbox 1913 2454 2112 2485; x_wconf 86' lang='lat' dir='ltr'>occupatam,</span> <span class='ocrx_word' id='word_1_464' title='bbox 2137 2452 2233 2478; x_wconf 88' lang='lat' dir='ltr'>eccle-</span> 
     </span>
    </p>
   </div>
   <div class='ocr_carea' id='block_1_42' title="bbox 1634 2500 2346 2556">
    <p class='ocr_par' dir='ltr' id='par_1_47' title="bbox 1634 2500 2346 2556">
     <span class='ocr_line' id='line_1_130' title="bbox 1634 2500 2346 2556; baseline -0.001 -29"><span class='ocrx_word' id='word_1_465' title='bbox 1634 2501 1698 2528; x_wconf 89' lang='lat' dir='ltr'>siae</span> <span class='ocrx_word' id='word_1_466' title='bbox 1730 2500 1894 2527; x_wconf 76' lang='lat' dir='ltr'>Romanae</span> <span class='ocrx_word' id='word_1_467' title='bbox 1926 2500 2088 2527; x_wconf 88' lang='lat' dir='ltr'>dimittere</span> <span class='ocrx_word' id='word_1_468' title='bbox 2118 2500 2241 2555; x_wconf 75' lang='lat' dir='ltr'>velint.t</span> <span class='ocrx_word' id='word_1_469' title='bbox 2316 2534 2346 2556; x_wconf 69' lang='lat' dir='ltr'>w</span> 
     </span>
     <span class='ocr_line' id='line_1_131' title="bbox 2242 2539 2296 2556; baseline 0 0"><span class='ocrx_word' id='word_1_470' title='bbox 2242 2539 2296 2556; x_wconf 72' lang='lat' dir='ltr'>Ome</span> 
     </span>
    </p>
   </div>
   <div class='ocr_carea' id='block_1_43' title="bbox 1615 2574 2433 2900">
    <p class='ocr_par' dir='ltr' id='par_1_48' title="bbox 1615 2574 2433 2900">
     <span class='ocr_line' id='line_1_132' title="bbox 1672 2574 2433 2609; baseline 0.001 -7"><span class='ocrx_word' id='word_1_471' title='bbox 1672 2576 1954 2609; x_wconf 72' lang='lat' dir='ltr'>Archipresbytero</span> <span class='ocrx_word' id='word_1_472' title='bbox 1971 2575 2118 2601; x_wconf 89' lang='lat' dir='ltr'>ecclesiae</span> <span class='ocrx_word' id='word_1_473' title='bbox 2134 2582 2157 2601; x_wconf 92' lang='lat' dir='ltr'>s.</span> <span class='ocrx_word' id='word_1_474' title='bbox 2173 2576 2227 2601; x_wconf 85' lang='lat' dir='ltr'>Jo-</span> <span class='ocrx_word' id='word_1_475' title='bbox 2242 2575 2247 2607; x_wconf 76' lang='lat' dir='ltr'>l</span> <span class='ocrx_word' id='word_1_476' title='bbox 2282 2574 2321 2602; x_wconf 88' lang='lat'>50</span> <span class='ocrx_word' id='word_1_477' title='bbox 2336 2576 2340 2609; x_wconf 90' lang='grc' dir='ltr'>Ι</span> <span class='ocrx_word' id='word_1_478' title='bbox 2358 2575 2433 2603; x_wconf 87' lang='grc'>2931</span> 
     </span>
     <span class='ocr_line' id='line_1_133' title="bbox 1615 2623 2231 2657; baseline -0.002 -6"><span class='ocrx_word' id='word_1_479' title='bbox 1615 2624 1729 2651; x_wconf 61' lang='lat' dir='ltr'>hannis</span> <span class='ocrx_word' id='word_1_480' title='bbox 1748 2624 1787 2650; x_wconf 92' lang='lat' dir='ltr'>de</span> <span class='ocrx_word' id='word_1_481' title='bbox 1806 2624 1903 2656; x_wconf 87' lang='lat' dir='ltr'>Duce,</span> <span class='ocrx_word' id='word_1_482' title='bbox 1922 2623 2109 2657; x_wconf 83' lang='lat' dir='ltr'>Anagninae</span> <span class='ocrx_word' id='word_1_483' title='bbox 2127 2623 2231 2650; x_wconf 87' lang='lat' dir='ltr'>dioce-</span> 
     </span>
     <span class='ocr_line' id='line_1_134' title="bbox 1623 2671 2229 2706; baseline -0.003 -7"><span class='ocrx_word' id='word_1_484' title='bbox 1623 2673 1674 2706; x_wconf 87' lang='lat' dir='ltr'>sis,</span> <span class='ocrx_word' id='word_1_485' title='bbox 1693 2672 1823 2699; x_wconf 86' lang='lat' dir='ltr'>mandat</span> <span class='ocrx_word' id='word_1_486' title='bbox 1844 2673 1991 2706; x_wconf 83' lang='lat' dir='ltr'>procuret</span> <span class='ocrx_word' id='word_1_487' title='bbox 2008 2671 2106 2698; x_wconf 85' lang='lat' dir='ltr'>citare</span> <span class='ocrx_word' id='word_1_488' title='bbox 2134 2671 2229 2698; x_wconf 89' lang='lat' dir='ltr'>abba-</span> 
     </span>
     <span class='ocr_line' id='line_1_135' title="bbox 1629 2720 2221 2748; baseline -0.005 0"><span class='ocrx_word' id='word_1_489' title='bbox 1629 2722 1694 2748; x_wconf 90' lang='lat' dir='ltr'>tem</span> <span class='ocrx_word' id='word_1_490' title='bbox 1734 2722 1766 2747; x_wconf 85' lang='lat' dir='ltr'>et</span> <span class='ocrx_word' id='word_1_491' title='bbox 1805 2721 1998 2746; x_wconf 86' lang='lat' dir='ltr'>conventum</span> <span class='ocrx_word' id='word_1_492' title='bbox 2037 2720 2221 2747; x_wconf 84' lang='lat' dir='ltr'>monasterii</span> 
     </span>
     <span class='ocr_line' id='line_1_136' title="bbox 1628 2768 2226 2802; baseline -0.003 -7"><span class='ocrx_word' id='word_1_493' title='bbox 1628 2776 1651 2796; x_wconf 88' lang='lat' dir='ltr'>s.</span> <span class='ocrx_word' id='word_1_494' title='bbox 1678 2769 1766 2795; x_wconf 85' lang='lat' dir='ltr'>Petri</span> <span class='ocrx_word' id='word_1_495' title='bbox 1791 2768 1830 2795; x_wconf 91' lang='lat' dir='ltr'>de</span> <span class='ocrx_word' id='word_1_496' title='bbox 1855 2768 2056 2802; x_wconf 83' lang='lat' dir='ltr'>villamagna</span> <span class='ocrx_word' id='word_1_497' title='bbox 2083 2770 2118 2794; x_wconf 90' lang='lat' dir='ltr'>ut</span> <span class='ocrx_word' id='word_1_498' title='bbox 2145 2768 2226 2794; x_wconf 77' lang='lat' dir='ltr'>inira</span> 
     </span>
     <span class='ocr_line' id='line_1_137' title="bbox 1627 2816 2226 2852; baseline -0.002 -9"><span class='ocrx_word' id='word_1_499' title='bbox 1627 2816 1806 2852; x_wconf 86' lang='lat' dir='ltr'>quindecim</span> <span class='ocrx_word' id='word_1_500' title='bbox 1838 2816 1905 2843; x_wconf 88' lang='lat' dir='ltr'>dies</span> <span class='ocrx_word' id='word_1_501' title='bbox 1935 2816 2108 2850; x_wconf 85' lang='lat' dir='ltr'>apostolico</span> <span class='ocrx_word' id='word_1_502' title='bbox 2138 2822 2226 2842; x_wconf 84' lang='lat' dir='ltr'>cons-</span> 
     </span>
     <span class='ocr_line' id='line_1_138' title="bbox 1626 2865 2036 2900; baseline -0.005 -8"><span class='ocrx_word' id='word_1_503' title='bbox 1626 2865 1732 2900; x_wconf 88' lang='lat' dir='ltr'>pectui</span> <span class='ocrx_word' id='word_1_504' title='bbox 1762 2871 1794 2892; x_wconf 83' lang='lat' dir='ltr'>se</span> <span class='ocrx_word' id='word_1_505' title='bbox 1823 2866 2036 2899; x_wconf 85' lang='lat' dir='ltr'>praesentent.</span> 
     </span>
    </p>
   </div>
  </div>
 </body>
</html>
