2519 3262
234 263 294 291 128

232 345 385 379 tendens,
406 341 491 372 illud
517 342 717 379 occupatum
746 339 895 370 detinere
914 338 1091 377 presumit,
1111 336 1243 366 nullum
1272 354 1273 385 ἢ

231 406 273 427 ex
286 396 446 436 predictis
464 394 588 424 litteris
604 392 817 423 commodum
833 401 868 422 es
879 391 1032 430 adeptus,
1043 398 1145 428 super
1156 389 1245 428 quod
1273 409 1275 416 κ

233 449 417 489 apostolice
444 447 654 487 providentie
670 445 858 476 remedium
878 444 1080 483 implorasti.
1097 444 1168 474 Nos
1184 442 1245 481 igi-

232 505 298 537 tur,
317 502 373 542 qui
400 502 441 531 ad
462 508 643 539 personam
668 501 761 529 tuam
784 497 1049 528 benivolentiam
1069 497 1245 535 paternam

232 557 394 596 gerimus,
409 555 603 585 affectantes
619 552 707 592 quod
720 560 760 582 ex
773 551 965 590 huJusmodi
984 552 1039 580 tue
1055 549 1246 580 devotionis

233 619 271 639 ac
298 609 373 639 fidei
401 607 524 639 studiis
550 605 786 636 retributionis
802 604 946 642 alicujus
966 603 1110 642 gratiam
1134 610 1246 641 perce·
1275 634 1277 639 ,

1276 653 1277 662 ’
1307 653 1490 683 dummodo
1506 653 1539 682 in
1557 652 1635 682 aliis
1651 651 1816 686 ecclesiis,
1836 651 1870 681 in
1885 650 2010 690 quibus
2028 651 2192 681 beneficia
2210 651 2325 690 hujus-

234 663 326 702 pisse
345 661 472 696 leteris,
490 660 559 690 tuis
582 657 889 697 supplicationibus
912 656 1078 692 inclinati,
1097 663 1247 685 annuum

236 715 405 746 redditum
429 715 562 743 centum
581 711 745 741 librarum
769 710 1009 748 imperialium,
1027 709 1084 748 qui
1106 708 1246 739 ecclesie

236 769 384 808 predicte
400 766 540 797 debetur
557 765 591 795 in
610 765 720 794 castro
737 764 850 802 Carpi,
866 763 1072 793 Mutinensis
1090 761 1245 797 diocesiS,
1276 791 1279 808 ὲ

236 820 488 860 percipiendum
514 827 532 848 a
554 819 586 847 te
605 826 712 855 usque
736 816 777 846 ad
801 817 915 846 nostre
939 815 1125 846 voluntatis
1149 814 1248 844 bene·
1277 810 1279 827 ³

237 874 409 913 placitum,
426 871 487 902 tibi
507 871 683 905 donamus,
705 869 921 900 concedimus
936 871 968 899 et
984 868 1191 899 conferimus
1208 867 1248 897 de

235 927 342 967 gratia
364 924 514 964 speciali.
532 924 626 954 Nulli
650 931 728 961 ergo
756 923 870 952 nostre
895 921 1099 957 donationis,
1115 929 1249 951 conces-

236 979 342 1009 sionis
360 981 392 1009 et
410 977 602 1008 collationis
621 978 682 1006 etc.
701 976 825 1006 Datum
844 975 930 1013 apud
955 973 1246 1008 Urbemveterem3

235 1042 276 1063 xv
292 1032 454 1062 kalendas
474 1029 674 1066 decembris,
693 1037 780 1059 anno
795 1028 907 1058 tertio.
929 1038 943 1057 ))

731 1214 856 1245 Orvieto,
880 1214 909 1240 17
926 1212 1084 1239 novembre
1100 1212 1177 1239 1203.

327 1219 423 1250 1159

271 1301 408 1328 jacobum
423 1300 558 1326 (irossum
575 1297 739 1333 praedictae
753 1295 948 1323 concessionis
964 1297 1147 1322 executorem
1167 1301 1250 1321 cons·

237 1349 325 1377 tituit.
346 1350 426 1382 (Rau.
445 1350 490 1380 25⁵,
508 1348 557 1375 sol.
573 1350 608 1374 δυ
629 1352 664 1377 v⁰‚
684 1352 716 1372 11⁰
733 1346 806 1380 208.)

277 1466 291 1485 «
315 1455 428 1485 ,Iacobo
447 1455 568 1490 Grosso,
588 1454 733 1483 canonico
756 1452 926 1482 Parmensi.
949 1451 1045 1482 Sedis
1063 1451 1248 1490 apostolice
1279 1480 1280 1486 ,

237 1512 288 1540 etc
305 1527 352 1539 -—.
383 1509 506 1539 Datum
525 1508 613 1546 apud
639 1506 926 1541 Urbemveterem,
946 1514 985 1534 xv
1013 1504 1177 1535 kalendas
1194 1505 1247 1535 de-

238 1562 394 1597 cembris,
416 1570 502 1591 anno
519 1561 628 1591 tertio.
648 1570 662 1589 »

728 1747 852 1778 Orvieto,
874 1747 908 1774 r112.
922 1747 1076 1773 novembre
1096 1747 1174 1774 1263.

332 1751 427 1781 1180

274 1836 487 1862 ‹ii—‹linationem
506 1835 538 1861 de
558 1834 679 1860 ccclesia
696 1834 722 1860 l).
740 1832 854 1860 Martini
872 1833 905 1859 de
921 1832 1077 1867 tlampellis
1094 1832 1123 1858 in
1135 1832 1199 1858 Bria
1215 1832 1250 1858 ab

239 1885 370 1919 episcopo
400 1883 554 1911 l’arisiensi
580 1883 686 1910 factam
713 1883 875 1909 confirmat.
904 1882 985 1916 (uec.
1010 1882 1053 1913 ΞΟ,
1081 1881 1130 1908 fol.
1156 1882 1200 1912 81,
1223 1886 1251 1907 n⁰

238 1934 312 1968 209.)

281 2050 295 2068 «
326 2039 374 2075 lt„
400 2039 541 2078 episcopo
566 2037 743 2067 Parisiae’nsi.
772 2038 869 2067 Circa
895 2036 1001 2066 divini
1034 2036 1157 2070 cultus,
1187 2036 1248 2065 etc.

241 2101 347 2131 usque
372 2092 581 2121 roboramus.
600 2091 686 2121 Saue
712 2092 903 2128 presentata
930 2089 1026 2119 uobis
1046 2091 1102 2119 tue
1119 2089 1252 2127 petitio-

242 2146 296 2176 nis
315 2146 421 2175 series
449 2144 639 2174 cfnitinebat
660 2144 759 2183 quod,
780 2152 854 2173 cum
883 2143 962 2172 oliui
994 2142 1135 2172 ecclesia
1162 2141 1251 2171 beati

240 2198 377 2229 Martini
399 2198 438 2227 de
472 2197 656 2235 tlampellis
679 2197 711 2226 in
743 2197 831 2227 Bria.
850 2198 907 2226 tue
936 2195 1094 2230 diocesis,
1130 2195 1162 2224 in
1187 2204 1252 2233 qua

240 2249 486 2290 prebendarum
514 2250 661 2286 collatio,
688 2250 925 2280 canonicorum
954 2249 1134 2284 ordinatio,
1158 2248 1253 2278 insti·
1282 2246 1284 2279 ἰ

1282 2290 1284 2329 ‘f
1314 2302 1384 2329 tras
1398 2299 1630 2330 concessimus
1653 2299 1785 2329 litteras
1805 2298 2011 2328 facultatem.
2029 2298 2115 2328 Sane
2130 2300 2176 2333 tu,
2201 2296 2331 2336 presbi-

1283 2358 1284 2393 ξ
1314 2355 1464 2383 terorum
1492 2352 1738 2382 communicato
1765 2352 1908 2382 consilio
1941 2360 1976 2382 ac
2009 2351 2151 2381 ecclesie
2179 2350 2330 2390 seperate

1283 2398 1284 2419 ³
1315 2407 1422 2436 sancti
1447 2406 1585 2436 Martini
1615 2405 1762 2436 evidenti
1782 2404 1928 2435 utilitate
1948 2406 2099 2442 pensata.
2127 2407 2161 2434 ut
2189 2404 2228 2434 de
2258 2412 2329 2434 cor-

241 2305 335 2335 tutio.
358 2304 519 2334 correctio
540 2306 571 2334 et
591 2303 786 2333 reformatio
805 2303 844 2332 ad
871 2304 902 2332 te
922 2302 1102 2341 pertinent,
1123 2301 1162 2331 ad
1182 2304 1251 2332 tan-

242 2360 308 2388 tam
330 2357 574 2387 desolationem
605 2357 798 2386 devenisset
817 2356 904 2394 quod
924 2355 957 2385 iu
977 2364 1015 2385 ea
1033 2355 1066 2384 in
1091 2364 1156 2393 qua
1182 2356 1251 2384 erat

242 2420 403 2441 uumerus
424 2410 541 2449 viginti
564 2410 705 2439 duarum
723 2409 969 2448 prcbemlaruni
989 2410 1020 2438 et
1044 2408 1184 2438 totidem
1202 2416 1251 2437 ea-

242 2464 450 2499 uouicorum,
484 2465 595 2502 preter
634 2462 838 2501 prebendam
873 2471 973 2501 quam
1007 2461 1250 2492 monasterium

242 2517 347 2547 sancti
367 2516 515 2547 Victoris
538 2516 744 2546 Parisiensis
771 2515 895 2545 ibidem
921 2514 1060 2551 obtinet,
1088 2514 1252 2552 cujusque

242 2571 425 2608 proventus
440 2569 545 2599 valeri
565 2569 734 2598 fructuum
750 2568 892 2598 duarum
911 2568 1054 2597 aliarum
1069 2567 1253 2606 prebenda·

243 2631 315 2652 rum
339 2622 446 2660 ipsius
473 2621 612 2651 ecclesie
641 2623 890 2660 comparantur,
909 2621 965 2650 vix
996 2622 1065 2650 tres
1095 2621 1152 2650 aut
1174 2629 1252 2658 qua-

242 2678 317 2705 tuor
336 2677 470 2713 possent
491 2675 678 2705 residentes
697 2674 847 2704 canonici
873 2674 1025 2712 reperiri,
1047 2675 1118 2703 tum
1136 2682 1195 2712 pro
1214 2682 1251 2703 eo

243 2728 330 2767 quod
352 2727 517 2757 cotidiaue
534 2727 798 2757 destributioues
814 2736 878 2766 que
897 2727 1007 2757 solum
1032 2726 1249 2765 assignaban-

242 2783 296 2811 tur
318 2781 399 2810 inibi
431 2780 671 2815 residentibus,
697 2781 799 2810 nimis
828 2782 922 2810 eraut
950 2782 1068 2810 tenues
1087 2781 1118 2809 et
1144 2779 1252 2809 exiles
1282 2813 1283 2821 ἵ

243 2836 356 2872 utpote
379 2842 442 2872 que
473 2833 633 2863 residenti
659 2834 817 2863 canonico
845 2833 933 2863 ultra
961 2834 1095 2862 centum
1124 2832 1252 2862 solidos
1282 2833 1283 2839 ¹

244 2886 451 2925 parisienses
466 2887 563 2916 anuis
576 2886 720 2924 singulis
737 2895 802 2916 nou
816 2885 982 2922 valebant,
997 2888 1068 2915 tum
1081 2886 1159 2924 quia
1175 2894 1253 2915 uon-

245 2940 328 2970 nulli
347 2939 582 2970 canonicorum
603 2940 753 2978 ipsorum
775 2939 807 2969 iu
831 2939 1013 2969 cathedrali
1033 2938 1085 2969 vel
1110 2938 1188 2968 aliis
1205 2948 1252 2969 ec·
1282 2952 1284 2955 ·

988 254 1234 285 REGIs'rRES
1262 253 1477 283 D'URBAIN
1506 252 1563 282 IV.

1307 334 1423 365 clesiis
1452 334 1615 365 beneficia
1642 334 1844 369 obtinentes,
1878 333 2075 364 asserebant
2106 342 2142 364 se
2172 335 2322 365 munitos

1306 388 1408 418 certis
1435 387 1658 426 indulgentiis
1690 396 1726 417 ac
1758 386 1949 425 privilegiis
1979 386 2188 425 apostolicis,
2219 387 2320 426 quod,

1306 450 1373 471 non
1397 441 1551 471 obstante
1575 442 1701 470 statuto
1734 440 1774 470 de
1804 439 1957 470 facienda
1985 440 2019 469 in
2053 440 2142 470 dicta
2179 440 2323 470 eeclesia

1305 494 1396 524 beati
1411 493 1549 524 Martini
1567 493 1753 523 residentia
1767 492 1940 531 personali
1956 492 2160 531 juramento,
2181 491 2234 523 vel
2255 493 2322 523 alia

1306 555 1518 586 quacumque
1548 546 1707 576 firmitate
1741 545 1880 579 vallato,
1912 545 2042 575 fructus
2074 544 2322 584 prebendarum

1307 609 1446 630 suarum
1480 599 1590 638 ipsius
1624 599 1765 629 ecclesie
1799 599 1928 637 integre
1964 600 2102 637 possent
2135 599 2321 637 percipere,

1308 706 1399 737 modi
1418 705 1612 736 obtinebant
1642 705 1792 735 residere
1815 706 1983 741 curarent,
2018 707 2090 735 tum
2113 705 2215 735 etiam
2245 705 2326 744 quia

1308 760 1461 790 diversas
1500 759 1587 789 alias
1627 767 1748 788 causas
1785 757 1955 797 fingebant
1990 760 2021 787 et
2061 757 2324 788 adinveniebant

1309 812 1554 847 fraudulenter,
1580 813 1718 851 propter
1751 811 1840 850 quod
1872 810 1990 841 eadem
2022 810 2165 841 ecclesia
2198 810 2325 841 debitis

1309 865 1531 896 fraudabatur
1550 864 1736 903 obsequiis,
1763 873 1799 894 ac
1817 864 1906 894 circa
1930 863 2123 902 spiritualia
2141 866 2172 894 et
2197 864 2326 902 tempo—

1310 919 1394 949 ralia
1411 918 1625 948 detrimentis
1642 917 1804 957 gravibus
1826 916 2034 956 subjacebat,
2058 919 2094 947 tu
2121 919 2326 956 oportunum

1309 972 1345 1002 in
1368 971 1428 1001 hac
1446 973 1541 1010 parte
1558 971 1719 1001 affectans
1738 970 1927 1001 remedium
1943 969 2108 1003 adhiberi,
2126 972 2200 1008 post
2218 969 2325 1000 diver-

1310 1033 1366 1054 sas
1383 1024 1589 1054 monitiones
1610 1032 1711 1062 super
1729 1023 1925 1062 hujusmodi
1943 1023 2128 1053 residentia
2153 1023 2259 1053 factas
2275 1031 2326 1053 ca-

1310 1077 1443 1107 nonicis
1481 1077 1691 1113 memoratis,
1730 1085 1766 1106 ac
1792 1075 1990 1115 diligentem
2020 1077 2202 1106 tractatum
2234 1074 2327 1105 hahi-

1309 1131 1381 1160 tum
1403 1138 1478 1159 cum
1504 1129 1677 1168 aliquibus
1707 1138 1836 1163 eorum,
1863 1129 2010 1168 qualiter
2041 1128 2151 1159 eidem
2183 1127 2325 1159 ecclesie

1311 1191 1413 1221 super
1428 1183 1489 1213 hoc
1508 1183 1617 1221 possit
1633 1182 1806 1212 salubrius
1824 1182 2008 1221 provffleri,
2027 1190 2094 1212 una
2110 1190 2185 1212 cum
2203 1182 2254 1212 eis
2271 1181 2327 1211 de-

1312 1235 1513 1266 liberatione
1538 1235 1680 1275 provida
1702 1235 1885 1265 condixisti
1905 1237 1940 1265 ut
1961 1234 2002 1265 de
2027 1244 2166 1274 corpore
2191 1234 2330 1274 cujusli-

1312 1289 1368 1320 bet
1386 1289 1555 1328 prebende
1577 1289 1687 1328 ipsius
1707 1288 1846 1319 ecclesie
1875 1288 2039 1319 dimidius
2066 1288 2199 1318 modius
2223 1287 2326 1324 bladi,

1313 1343 1371 1382 qui
1385 1342 1585 1382 ybernayium
1599 1341 1785 1380 vulgariter
1805 1341 1940 1376 dicitur,
1959 1341 2058 1371 aunis
2077 1340 2236 1380 singulis,
2250 1340 2328 1370 sub-

1312 1397 1503 1432 duceretur,
1518 1397 1550 1426 et
1567 1395 1625 1425 ille
1642 1404 1678 1425 ac
1690 1395 1755 1425 tria
1771 1403 1874 1433 parva
1894 1394 2087 1425 molendina
2107 1394 2259 1433 ejusdem
2276 1401 2328 1424 ec-

1313 1449 1415 1480 clesie
1436 1449 1471 1478 in
1501 1448 1626 1487 quibus
1658 1447 1801 1487 quilibet
1826 1448 2057 1486 predictorum
2089 1447 2330 1477 canonicorum

1312 1502 1521 1541 percipiebat
1538 1503 1683 1541 quatuor
1700 1501 1850 1531 sextaria
1866 1500 1959 1530 bladi
1974 1500 2027 1531 vel
2045 1500 2178 1530 circiter
2203 1508 2329 1530 annua-

1312 1557 1386 1592 tim,
1398 1555 1560 1594 predictis
1573 1554 1873 1585 distributionibus
1885 1563 1949 1593 que
1963 1554 2241 1584 ministrarentur
2257 1556 2329 1584 tan—

1313 1611 1385 1639 tum
1405 1608 1634 1639 residentibus
1653 1617 1689 1638 ac
1706 1607 1830 1638 ibidem
1851 1607 2078 1646 personaliter
2093 1607 2164 1638 Deo
2180 1607 2329 1638 servien—

1312 1662 1416 1698 tibus,
1434 1662 1693 1692 annecterentur
1711 1663 1875 1700 perpetuo
1894 1663 1930 1691 ut
1956 1662 2002 1691 sic
2030 1660 2166 1690 facilius
2189 1662 2328 1699 possent

1313 1715 1460 1745 inveniri
1488 1714 1638 1745 ministri
1662 1715 1798 1753 ydonei,
1824 1714 1883 1753 qui
1906 1714 2031 1744 vellent
2062 1716 2092 1744 et
2124 1715 2264 1752 possent
2294 1713 2330 1744 in

1314 1769 1402 1799 dicta
1436 1768 1579 1798 eeclesia
1610 1767 1736 1797 divinis
1758 1767 1933 1806 obsequiis
1960 1767 2149 1797 immorari.
2182 1766 2328 1797 Demum

1314 1830 1447 1861 quoque
1464 1823 1496 1852 te
1525 1830 1544 1851 a
1572 1821 1670 1851 nobis
1701 1821 1901 1859 suppliciter
1918 1820 2112 1859 postulante
2142 1822 2178 1850 ut
2196 1828 2258 1850 nos
2289 1819 2330 1850 de

1314 1874 1465 1914 qualibet
1474 1874 1702 1913 predictarum
1716 1873 1965 1913 prebendarum
1981 1872 2163 1903 dimidium
2178 1873 2329 1903 modium

1313 1928 1490 1968 ybernagii
1520 1927 1706 1966 supradicti
1735 1927 1886 1957 subtrahi
1916 1927 2089 1963 facientes,
2112 1926 2225 1965 ipsum
2252 1934 2328 1956 cum

1313 1981 1456 2020 prefatis
1473 1981 1680 2011 molendinis
1699 1980 1860 2019 predictis
1879 1978 2184 2010 distrilmtionffius
2203 1979 2238 2008 in
2254 1987 2328 2017 per-

1313 2036 1451 2072 petuum
1471 2035 1647 2063 annectere
1666 2033 1895 2072 dignaremur,
1916 2041 1988 2068 nos,
2009 2032 2050 2062 ad
2072 2035 2127 2063 tue
2157 2031 2328 2070 supplica-

1313 2087 1416 2117 tionis
1442 2087 1652 2121 instantiam,
1672 2086 1733 2116 tibi
1757 2086 1900 2115 faciendi
1918 2086 2087 2124 premissa
2101 2085 2199 2123 juxta
2215 2084 2330 2123 hujus-

1313 2140 1404 2170 modi
1423 2139 1702 2169 deliberationem
1730 2141 1822 2169 tuam
1848 2147 1907 2168 nec
1928 2147 1993 2168 nou
2013 2141 2043 2168 et
2061 2138 2327 2168 contradictores

1313 2195 1345 2223 et
1366 2193 1510 2223 rebelles
1522 2202 1624 2231 super
1639 2192 1698 2222 hoc
1713 2201 1771 2231 per
1788 2201 1967 2222 censuram
1981 2191 2259 2226 ecclesiasticam,
2274 2199 2330 2230 ap-

1314 2247 1497 2285 pellatione
1525 2245 1713 2284 postposita
1731 2245 1979 2284 cmupescendi.
1997 2244 2141 2275 liberam
2166 2252 2226 2283 per
2251 2252 2326 2274 nos-

1314 2468 1393 2498 pore
1413 2459 1680 2498 uniuscujusque
1700 2458 1868 2497 prebende
1885 2458 1994 2497 ipsius
2014 2458 2155 2488 ecclesie
2175 2457 2330 2496 prefatus

1314 2513 1478 2542 dimidius
1508 2512 1641 2542 modius
1662 2511 1837 2551 =vberuagii
1867 2510 2025 2550 prelibati
2055 2519 2141 2541 anuo
2177 2509 2328 2549 quolibet

1315 2566 1533 2600 subducatur,
1554 2566 1611 2604 qui
1631 2575 1666 2595 ac
1694 2568 1880 2595 memorata
1904 2565 1967 2595 tria
1998 2572 2100 2606 parva
2133 2563 2328 2594 molendina

1315 2619 1519 2658 supradictis
1546 2618 1694 2649 exilibus
1719 2617 2030 2648 disti-iluit-iouiluis.
2049 2625 2113 2656 que
2137 2617 2260 2647 dantur
2278 2625 2329 2647 ca-

1314 2673 1446 2703 nonicis
1463 2674 1593 2703 tautum
1615 2672 1648 2702 in
1673 2673 1746 2711 ipsa
1764 2671 1906 2702 ecclesia
1936 2670 2164 2701 residentibus
2190 2678 2227 2700 ac
2255 2669 2327 2700 Deo

1282 2759 1283 2767 ἵ
1314 2725 1536 2764 personaliter
1553 2725 1636 2755 inibi
1655 2724 1933 2764 obsequentiluis.
1956 2724 1988 2754 in
2005 2726 2205 2762 perpetuum
2222 2723 2329 2762 appli-

1314 2781 1442 2811 centur.
1454 2778 1639 2809 secuudum
1658 2777 1937 2807 delilwratiouem
1955 2776 2169 2815 premissam,
2184 2775 2329 2806 auctori-

1314 2834 1381 2862 tate
1400 2831 1629 2862 concessionis
1646 2830 1839 2869 hujusmodi
1859 2829 2023 2864 statuisti,
2044 2831 2142 2868 prout
2163 2829 2196 2858 in
2211 2831 2325 2867 paten-

1314 2885 1406 2916 tibus
1422 2885 1547 2916 litteris
1566 2885 1633 2915 tuis
1657 2884 1732 2914 inde
1751 2883 1913 2915 confectis
1934 2885 2058 2921 tuoque
2081 2881 2195 2921 sigillo
2221 2881 2329 2912 inuni-

1316 2938 1360 2969 tis
1375 2937 1510 2977 plenius
1528 2937 1652 2968 dicitur
1668 2936 1845 2968 contineri.
1862 2936 1932 2966 Nos
1952 2935 2065 2974 itaque
2082 2935 2151 2965 tuis
2168 2933 2326 2973 precibus
