2519 3262
1028 289 1266 327 TROIsIEME
1299 291 1461 328 ANNEE.

203 381 312 412 benda
333 381 418 420 ipsa,
441 383 554 411 nostra
574 382 625 412 vel
650 382 716 411 alia
737 381 857 420 quavis
872 380 1083 416 auctoritate,
1099 389 1117 409 a
1136 388 1216 419 quo-

203 443 304 473 quam
332 435 538 473 contingeret
568 434 772 473 attemptari,
796 434 894 472 prout
924 433 958 463 in
987 433 1213 463 instrumento

202 486 337 526 publico
351 487 427 518 inde
443 487 606 523 confecto,
623 487 732 526 ipsius
750 486 899 525 episcopi
917 486 1067 524 sigillato
1085 486 1210 524 sigillo,

202 540 338 579 plenius
356 541 557 571 continetur.
582 541 652 571 Nos
674 540 798 578 itaque,
820 539 888 569 tuis
906 538 1213 577 supplicationibus

203 594 368 631 inclinati,
390 594 479 634 quod
501 594 542 625 ab
565 594 681 625 eodem
703 594 860 632 episcopo
882 593 1006 623 factum
1023 594 1085 629 est,
1104 595 1214 623 ratum

204 649 236 678 et
252 647 387 678 firmum
416 647 588 683 habentes,
616 647 649 676 id
670 647 868 677 auctoritate
889 646 1075 684 apostolica
1098 646 1216 676 confir—

204 709 337 730 mamus
369 702 444 736 etc.‚
476 709 582 739 usque
612 700 873 735 communimus,
908 701 1060 729 tenorem
1094 699 1218 729 instru-

204 754 309 784 menti
324 754 474 792 ejusdem
490 752 706 792 presentibus
720 753 759 783 de
775 752 875 782 verbo
894 753 933 782 ad
950 752 1092 782 verbum
1110 752 1216 782 inseri

204 806 377 842 facientes,
396 807 453 845 11111
471 807 549 836 13115
567 808 617 836 est
637 817 641 836 z

246 870 260 886 «
280 859 466 899 Stephanus,
492 859 596 889 divina
621 860 811 889 miseratione
832 860 989 899 episcopus
1009 859 1216 893 Prenesle'nus,

204 913 332 943 discreto
350 913 414 942 viro
429 914 574 953 mayistro
591 912 719 943 Nicolao
742 912 778 942 de
797 912 913 949 Esseio,
931 913 1041 942 clerico
1060 912 1218 951 Sayiensis

205 965 341 1000 diocesis,
355 965 535 1005 cappellano
553 972 666 1001 nostro,
679 965 806 996 salutem
824 967 854 995 in
865 965 1007 996 Domino.
1025 966 1219 1004 Apostolica

206 1018 303 1049 sedes
320 1019 459 1057 speciali
478 1037 526 1049 -—.
544 1019 583 1049 In
599 1020 693 1059 cujus
712 1019 761 1049 rei
780 1019 1015 1050 testimonium
1035 1020 1067 1049 et
1085 1019 1220 1048 certitu-

206 1072 319 1102 dinem
332 1072 531 1111 pleniorem,
541 1081 683 1112 presens
695 1072 869 1112 publicum
884 1073 1149 1103 instrumentum
1161 1080 1220 1110 per

206 1125 462 1162 Thomasinum,
476 1125 734 1164 infrascriptum
751 1126 932 1161 notarium,
948 1125 1051 1155 scribi
1062 1127 1094 1155 et
1110 1125 1219 1163 publi-

206 1178 275 1209 cari
295 1179 531 1209 mandavimus
550 1181 582 1209 et
599 1179 706 1209 nostri
729 1179 835 1218 sigilli
852 1179 995 1209 fecimus
1014 1178 1220 1217 appensione

206 1232 344 1262 muniri.
357 1232 477 1262 Actum
495 1232 583 1271 apud
602 1232 892 1268 Urbemveterem,
905 1233 938 1261 in
949 1240 1081 1262 camera
1093 1233 1219 1267 nostra,

208 1293 293 1315 anno
328 1285 515 1315 nativitatis
545 1285 683 1315 Domini
713 1285 973 1316 M⁰CC⁰LXIHI⁰
1006 1285 1222 1324 pontificatus

207 1338 336 1368 domini
359 1338 486 1369 Urbani
511 1347 596 1378 pape
622 1339 686 1369 IIII
710 1348 796 1369 3000
822 1339 935 1373 tertio,
963 1339 1146 1369 indictione
1165 1348 1220 1374 vn,

206 1400 323 1422 mense
337 1392 461 1428 martii,
479 1392 531 1422 die
545 1392 675 1422 decima
689 1394 805 1423 octava
819 1392 990 1429 intrantis,
1006 1391 1222 1431 presentibus

207 1445 381 1484 magistris
394 1446 493 1475 Petro
504 1445 544 1475 de
554 1445 795 1480 Lambertinis‚
810 1446 909 1476 Petro
922 1446 1059 1476 Martini
1069 1446 1220 1484 Yspano,

208 1499 367 1530 canonico
396 1499 637 1536 Minduniensi,
661 1500 789 1530 Thoma
806 1500 845 1530 de
868 1499 1038 1539 Barnaby,
1058 1499 1221 1530 Gaufrido

208 1552 418 1591 presbytero,
447 1552 610 1583 Jacobino
631 1553 753 1583 clerico
781 1555 812 1583 et
843 1552 1005 1583 familiari
1035 1555 1164 1586 nostro,
1191 1554 1222 1583 et

209 1606 398 1636 Ferracano
425 1607 653 1643 procuratore,
677 1607 708 1635 et
725 1605 881 1643 pluribus
903 1605 982 1635 aliis
1006 1606 1047 1635 ad
1069 1605 1131 1635 hoc
1150 1614 1222 1644 spe-

210 1658 341 1688 cialiter
359 1659 485 1688 vocatis
500 1660 531 1688 et
549 1659 675 1697 rogatis
691 1658 845 1688 testibus.
861 1659 902 1688 Et
919 1667 978 1697 ego
995 1659 1223 1689 Thomasinus

210 1711 251 1742 de
263 1711 379 1746 Podio,
395 1711 593 1741 auctoritate
608 1711 791 1750 apostolice
805 1712 896 1741 sedis
908 1712 1014 1750 judex
1026 1714 1058 1742 et
1071 1712 1224 1742 notarius

210 1764 378 1803 publicus,
393 1765 472 1803 quia
488 1765 648 1803 predictis
662 1765 847 1799 collationi,
864 1765 1051 1803 provisioni
1070 1767 1101 1795 et
1117 1765 1226 1795 inves-

210 1818 312 1848 titure
344 1818 493 1849 interfui,
519 1819 551 1847 ut
576 1826 678 1856 supra
710 1818 874 1856 scriptum
905 1820 967 1854 est,
991 1818 1030 1848 de
1065 1819 1224 1849 mandato

210 1871 353 1909 predicti
367 1871 495 1900 domini
507 1871 689 1900 cardinalis
708 1871 830 1909 scripsi
845 1873 876 1901 et
892 1871 1063 1909 publicavi
1078 1873 1110 1902 et
1129 1872 1224 1911 signo

212 1932 286 1953 meo
304 1924 447 1962 signavi.
469 1934 483 1952 »

251 1977 346 2007 Nulli
368 1985 444 2015 ergo
473 1978 586 2006 nostre
607 1977 887 2012 confirmationis,
908 1979 969 2006 etc.
990 1977 1115 2007 Datum
1136 1978 1224 2016 apud

211 2029 499 2063 Urbemveterem,
520 2039 540 2059 x
557 2030 720 2060 kalendas
739 2030 869 2068 aprilis,
891 2039 978 2060 anno
997 2031 1108 2061 tertio.
1131 2041 1144 2059 »

303 2204 398 2235 1024

803 2205 928 2237 Orvieto,
950 2207 964 2231 7
980 2205 1051 2231 avril
1075 2206 1152 2232 1264.

245 2278 421 2312 Stephanum
448 2278 475 2304 in
493 2278 627 2305 abbatem
648 2279 824 2305 monasterio
841 2280 875 2305 de
894 2279 1053 2309 Albaresicn
1069 2280 1223 2308 Suanensis

210 2327 344 2356 diocesis,
370 2327 405 2353 ab
430 2327 545 2359 Uberto,
569 2336 592 2355 s.
622 2327 766 2354 Eustachii
782 2328 902 2355 diacono
923 2329 1073 2357 cardinali.
1100 2330 1226 2364 praesec-

210 2379 283 2407 tum,
304 2376 467 2403 confirmat.
484 2376 563 2411 111110.
579 2377 623 2403 29,
641 2376 689 2402 fol.
706 2378 740 2404 3o
754 2381 794 2408 v⁰,
809 2383 839 2403 n⁰
854 2378 912 2410 73.)

251 2480 444 2519 «Stephano,
456 2479 558 2509 abbati
573 2480 747 2509 monasterii
759 2481 767 2497 ¹
778 2479 814 2509 de
826 2481 844 2509 A
854 2480 994 2515 lbaresio,
1009 2482 1049 2510 ad
1058 2482 1223 2512 Romanam

212 2532 366 2563 ecclesiam
383 2533 465 2562 nullo
485 2532 581 2563 medio
595 2534 790 2572 pertinentis,
804 2533 921 2564 ordinis
938 2536 1037 2564 sancti
1055 2535 1223 2572 Benedicti,

212 2586 380 2616 Suanensis
400 2586 535 2616 diocesis.
555 2587 625 2621 Que
649 2587 689 2616 de
707 2587 798 2617 sedis
811 2588 997 2626 apostolice
1025 2590 1225 2621 auctoritate

213 2639 398 2679 procedunt
412 2641 473 2669 etc.
490 2648 596 2677 051106
609 2640 798 2678 provenire
814 2641 900 2671 Sane
918 2642 957 2671 ad
977 2644 1127 2672 nostram
1144 2643 1225 2674 olim

214 2693 374 2732 perducto
400 2692 555 2722 notitiam
582 2693 826 2723 monasterium
855 2694 895 2724 de
929 2694 1107 2726 Alb-aresio
1134 2698 1226 2727 tanto

213 2747 364 2784 tempore
377 2745 551 2775 vacavisse
569 2745 658 2783 quod
673 2745 782 2783 ipsius
792 2747 954 2785 provisio,
966 2749 1151 2779 secundum
1163 2752 1228 2780 sta-

213 2800 287 2829 tuta
308 2798 549 2828 Lateranensis
563 2798 710 2832 concilii,
727 2800 816 2829 esset
831 2799 872 2829 ad
887 2808 948 2830 nos
961 2801 1110 2840 legitime
1129 2803 1226 2834 devo-

214 2852 296 2887 luta,
314 2860 386 2885 nos,
401 2860 441 2881 ne
458 2851 702 2881 monasterium
722 2851 847 2890 ipsum,
865 2855 1003 2891 propter
1015 2856 1227 2886 vacationem

215 2905 382 2935 diutinam
407 2904 440 2934 in
467 2904 705 2943 spiritualibus
732 2907 763 2934 et
782 2906 1029 2944 temporalibus
1048 2908 1230 2939 detrimen-

248 2999 270 3021 1.
287 2997 324 3021 Le
343 2997 500 3021 manuscrit
519 2999 600 3027 porte
615 2996 703 3020 abbati
718 2996 749 3020 de
767 2998 931 3022 monasterii.

344 3052 482 3078 ¹¹1³sser
506 3051 559 3079 ῙΥ.
581 3052 601 3076 1..
623 3050 678 3081 Ill,
703 3051 766 3083 Res).
787 3051 846 3077 orrl.

2247 313 2284 342 :25

1275 382 1347 411 tum
1365 382 1561 420 incurreret,
1578 386 1806 423 provisionem
1821 389 2007 421 faciendam
2027 393 2135 424 eidem
2153 404 2284 426 0101135-

1276 435 1360 464 terio
1373 435 1412 465 de
1426 444 1571 474 persona
1582 438 1712 476 ydonea
1727 441 1761 470 in
1775 441 1929 472 abbatem
1945 444 2065 475 dilecto
2082 446 2151 477 filio
2170 450 2284 479 nostro

1277 487 1331 523 U.,
1352 489 1457 518 sancti
1488 490 1660 521 Eustachii
1685 493 1824 524 diacono
1850 497 2024 533 cardinali,
2053 501 2285 532 commisimus

1278 541 1413 571 oraculo
1438 542 1511 572 vive
1541 544 1643 575 vocis.
1675 546 1766 576 Idem
1798 550 1908 578 autem
1938 551 2121 582 cardinalis
2139 556 2287 591 postmo-

1278 593 1369 630 dum,
1398 595 1568 627 intellecto
1603 599 1691 636 quod
1726 603 1909 631 conventus
1941 604 2061 641 prefati
2089 608 2286 637 monasterii

1277 647 1452 683 Jacobuin,
1477 649 1631 681 abbatem
1650 654 1848 684 monasterii
1865 657 1971 686 sancti
1991 657 2135 688 Zenonis
2160 659 2286 696 Pisani,

1279 699 1550 731 Camaldulensis
1584 704 1725 739 ordinis,
1758 705 1790 734 in
1824 716 1923 737 suum
1949 708 2103 739 abbatem
2133 711 2171 741 de
2191 711 2287 745 sacto,

1279 760 1354 782 cum
1381 753 1421 783 116
1436 753 1510 792 jure
1535 764 1599 785 11011
1623 760 1772 795 possent,
1792 760 1956 791 duxerant
1984 763 2189 801 eligendum,
2214 773 2290 794 eum

1280 805 1358 835 fecit
1377 806 1473 837 citari
1501 811 1728 848 peremptorie
1756 814 1791 841 ut
1811 821 1924 843 coram
1955 823 1993 845 60
2012 824 2071 854 per
2093 825 2128 846 se
2147 817 2199 847 vel
2218 826 2291 856 pro-

1281 860 1469 889 curatorem
1492 861 1660 899 ydoneum
1677 866 1766 895 certo
1781 867 1924 897 termino
1940 871 2161 906 compareret,
2181 872 2290 900 osteu-

1281 920 1382 941 surus
1403 912 1459 951 jus
1483 922 1583 944 suum
1611 916 1640 945 si
1666 918 1753 955 1111011
1773 927 1813 948 ex
1830 919 2024 957 hujusmodi
2044 922 2207 952 electione
2226 923 2291 953 sibi

1282 964 1352 995 fore
1377 967 1525 997 crederet
1550 969 1768 1007 acquisitum.
1795 973 1931 1004 Verum.
1966 983 2041 1004 cum
2068 976 2155 1005 idem
2189 976 2293 1006 abbas

1282 1019 1390 1048 sancti
1418 1019 1563 1050 Zenonis
1588 1022 1640 1052 vel
1665 1023 1789 1062 aliquis
1813 1034 1872 1063 pro
1898 1035 1935 1056 60
1963 1027 1995 1056 111
2022 1028 2215 1066 huJusmodi
2231 1030 2295 1060 ter-

1282 1071 1386 1106 mino,
1407 1074 1438 1102 et
1463 1075 1539 1112 post
1572 1075 1684 1113 ipsum
1705 1077 1834 1108 diutius
1855 1082 2064 1118 expectatus,
2094 1091 2205 1112 coram
2227 1091 2295 1113 car-

1282 1124 1387 1155 dinali
1415 1135 1481 1157 non
1507 1129 1754 1167 comparuisset
1791 1132 1919 1167 eodem,
1947 1142 2006 1164 nec
2035 1134 2147 1173 aliqua
2177 1135 2295 1166 electio

1283 1186 1343 1208 seu
1364 1180 1549 1217 postulatio
1575 1184 1789 1221 apparuisset
1809 1185 1848 1216 de
1868 1186 1927 1216 illo
1952 1187 2004 1217 vel
2021 1187 2088 1217 alio
2107 1188 2140 1217 in
2165 1188 2295 1226 prefato

1284 1233 1490 1264 monasterio
1515 1234 1555 1265 de
1584 1235 1761 1267 Albaresio
1781 1238 1959 1276 celebrata,
1981 1240 2091 1270 dictus
2113 1241 2295 1272 cardinalis

1284 1286 1483 1317 auctoritate
1502 1289 1618 1318 nostra
1630 1289 1695 1319 sibi
1716 1291 1750 1320 in
1773 1291 1832 1321 hac
1850 1295 1944 1331 parte
1959 1295 2154 1329 commissa,
2172 1297 2203 1325 te
2220 1296 2297 1325 tunc

1283 1338 1431 1376 priorem
1451 1342 1649 1372 monasterii
1667 1344 1945 1380 Vallis-Fal.›rice‚
1965 1347 2094 1377 ordinis
2117 1348 2298 1378 5311611136-

1284 1392 1422 1428 nedicti,
1450 1394 1699 1426 Asisinatensis
1723 1397 1882 1434 diocesis,
1912 1399 2105 1430 absolutum
2124 1401 2164 1430 ab
2188 1401 2297 1439 ipsius

1286 1445 1461 1484 regimine,
1479 1448 1620 1486 prefecit
1634 1451 1764 1488 prefato
1786 1453 1992 1483 monasterio
2015 1454 2054 1483 de
2068 1454 2245 1484 Albaresio
2263 1455 2297 1484 in

1285 1498 1451 1534 abbatem,
1472 1500 1569 1531 firma
1585 1503 1624 1532 de
1641 1504 1671 1533 te
1690 1508 1849 1543 concepta
1866 1524 1913 1541 —,
1932 1509 2031 1544 prout
2050 1507 2083 1537 in
2103 1507 2297 1546 patentibus

1284 1551 1410 1582 litteris
1428 1553 1538 1591 ipsius
1564 1556 1757 1593 cardinalis,
1779 1559 1942 1589 consectis
1966 1560 2087 1590 exinde
2112 1569 2239 1599 suoque
2256 1561 2299 1591 si-

1284 1605 1365 1643 gillo
1400 1606 1554 1645 signatis,
1580 1608 1715 1646 plenius
1744 1611 1944 1642 continetur.
1974 1614 2044 1643 Nos
2074 1614 2200 1652 itaque,
2229 1615 2296 1644 tuis

1286 1659 1593 1697 supplicationibus
1621 1663 1784 1695 inclinati.
1810 1665 1898 1703 quod
1925 1665 1966 1695 ab
1992 1667 2109 1696 eodem
2134 1667 2298 1697 cardinali

1286 1720 1388 1749 super
1413 1712 1480 1743 hiis
1499 1714 1623 1744 factum
1650 1718 1712 1751 est,
1732 1719 1841 1747 ratum
1860 1721 1891 1748 et
1916 1720 2049 1749 lirnium
2068 1719 2242 1755 habentes,
2264 1721 2297 1750 id

1286 1766 1485 1796 auctoritate
1515 1768 1701 1805 apostolica
1729 1771 1981 1807 confirmamus,
2001 1774 2062 1803 etc.
2085 1781 2192 1811 usque
2210 1782 2300 1803 com—

1287 1826 1472 1849 munimus.

1327 1872 1493 1901 'l‘enorem
1518 1875 1630 1903 autem
1658 1874 1849 1906 litterarum
1875 1877 2027 1915 ipsarum
2058 1879 2097 1908 de
2131 1878 2232 1908 verbo
2259 1879 2297 1909 ad

1287 1923 1427 1954 verbum
1454 1926 1668 1963 presentibus
1696 1928 1838 1959 fecimus
1856 1931 2023 1965 annotari,
2049 1932 2106 1969 qui
2125 1931 2206 1961 talis
2222 1934 2271 1962 est
2291 1942 2297 1961 :

1326 1988 1342 2007 11
1363 1977 1500 2014 chrtus,
1526 1980 1720 2010 miseratione
1738 1981 1843 2011 divina
1859 1984 1957 2012 sancti
1974 1984 2138 2013 Eustachii
2154 1984 2299 2014 diaconus

1287 2030 1467 2068 cardinalis,
1481 2031 1589 2062 dilecto
1608 2033 1664 2063 sibi
1682 2034 1711 2063 in
1732 2034 1852 2065 Christo
1868 2036 2010 2075 rcliyioso
2030 2038 2094 2066 ciro
2104 2037 2211 2067 domm)
2229 2040 2298 2067 Ste-

1283 2084 1399 2123 pliano,
1415 2086 1517 2124 priori
1532 2088 1711 2117 monasterii
1734 2088 1826 2118 Vallis
1838 2089 1967 2127 subt-ire,
1987 2090 2104 2120 ordinis
2119 2092 2220 2120 saneti
2244 2092 2299 2122 Be-

1285 2137 1407 2174 nedicti,
1424 2138 1643 2169 Asisinatensis
1658 2141 1794 2178 diocesis,
1809 2142 1937 2172 salutem
1958 2144 1988 2172 in
2006 2144 2146 2173 Dotteino.
2164 2145 2298 2175 Perlato

1286 2192 1326 2221 ad
1343 2192 1548 2222 audientiam
1573 2212 1622 2223 —.
1638 2194 1676 2224 In
1706 2196 1801 2233 cujus
1827 2196 1875 2226 rei
1900 2197 2134 2227 testimonium
2163 2198 2299 2228 6111110-

1286 2254 1358 2275 ram
1376 2246 1575 2276 memoriam
1595 2248 1851 2285 premissorum,
1873 2254 2047 2288 presentes
2070 2251 2201 2281 litteras
2226 2251 2298 2281 fieri

1286 2299 1487 2329 mandamus
1504 2301 1535 2330 et
1552 2300 1656 2339 sig-illi
1677 2302 1781 2331 nostri
1801 2303 2154 2341 appensionemuniri.
2173 2305 2298 2334 Datum

1287 2353 1375 2390 apud
1399 2352 1687 2391 Urbemveterem,
1712 2364 1732 2384 x
1753 2355 1914 2386 kalendas
1933 2357 2056 2392 martii,
2084 2357 2298 2395 pontificatus

1287 2405 1413 2435 domini
1428 2405 1555 2436 Urbani
1573 2416 1657 2445 pape
1674 2408 1737 2437 llll
1754 2409 1895 2446 predicti
1913 2418 1998 2439 30110
2016 2410 2126 2440 tertio.
2150 2420 2165 2438 »

1326 2459 1420 2489 Nulli
1440 2468 1518 2498 ergo
1545 2462 1658 2490 nostre
1681 2463 1948 2492 confirmationis
1973 2466 2034 2493 etc.
2058 2464 2182 2493 Datum
2209 2464 2298 2502 apud

1288 2511 1577 2549 Urbemveterem‚
1597 2523 1640 2543 vn
1663 2514 1738 2544 idus
1756 2516 1887 2553 aprilis,
1908 2517 2120 2546 311110161110.
2142 2525 2158 2545 »

1379 2678 1475 2709 1025

1324 2747 1462 2782 Episcopo
1478 2747 1541 2773 Cast
1549 2747 1623 2773 rcnsi
1640 2748 1757 2773 mandat
1773 2749 1911 2781 quatenus
1930 2749 2107 2782 praedictum
2121 2750 2297 2784 Stephanum

1289 2796 1317 2823 in
1344 2796 1557 2830 possessionem
1588 2797 1755 2823 monasterii
1782 2797 1815 2823 de
1843 2798 1988 2824 Albaresio
2006 2798 2130 2825 inducat.
2155 2798 2296 2832 11111329,

1290 2845 1338 2871 fol.
1358 2847 1392 2873 30·
1409 2850 1446 2877 νο,
1463 2850 1494 2871 n⁰
1513 2845 1570 2875 74.)

1891 2678 2013 2704 Orvieto.
2032 2680 2045 2704 7
2060 2679 2130 2705 avril
2151 2680 2226 2706 1204.

1329 2952 1346 2972 «
1365 2941 1525 2981 Episcopo
1555 2941 1721 2973 Casii-ensi.
1743 2948 1814 2979 Que
1829 2945 1868 2974 de
1889 2945 1979 2975 sedis
1996 2963 2043 2976 —.
2066 2946 2189 2976 Datum
2211 2946 2298 2984 apud

1290 2994 1580 3032 Urbemveterem,
1605 3005 1648 3025 vn
1672 2997 1747 3026 idus
1764 2998 1894 3036 aprilis,
1910 3007 1995 3028 3000
2013 2999 2122 3029 tertio.
2144 3008 2160 3027 »

2167 3060 2176 3085 1.
