2519 3262
176 199 236 228 442
927 189 1170 220 REGISTRES

176 281 340 313 studiosis
357 279 552 319 resplendes
565 277 727 311 servitiis,
741 276 789 306 sic
801 278 832 306 te
848 274 1053 314 specialibus
1070 275 1186 305 efferre

167 318 351 362 'beneficiis
381 328 577 359 studeamus
609 327 644 356 ut
677 334 718 356 ex
742 324 802 355 1106
829 323 1002 354 evidenter
1028 325 1188 363 appareat

168 372 267 423 ”quod
290 385 345 414 tue
364 389 577 420 nequaquam
601 387 675 409 esse
693 386 877 417 possumus
895 377 1112 407 immemores
1131 376 1187 406 bo-

177 437 293 467 nitatis
313 436 371 466 sed
402 434 615 465 intendamus
647 440 781 470 semper
806 439 922 469 gerere
938 431 970 460 te
995 430 1029 460 in
1060 429 1188 460 nostris

177 489 366 520 visceribus
384 487 618 526 predilectum.
636 486 721 515 Sane
739 493 781 514 ex
798 485 892 522 parte
909 485 966 513 tua
986 482 1050 512 suit
1067 491 1186 521 propo·
1218 507 1219 526 3

1249 528 1276 553 cl
1291 524 1430 553 Marchie
1446 525 1651 554 Anconitane.
1667 525 1718 555 Ex
1740 528 1834 563 parte
1852 524 2053 555 dilectarum
2071 544 2121 555 --.
2140 526 2265 557 Datum

177 596 236 626 del.
253 602 349 634 papa,
367 593 584 633 predecessor
605 593 730 626 noster.
753 598 812 628 per
834 598 915 620 suas
933 589 993 619 tibi
1015 588 1077 618 sub
1099 590 1187 618 cerm
1219 588 1220 627 ᾗ
1250 576 1337 613 apud
1356 575 1646 612 Urbemveterem,
1666 585 1687 606 x
1708 576 1872 606 kalendas
1899 575 2076 612 februarii,
2096 586 2183 608 anno
2201 580 2265 609 ter-

1219 636 1220 647 *
1250 628 1308 658 ῘΪΟ.
1330 640 1344 656 ›)

179 543 281 572 situm
297 549 408 571 coram
430 539 527 570 nobis
545 538 634 577 quod
652 537 762 568 felicis
779 535 1023 567 recordationis
1041 535 1187 565 Alexan-

178 649 286 679 sorma
310 646 449 676 indulsit
476 645 610 675 litteras
632 645 669 674 ut
693 643 896 682 personatus
922 650 982 672 seu
1005 641 1188 680 dignitates

178 702 210 730 et
227 699 400 735 beneficia,
421 706 484 737 que
503 696 727 736 promotionis
745 697 802 725 tue
822 696 973 734 tempore
998 693 1185 729 obtinebas,

178 761 296 792 posses
320 759 427 790 usque
451 751 492 781 ad
518 749 787 789 quinquennium
810 756 878 778 una
896 756 971 777 cum
992 747 1188 785 episcopatu

178 804 365 836 Veronensi
378 803 469 833 licite
486 803 642 839 retinere,
665 809 793 840 nosque
810 800 1026 840 postmodum
1042 799 1131 838 quod
1147 799 1188 829 ab

177 857 294 888 eodem
312 857 550 895 predecessore
566 855 691 885 sactum
708 854 818 884 extitit
833 854 865 883 in
880 853 940 883 hac
957 854 1062 892 parte,
1079 854 1187 883 ratum
1220 894 1221 904 η

178 910 339 940 habentes
356 911 388 940 et
411 911 554 948 gratum,
572 908 657 938 illud
678 907 875 938 auctoritate
891 906 1076 945 apostolica
1092 905 1187 935 (luxi-

178 971 254 993 mus
281 962 559 992 confirmandum.
583 961 745 991 Volentes
770 960 873 998 igitur
896 958 968 995 tibi,
993 958 1099 988 adhuc
1121 958 1189 988 tuis

176 1015 394 1055 exigentibus
411 1015 553 1051 meritis,
568 1014 711 1053 gratiam
727 1014 761 1043 in
776 1013 837 1043 1106
852 1013 960 1043 facere
976 1011 1187 1050 ampliorem,

179 1069 247 1099 tuis
258 1067 566 1107 supplicationibus
582 1067 748 1102 inclinati,
761 1066 932 1097 devotioni
945 1066 999 1096 tue
1015 1066 1061 1101 ut,
1077 1065 1190 1104 hujus>

179 1122 269 1152 modi
286 1121 381 1152 linito
399 1120 644 1160 quinquennio,
662 1121 863 1159 personatus
881 1127 940 1149 seu
960 1118 1141 1157 dignitates
1158 1120 1189 1148 et

178 1174 341 1205 beneficia
373 1173 523 1213 predicta
552 1182 611 1212 per
642 1173 734 1203 aliud
763 1172 975 1211 subsequens
1003 1171 1188 1210 quinquen-

179 1227 274 1258 nium
312 1236 377 1257 una
405 1235 481 1257 60111
513 1227 662 1265 predicto
689 1226 885 1264 episcopatu
911 1224 1056 1255 retinere
1083 1223 1188 1254 libere

178 1280 303 1313 valeas,
322 1280 491 1310 contraria
509 1279 750 1309 constitutione
764 1278 924 1308 canonica
939 1285 1004 1307 non
1022 1276 1188 1314 obstante,

179 1333 378 1363 auctoritate
397 1332 606 1371 presentium
624 1331 850 1370 indulgemus,
870 1330 1007 1369 proviso
1029 1330 1117 1369 quod
1133 1330 1189 1359 110-

174 1386 325 1424 jusmodi
348 1386 561 1424 personatus,
585 1385 766 1423 dignitates
795 1392 854 1414 360
878 1383 1041 1413 beneficia
1065 1383 1189 1413 debitis

178 1447 243 1469 non
270 1438 469 1468 fraudentur
490 1437 664 1476 obsequiis
694 1438 725 1467 et
750 1437 939 1467 animarum
963 1445 1042 1466 cura
1067 1436 1101 1466 in
1123 1436 1190 1466 hiis

179 1500 242 1530 que
275 1491 368 1521 illam
397 1499 562 1521 annexam
590 1490 724 1524 habent,
758 1490 951 1520 nullatenus
987 1489 1187 1529 negligatur.

178 1543 272 1573 Nulli
293 1552 370 1582 ergo
388 1544 501 1573 nostre
520 1543 760 1578 concessionis
782 1544 843 1572 etc.
867 1543 990 1572 Datum
1009 1541 1098 1580 apud
1128 1541 1189 1571 Ur-

179 1596 417 1632 bemveterem,
437 1605 497 1626 xiii
518 1596 681 1627 kalendas
698 1595 873 1631 februarii,
892 1603 978 1625 anno
994 1595 1106 1625 tertio.
1130 1604 1144 1623 »

273 1757 365 1788 1201

725 1755 850 1785 Orvieto,
865 1756 899 1782 20
911 1754 1026 1790 janvier
1040 1755 1117 1782 1264.

177 1860 182 1865 .
216 1839 403 1866 Mutinensem
430 1842 457 1866 et
488 1839 673 1866 Mantuanum
701 1839 849 1873 episcopos
882 1839 1019 1873 praedicti
1044 1839 1188 1873 privilegii

180 1890 344 1914 executores
362 1887 522 1914 constituit.
539 1888 618 1922 (Rieu.
637 1889 681 1919 29,
700 1888 749 1914 sol.
765 1888 797 1914 91
815 1893 851 1921 νο,
868 1893 898 1914 n⁰
915 1887 990 1922 250.)

220 1997 233 2014 u
257 2009 276 2016 ..
298 1986 473 2019 Mustncnsi,
492 1990 518 2014 ee
534 2009 551 2014 ..
573 1985 739 2015 Mantuano
755 1985 908 2024 episcopis.
941 1985 1039 2016 Clara
1067 1986 1188 2016 merita

179 2038 358 2077 probitatis
377 2056 421 2069 —.
439 2039 562 2068 Datum
583 2038 671 2076 apud
692 2038 977 2075 Urbemreterem,
997 2048 1054 2068 xiii
1076 2038 1188 2068 kalen-

179 2092 239 2121 das
258 2090 431 2126 sebruarii,
456 2100 542 2121 anno
556 2091 666 2121 tertio.
685 2099 701 2120 »

271 2257 367 2288 1202

737 2256 860 2286 Orvicto,
878 2257 892 2281 7
905 2255 1020 2291 111111161-
1038 2256 1114 2284 1264.

215 2339 385 2374 Episcopum
402 2339 550 2366 Arctinum
567 2342 749 2366 executorem
766 2340 883 2374 deputat
900 2340 1044 2375 privilegii
1072 2345 1103 2366 11⁰
1121 2340 1188 2367 1107

179 2388 294 2422 signati.
312 2389 391 2423 (11116.
410 2389 454 2419 29,
476 2388 524 2414 sol.
540 2389 573 2415 91
592 2392 631 2414 νῦ.
650 2389 742 2416 110250
760 2388 822 2419 bis.)

220 2491 234 2509 (ι
255 2503 274 2510 ..
294 2481 434 2520 episcopo
451 2481 589 2510 Aretino.
614 2481 761 2512 Obtentu
780 2482 894 2513 dilecti
913 2482 976 2512 filii
992 2500 1042 2512 —.
1061 2483 1186 2514 Datum

180 2533 267 2571 apud
286 2533 574 2571 Urbemveterem,
596 2543 638 2564 vn
661 2535 736 2565 idus
752 2535 911 2573 januarii,
936 2544 1021 2566 anno
1040 2536 1151 2567 tertio.
1170 2545 1187 2566 »

271 2697 366 2728 1203

721 2697 844 2729 Orvieto.
862 2698 896 2725 23
909 2697 1022 2733 janvier
1040 2699 1116 2726 1204.

215 2780 372 2812 Mansredo,
382 2779 538 2806 Veronensi
554 2779 655 2814 electo,
668 2781 912 2808 examinationem
926 2781 1075 2810 electionis
1087 2785 1115 2810 et
1129 2792 1187 2810 me-

177 2828 300 2856 ritorum
319 2828 479 2855 committit
500 2828 668 2856 Catliarinac
684 2837 768 2863 quae,
789 2838 897 2858 anuum
915 2831 1088 2866 vigesimum
1106 2839 1189 2866 pera-

180 2885 260 2912 gens,
282 2877 310 2904 10
336 2877 513 2905 abbatissam
545 2879 587 2904 est
614 2878 705 2906 electa
732 2879 900 2906 monasterii
927 2888 949 2906 s.
977 2880 1082 2907 Mariae
1107 2884 1133 2908 et
1160 2889 1183 2909 s.

1205 189 1419 220 D'URBAIN

1452 190 1510 220 IV.

1220 289 1221 293 =
1251 274 1423 301 catharinae
1439 275 1474 301 de
1492 274 1625 309 Cingulo,
1638 275 1746 302 ordinis
1761 283 1785 302 s.
1800 275 1957 310 Benedicti,
1973 283 2024 310 per
2037 279 2162 304 mortem
2178 286 2267 312 quon-

1220 309 1221 346 i
1250 324 1316 349 dani
1344 323 1516 350 catharinae
1545 324 1709 350 abbatissae
1741 324 1880 351 vacantis.
1903 324 1982 359 (Rae.
2008 326 2055 359 29,
2083 325 2134 352 fol.
2161 327 2194 353 91
2221 331 2263 360 τ’,

1219 369 1220 372 ’
1250 372 1367 405 110251.)

1289 481 1304 500 (1
1320 471 1494 510 Manfredo,
1516 471 1676 501 Veronensi
1701 472 1805 509 electo„
1821 473 1931 501 rectori
1953 471 2080 502 ducatus
2098 472 2266 512 Spoletam'

1342 805 1439 836 1204
1815 803 1940 835 Orvieto,
1956 804 1972 830 9
1984 804 2098 840 janvier
2116 805 2194 832 1204.

1285 887 1507 922 Areliiepiseopo
1524 888 1680 914 'furonensi
1696 888 1813 914 mandat
1831 890 1872 920 ut,
1889 896 1905 914 a
1922 888 2063 923 magistro
2080 888 2174 919 Petro,
2189 889 2266 917 dicto

1254 938 1356 964 Vetere.
1376 937 1483 963 decano
1503 936 1642 963 eeclesiae
1664 937 1689 963 b.
1712 937 1811 963 Hilarii
1831 936 2022 969 viennensis,
2042 937 2076 964 de
2092 945 2147 964 uno
2163 938 2268 965 beneti-

1250 985 1293 1012 cio
1317 985 1406 1012 libera
1429 986 1625 1021 resignatione
1653 989 1779 1020 reci-pta,
1807 986 1900 1013 eidem
1923 986 2062 1013 beneficio
2086 987 2121 1013 de
2143 994 2265 1021 persona

1252 1034 1353 1061 idonea
1371 1034 1527 1070 provideat.
1550 1035 1629 1068 (11116.
1648 1036 1693 1061 29.
1711 1034 1758 1061 sul.
1779 1035 1811 1061 91
1829 1037 1869 1068 νο,
1888 1041 1919 1061 n⁰
1941 1035 2016 1070 252.)

1291 1149 1308 1170 ((
1332 1163 1359 1170 ..
1383 1139 1612 1179 archiepiscopo
1636 1139 1816 1169 Turonensi.
1845 1140 1999 1170 Dilectus
2022 1140 2115 1171 filius
2142 1141 2266 1180 magis-

1251 1194 1301 1222 ter
1326 1192 1450 1223 Petrus
1477 1193 1586 1223 dictus
1617 1192 1714 1228 retus,
1739 1193 1885 1223 decanus
1910 1193 2052 1224 ecclesie
2076 1193 2165 1224 beati
2188 1194 2268 1225 Yla-

1251 1245 1293 1275 rii
1312 1245 1536 1280 Pictavensis,
1558 1246 1754 1284 capellanus
1772 1247 1887 1276 noster
1906 1248 1937 1276 et
1954 1255 2132 1277 causarum
2146 1247 2267 1286 palatii

1251 1298 1358 1328 nostri
1374 1299 1542 1337 generalis
1562 1299 1706 1335 auditor,
1728 1299 1885 1337 exposuit
1915 1308 2026 1329 coram
2051 1299 2149 1330 nobis
2176 1300 2267 1339 quod

1251 1351 1375 1390 ipsein
1401 1352 1548 1382 diversis
1575 1352 1730 1382 ecclesiis
1749 1352 1885 1382 diversa
1907 1352 2137 1383 ecclesiastica
2165 1353 2264 1384 bene-

1250 1404 1327 1434 ficia
1342 1406 1391 1434 est
1407 1405 1564 1443 adeptus3
1579 1406 1610 1435 et
1630 1405 1708 1435 licet
1729 1405 1802 1444 ipse
1820 1405 2016 1443 hujusmodi
2037 1405 2201 1436 beneficia
2215 1415 2266 1437 ca-

1250 1458 1369 1488 nonice
1393 1457 1555 1495 obtineat,
1581 1458 1654 1496 ipse
1677 1460 1789 1488 tamen
1812 1458 2031 1488 considerans
2049 1459 2138 1497 quod
2158 1459 2192 1489 in
2214 1460 2265 1490 eis

1252 1510 1409 1541 omnibus
1428 1511 1556 1550 nequit,
1576 1511 1662 1541 sicut
1695 1511 1779 1542 soret
1803 1511 2019 1548 conveniens,
2038 1511 2210 1543 deservire
2228 1520 2266 1543 ac

1250 1573 1309 1603 per
1326 1564 1387 1594 1106
1405 1573 1465 1594 306
1490 1564 1593 1594 saluti
1611 1563 1770 1594 dubitans
1795 1564 1960 1603 deperire,
1988 1566 2024 1595 ut
2050 1573 2110 1596 sue
2139 1565 2175 1595 in
2202 1565 2265 1596 hac

1250 1618 1345 1656 parte
1362 1617 1567 1647 conscientie
1584 1617 1768 1648 salubriter
1786 1617 1942 1653 satisfiat,
1961 1626 2066 1647 unum
2078 1626 2119 1648 ex
2135 1618 2266 1649 eisdem

1251 1670 1426 1700 beneficiis
1453 1670 1611 1709 proponit
1638 1670 1743 1701 libere
1767 1670 1952 1710 resignare,
1972 1670 2072 1701 nobis
2088 1671 2265 1702 humiliter

1251 1723 1450 1762 supplicans
1467 1725 1503 1753 ut
1522 1723 1787 1763 resignationem
1808 1723 2005 1763 hujusmodi
2026 1724 2131 1763 recipi
2159 1733 2197 1755 ac
2216 1724 2265 1764 ip-

1251 1785 1326 1806 sum
1348 1776 1549 1807 beneficium
1572 1777 1718 1807 conferri
1736 1785 1880 1815 persone
1908 1777 2038 1816 ydonee
2061 1777 2262 1808 faceremus.

1250 1829 1411 1868 Ejusdem
1439 1830 1542 1869 igitur
1572 1830 1688 1860 decani
1729 1830 2037 1869 supplicationibus
2064 1833 2264 1866 annuentes,

1219 1883 1220 1886 ’
1250 1882 1451 1913 fraternitati
1470 1885 1525 1913 tue
1553 1883 1754 1913 mandamus
1774 1883 1948 1922 quatinus,
1971 1883 2012 1914 ab
2041 1883 2116 1922 ipso
2139 1884 2265 1914 decano

1248 1935 1442 1974 hujusmodi
1460 1935 1614 1966 beneficii
1633 1935 1739 1966 libera
1762 1936 1991 1974 resignatione
2016 1938 2162 1975 recepta,
2178 1936 2264 1967 illud

1249 1988 1443 2026 hujusmodi
1465 1997 1607 2027 persone
1632 1988 1762 2027 ydonee
1784 1989 1983 2019 auctoritate
2010 1990 2127 2019 nostra
2148 1997 2208 2028 per
2232 1991 2264 2019 te

1249 2041 1302 2071 vel
1321 2041 1424 2071 alium
1444 2041 1597 2071 conseras
1616 2043 1646 2072 et
1664 2041 1830 2080 assignes,
1846 2042 2024 2081 ipsamque
2044 2042 2078 2071 in
2095 2042 2191 2072 illius
2207 2041 2263 2073 be-

1249 2094 1359 2124 neficii
1395 2094 1605 2133 corporalem
1636 2095 1891 2134 possessionem
1921 2094 2062 2125 inducas
2087 2097 2119 2125 et
2150 2094 2264 2126 defen-

1249 2147 1309 2177 das
1325 2147 1509 2182 inductam,
1532 2147 1658 2178 faciens
1683 2147 1924 2178 nichilominus
1949 2156 2129 2187 personam
2154 2147 2264 2187 ipsam

1250 2199 1291 2229 ad
1316 2200 1404 2230 idem
1429 2199 1641 2232 beneficium.
1673 2201 1701 2230 si
1734 2200 1819 2230 illud
1850 2201 1884 2230 in
1913 2200 2091 2240 collegiata
2120 2200 2264 2231 ecelesia

1250 2253 1362 2288 fuerit,
1393 2253 1426 2282 in
1454 2253 1651 2283 canonicum
1681 2253 1786 2292 recipi
1803 2254 1835 2283 et
1854 2253 1888 2283 in
1912 2252 2062 2284 fratrem.
2092 2253 2169 2284 Non
2189 2252 2264 2284 obs-

1250 2307 1341 2336 tante
1371 2307 1431 2336 etc.
1463 2306 1735 2337 Contradictores
1767 2308 1828 2337 etc.
1859 2315 1968 2346 usque
1999 2306 2262 2346 compescendo:

1250 2359 1296 2389 ita
1312 2364 1425 2389 tamen
1445 2359 1533 2398 quod
1554 2359 1671 2390 eadem
1694 2367 1839 2398 persona
1857 2360 1899 2390 ad
1919 2359 2066 2395 ordines,
2089 2361 2189 2399 prout
2214 2367 2264 2390 re—

1249 2413 1361 2451 quiret
1385 2420 1470 2442 onus
1497 2413 1607 2451 ipsius
1636 2412 1803 2447 beneficii,
1830 2421 1865 2444 se
1890 2412 1989 2443 faciat
2017 2413 2154 2444 statutis
2183 2414 2266 2444 tem-

1248 2464 1389 2503 poribus
1405 2466 1596 2504 promoveri
1616 2468 1647 2496 et
1669 2466 1815 2496 resideat
1833 2466 2059 2505 personaliter
2077 2466 2112 2496 in
2131 2465 2262 2497 eodem.

1249 2518 1411 2557 Alioquin
1440 2518 1636 2557 hujusmodi
1655 2519 1790 2549 collatio
1819 2518 1948 2549 nullius
1965 2519 2102 2558 penitus
2132 2519 2177 2549 sit
2194 2527 2263 2550 mo·

1249 2571 1366 2601 menti.
1379 2572 1548 2607 Ceterum,
1563 2572 1642 2610 quia
1659 2580 1723 2602 11011
1736 2573 1787 2602 est
1802 2572 1991 2603 verisimile
2008 2571 2099 2611 quod
2115 2572 2193 2611 quis
2205 2570 2265 2603 be-

1248 2624 1407 2654 neficium
1417 2624 1536 2655 multis
1549 2625 1635 2655 forte
1647 2624 1823 2655 laboribus
1838 2625 2055 2664 acquisitum,
2071 2625 2111 2656 de
2126 2624 2218 2656 sacili
2231 2625 2264 2655 et

1250 2677 1323 2708 sine
1342 2686 1463 2716 magna
1481 2686 1582 2708 causa
1604 2678 1764 2717 resignet,
1782 2678 1919 2709 omnino
1938 2678 2118 2718 provideas
2142 2686 2183 2708 ne
2211 2685 2263 2708 su·

1249 2739 1308 2769 per
1324 2730 1385 2761 hoc
1405 2739 1444 2761 ex
1461 2732 1555 2770 parte
1573 2731 1778 2771 resignantis
1798 2731 1851 2762 vel
1868 2731 2065 2770 recipientis
2093 2732 2150 2762 aut
2176 2730 2263 2761 alias

1250 2783 1504 2822 quomodolibet
1523 2784 1637 2823 aliqua
1649 2784 1800 2823 pravitas
1816 2783 2012 2815 intercedat.
2031 2784 2157 2814 Datum
2175 2782 2264 2822 apud

1251 2835 1541 2871 Urbemveterem,
1560 2847 1578 2866 v
1599 2837 1674 2868 idus
1689 2837 1850 2876 Januarii,
1870 2845 1957 2868 anno
1978 2837 2091 2868 tertio.
2111 2846 2126 2865 »
