2519 3262
214 196 274 226 334

254 291 268 309 «
287 280 435 318 Magistro
450 276 621 316 Stephano,
641 272 856 304 archidiacono
875 271 1035 302 Gadicensi
1051 271 1083 300 in
1100 269 1225 300 ecclesia

213 326 375 373 Is'palensi.
398 331 567 362 Dilectum
590 328 699 358 filium
721 326 877 356 Santium
901 342 948 353 —.
971 324 1095 354 Datum
1116 325 1151 353 ut
1170 331 1222 352 su-

215 395 286 425 pra.
310 396 324 415 n

305 552 402 583 2073
802 543 927 575 Orvieto,
942 544 976 571 25
992 544 1060 570 amit
1073 542 1152 569 1264.

250 635 351 662 Abbati
371 635 404 661 dc
427 633 532 665 lnsula,
547 632 719 659 Vulteranae
736 628 869 660 diocesis,
889 628 1008 655 mandat
1027 631 1057 654 ut
1074 625 1224 661 Uguicioni

214 684 330 714 cli-rico,
361 686 427 710 nato
450 681 598 709 Sarraceni
623 681 657 707 de
678 680 788 709 Strova,
808 678 928 705 obtentu
946 676 1055 703 Radulfi
1073 676 1106 702 de
1127 675 1226 702 Podio-

215 733 318 766 bonizi,
336 732 439 759 notarii
452 734 479 758 et
492 730 585 757 nuntii
601 733 645 756 Α..
659 729 734 763 regis
748 727 902 760 Castellae,
916 727 949 753 dc
963 725 1059 760 aliquo
1073 725 1227 759 plebanatu

215 783 258 809 vel
277 782 399 809 ccclesia
422 789 471 807 seu
487 780 543 807 alio
559 778 695 805 beneficio
709 778 737 804 in
751 776 859 804 diocesi
874 775 994 803 Senensi
1012 775 1056 801 vel
1072 774 1225 800 Vulterana

215 832 372 866 provideat.
389 831 469 866 (Rau.
495 830 539 861 29,
556 828 602 855 fol.
621 829 673 855 216
688 831 729 858 v0,
750 831 782 853 n⁰
796 826 889 857 1128.)

255 948 270 967 «
286 937 399 967 Abbati
414 936 448 966 de
464 934 582 971 Insula,
603 933 764 963 Vulteranc
780 933 916 963 diocesis.
934 931 1103 962 Dilectum
1119 929 1227 960 filium

215 990 437 1030 Uguicionem
463 1005 510 1019 —.
530 989 656 1018 Datum
679 987 765 1026 apud
785 986 1075 1019 Urbemveterem,
1095 992 1153 1012 vni
1172 983 1228 1012 ka-

215 1044 332 1074 lendas
351 1042 567 1082 septembris,
587 1049 673 1071 anno
689 1040 800 1071 tertio.
823 1050 838 1068 »

799 1209 923 1238 Orvieto,
945 1208 974 1235 18
992 1209 1057 1234 aont
1077 1206 1153 1233 1204.

306 1215 404 1246 2079

253 1298 391 1333 Episcopo
406 1296 566 1327 Leodiensi,
577 1296 613 1323 ad
628 1295 718 1330 ipsius
729 1293 854 1329 episcopi
870 1292 1053 1322 instantiam,
1065 1291 1185 1317 mandat
1198 1292 1227 1316 ut

218 1348 317 1382 Egidio
339 1348 373 1373 de
392 1346 599 1377 Ultramosam,
617 1344 721 1371 clerico
740 1343 901 1373 Leodiensi‚
917 1342 950 1368 de
964 1341 1060 1375 aliquo
1082 1338 1229 1366 ecclesias-

218 1396 274 1422 tico
296 1395 445 1427 beneficio,
465 1396 499 1422 ad
523 1394 729 1430 cujuscumque
755 1392 940 1419 collationem
959 1392 1119 1424 spectante,
1137 1387 1228 1423 provi-

217 1445 294 1471 dcui.
310 1445 389 1479 (nse.
411 1445 455 1475 29,
473 1444 521 1470 fol.
541 1444 593 1470 :zio
606 1448 644 1476 το,
661 1447 691 1468 n⁰
709 1441 800 1475 1129.)

259 1563 273 1581 ι(
290 1575 295 1581 .
312 1575 317 1580 .
337 1552 479 1591 episcopo
496 1549 666 1580 Leodiensi.
685 1549 900 1580 Constitutus
918 1548 951 1577 in
968 1547 1140 1586 presentia
1153 1554 1229 1576 nos-

218 1607 270 1636 tra
293 1605 436 1635 dilectus
465 1604 557 1634 filius
586 1603 728 1642 Egidius
753 1603 793 1632 de
818 1602 1060 1636 Ultramosam,
1087 1600 1230 1630 clericus

220 1658 430 1693 Leodiensis,
453 1658 650 1696 procurator
668 1658 759 1692 tuus,
782 1654 880 1685 nobis
899 1654 1056 1693 exposuit
1078 1662 1231 1683 reveren-

219 1713 269 1742 ter
287 1711 386 1750 quod,
408 1711 487 1741 licet
513 1710 713 1740 auctoritate
732 1709 922 1739 litterarum
943 1707 1053 1737 felicis
1078 1706 1231 1736 recorda-

220 1765 323 1795 tionis
334 1764 529 1799 Alexandri,
542 1771 637 1802 pape,
650 1761 902 1801 predecessoris
913 1761 1032 1795 nostri,
1042 1769 1101 1799 pro
1114 1760 1232 1790 eodem

221 1818 342 1848 clerico
361 1818 393 1847 in
413 1817 521 1847 forma
537 1825 602 1855 qua
622 1816 841 1854 predecessor
859 1815 932 1853 ipse
947 1823 1006 1852 pro
1024 1812 1232 1852 pauperibus

221 1871 354 1901 clericis
381 1869 623 1900 beneficiandis
641 1868 833 1899 diocesanis
853 1876 970 1898 eorum
989 1866 1137 1897 scribere
1154 1875 1232 1896 con-

222 1925 389 1957 sueverat,
401 1923 616 1957 directarum,
631 1922 671 1952 de
688 1921 831 1952 ecclesia
846 1921 885 1951 de
899 1920 1138 1959 Opprenibais
1154 1920 1233 1950 Leo-

223 1977 352 2007 dieusis
386 1976 543 2012 diocesis,
575 1976 656 2006 olim
687 1974 752 2004 sibi
784 1975 958 2013 provisum
993 1974 1125 2009 fuisset,
1154 1974 1234 2012 quia

222 2032 346 2064 tamen,
361 2029 564 2069 quibusdam
581 2038 616 2058 se
629 2028 695 2058 sibi
711 2037 812 2066 super
824 2028 883 2058 boc
898 2026 1160 2066 opponentibus,
1175 2035 1234 2065 per

223 2085 307 2114 duos
317 2092 422 2113 annos
436 2082 629 2120 etamplius
643 2081 730 2120 apud
744 2081 859 2111 sedem
874 2080 1106 2119 apostolicam,
1122 2088 1234 2110 coram

223 2137 425 2175 quibusdam
443 2135 655 2165 auditoribus
674 2134 845 2172 deputatis
859 2133 900 2163 ab
913 2133 997 2171 ipsa,
1013 2132 1236 2171 personaliter

224 2199 325 2229 super
360 2189 475 2219 cadem
503 2188 645 2218 ecclesia
673 2187 818 2226 litigavit
845 2188 876 2217 et
905 2186 1041 2216 tandem
1074 2185 1235 2223 fatigatus

225 2243 398 2273 laboribus
424 2243 454 2272 ei
481 2241 688 2272 renuntiavit
717 2248 891 2278 expresse,
923 2239 1054 2269 nullum
1080 2239 1119 2269 de
1148 2239 1236 2268 dicta

224 2296 417 2335 provisione
444 2295 658 2325 commodum
684 2293 841 2328 obtinuit,
873 2293 932 2323 sed
961 2292 1075 2331 potius
1102 2291 1235 2321 labores

224 2358 343 2387 graves
363 2350 394 2379 ot
414 2356 583 2387 expensas
609 2356 675 2377 non
695 2347 844 2377 modicas
860 2345 1029 2376 toleravit.
1049 2345 1159 2380 Quare
1177 2344 1236 2374 hu-

226 2402 352 2432 militer
378 2401 512 2440 petebat
539 2410 557 2430 a
581 2400 679 2430 nobis
705 2403 752 2436 ut,
782 2408 857 2429 cum
886 2399 1018 2428 nullum
1035 2397 1234 2428 beneficium

225 2455 493 2486 ecclesiasticum
515 2453 647 2487 habeat,
674 2452 846 2492 provideri
872 2451 938 2482 sibi
964 2451 1004 2481 de
1027 2451 1236 2490 benignitate

226 2509 411 2547 apostolica
429 2508 678 2538 mandaremus
697 2507 780 2537 Cum
799 2507 912 2536 autem
928 2505 1072 2535 clericus
1090 2504 1178 2534 idem
1196 2504 1235 2534 de

226 2562 377 2592 honestis
405 2561 557 2592 moribus
588 2563 620 2592 et
657 2559 912 2591 conversatione
946 2557 1109 2588 laudabili
1139 2556 1237 2587 nobis

228 2616 329 2646 suerit
352 2614 619 2650 commendatus,
641 2622 702 2644 nos
725 2621 801 2643 eum
829 2614 966 2652 propter
991 2611 1052 2642 hoc
1075 2619 1112 2641 ac
1135 2610 1237 2640 etiam

226 2669 276 2699 tui
302 2668 450 2702 obtentu,
470 2668 526 2706 pia
552 2666 780 2698 benivolentia
804 2666 1060 2705 prosequentes,
1081 2663 1236 2694 fraterni-

228 2722 286 2753 tati
302 2724 357 2752 tue
377 2721 578 2751 mandamus
597 2720 769 2760 quatinus,
784 2719 812 2749 si
830 2720 881 2749 est
899 2719 956 2755 ita,
975 2718 1084 2748 eidem
1102 2716 1236 2752 clerico,

228 2774 409 2805 dummodo
427 2774 512 2804 alias
528 2774 573 2804 sit
587 2774 741 2813 ydoneus
755 2774 786 2803 et
803 2772 933 2811 aliquid
955 2771 1154 2802 canonicum
1171 2778 1237 2799 non

228 2827 383 2862 obsistat,
414 2827 453 2858 de
478 2827 592 2866 aliquo
615 2825 845 2857 ecclesiastico
863 2825 1038 2861 beneficio,
1065 2832 1140 2854 cum
1159 2831 1239 2853 cura

229 2881 281 2911 vel
307 2881 378 2911 sine
407 2889 498 2917 cura,
526 2880 567 2910 ad
593 2887 868 2919 quarumcunque
889 2885 1111 2917 personarum
1134 2875 1237 2906 eccle-

967 184 1210 217 REGISTRES
1237 182 1451 214 D’URBAIN
1480 182 1539 213 IV.

1281 269 1507 303 siasticarum‚
1533 268 1573 298 de
1602 276 1745 307 quarum
1768 267 1943 298 beneficiis
1969 275 2037 297 non
2062 267 2129 297 nisi
2156 267 2212 297 uni
2236 267 2296 298 alii

1280 321 1556 352 mandaverimus
1580 321 1763 360 provideri,
1795 319 2011 350 collationem
2035 328 2094 350 seu
2120 322 2291 359 presenta-

1280 374 1408 405 tionem
1424 374 1648 404 communiter
1662 375 1719 404 aut
1735 373 1875 403 divisim
1894 375 2080 412 spectante,
2102 373 2132 403 si
2151 373 2239 412 quod
2259 373 2295 403 in

1280 429 1338 458 tua
1363 427 1498 457 civitate
1527 427 1581 457 vel
1599 427 1725 457 diocesi
1752 428 1847 457 vacat
1874 426 1916 456 ad
1938 434 2080 465 presens
2098 434 2159 456 seu
2178 434 2294 465 quam-

1281 481 1346 511 cito
1365 489 1400 511 se
1418 480 1562 510 facultas
1577 479 1749 516 obtulerit,
1770 479 1970 510 auctoritate
1989 480 2103 509 nostra
2121 487 2180 518 per
2194 481 2226 509 te
2242 479 2297 509 vel

1280 543 1341 573 per
1356 534 1461 564 alium
1476 533 1655 572 providere
1671 541 1844 572 procures,
1863 532 1991 562 faciens
2009 541 2085 562 eum
2104 532 2138 562 in
2155 531 2298 562 ecclesia

1282 588 1315 617 in
1336 596 1402 626 qua
1420 586 1486 617 sihi
1508 587 1678 626 provideri
1697 586 1888 625 contigerit,
1911 585 1940 615 si
1961 585 2139 624 collegiata
2158 585 2295 621 existat,

1282 641 1317 670 in
1344 640 1544 671 canonicum
1563 640 1667 679 recipi
1686 642 1717 670 et
1742 639 1776 669 in
1794 639 1944 669 fratrem.
1964 639 2041 670 Non
2058 638 2212 669 obstante
2231 639 2298 668 sta-

1282 695 1355 724 tuto
1374 711 1421 722 —.
1439 694 1608 724 Volumus
1625 695 1738 723 autem
1753 693 1841 732 quod
1858 692 1947 722 idem
1961 692 2117 725 clericus,
2132 693 2229 729 prout
2245 699 2297 721 re-

1283 747 1394 786 quiret
1408 756 1494 777 onus
1512 746 1666 777 beneficii
1691 746 1730 776 de
1747 755 1813 785 quo
1831 745 1897 775 sibi
1916 745 2086 784 provideri
2104 744 2296 784 eontigerit,

1284 801 1421 830 statutis
1435 799 1648 839 temporibus
1667 799 1707 829 ad
1724 799 1860 829 ordines
1882 807 1917 829 se
1934 798 2034 828 faciat
2051 797 2245 836 promoveri
2265 798 2297 827 et

1284 853 1509 892 personaliter
1532 853 1678 883 resideat
1705 852 1739 882 in
1759 851 1888 882 eodem.
1910 851 2073 890 Alioquin
2098 852 2160 881 etc.
2188 857 2296 889 usque

1285 907 1458 937 momenti.
1484 907 1609 937 Datum
1631 906 1720 945 apud
1745 905 2035 941 Crbenneterem,
2061 913 2105 934 xv
2134 903 2298 934 kalendas

1285 960 1501 999 septembris,
1519 968 1605 990 anno
1620 960 1730 989 terlio.
1753 970 1767 987 »

1376 1108 1473 1138 2080

1869 1105 1994 1137 Orvieto,
2012 1106 2047 1133 23
2064 1107 2131 1132 aotrt
2150 1105 2227 1132 1264.

1321 1191 1458 1226 Magistro
1486 1191 1617 1218 Johanni.
1653 1191 1801 1225 capellano
1831 1191 1999 1225 apostolico,
2028 1190 2231 1217 archidiacono
2263 1191 2298 1217 de

1286 1241 1499 1274 Tra[n]stamar
1513 1240 1541 1267 in
1560 1239 1681 1267 ecclesia
1697 1240 1942 1274 Compostellana,
1953 1241 2028 1275 regis
2045 1239 2187 1266 Castellae
2199 1247 2231 1266 ac
2248 1239 2299 1266 Le-

1286 1289 1381 1324 gionis
1398 1289 1522 1322 notario,
1539 1289 1668 1324 indulget
1679 1291 1709 1315 ut
1720 1291 1834 1323 praeter
1851 1289 1988 1315 beneficia
2001 1296 2072 1323 quae
2089 1289 2209 1318 obtinet,
2222 1287 2302 1314 aliud

1287 1338 1516 1366 ecclesiasticum
1544 1337 1715 1364 heneficium
1731 1338 1860 1365 obtinere
1877 1338 1982 1365 valeat.
2002 1338 2081 1370 (Rae.
2103 1338 2148 1369 20,
2165 1337 2214 1364 fol.
2237 1338 2301 1368 217,

1288 1393 1319 1414 n⁰
1337 1388 1431 1420 1130.)

1327 1499 1342 1518 «
1368 1488 1518 1527 Maqislro
1533 1488 1682 1523 ιῘοΙιαηηὶ,
1708 1487 1870 1528 capellano
1894 1492 2009 1523 nostro,
2028 1487 2247 1517 archidiacono
2265 1486 2301 1517 de

1290 1542 1518 1581 Trc1[71]sl(1mur
1527 1542 1557 1570 in
1566 1541 1691 1571 ecclesia
1705 1540 1964 1581 Compostellana.
1975 1540 2128 1570 karissimi
2138 1542 2166 1570 in
2183 1541 2304 1572 Christo

1287 1595 1348 1635 filii
1366 1596 1465 1624 nostri
1482 1596 1536 1629 A„
1554 1596 1584 1624 in
1602 1595 1809 1625 Romanorum
1825 1604 1923 1634 reqem
1949 1594 2046 1631 electi,
2065 1595 2145 1635 reyis
2171 1594 2303 1625 Castnlle

1288 1654 1315 1679 et
1330 1649 1471 1689 Leyionis
1488 1648 1629 1683 illustris,
1648 1649 1781 1678 notario.
1799 1649 1839 1679 Et
1855 1649 1883 1678 si
1900 1649 2104 1687 pretermitti
2117 1666 2165 1679 -.
2187 1649 2304 1688 Nuper

1289 1703 1459 1742 siquidem
1489 1702 1694 1732 karissimus
1716 1702 1750 1732 in
1778 1701 1912 1732 Christo
1939 1701 2031 1732 filius
2057 1704 2172 1732 noster
2194 1703 2248 1738 A„
2269 1703 2305 1733 in

1289 1757 1521 1787 Romanorum
1551 1764 1663 1794 regem
1683 1755 1823 1789 electus,
1840 1764 1900 1786 rex
1925 1755 2072 1786 Castelle
2087 1765 2123 1786 ac
2142 1755 2303 1794 Legionis

1290 1809 1448 1844 illustris,
1461 1809 1549 1839 inter
1567 1809 1634 1838 alia
1646 1808 1745 1838 nobis
1762 1808 1899 1847 scripsit
1916 1808 2016 1847 quod,-
2031 1808 2109 1838 licet
2121 1817 2180 1847 per
2197 1809 2304 1840 multa

1291 1865 1322 1894 et
1339 1865 1434 1902 grata
1449 1862 1612 1901 obsequia
1629 1862 1737 1892 eidem
1756 1862 1920 1900 impensa,
1936 1861 2047 1900 ipsius
2060 1862 2158 1900 plene
2174 1871 2306 1893 merue-

1291 1917 1377 1947 reris
1396 1916 1541 1955 gratiam
1560 1917 1591 1946 et
1610 1915 1772 1951 favorem,
1795 1915 1928 1944 nullum
1946 1917 2059 1945 tamen
2083 1924 2118 1945 es
2139 1915 2245 1946 adhuc
2271 1916 2305 1945 in

1292 1970 1404 2009 regnis
1419 1970 1492 2008 ejus
1508 1978 1568 2008 per
1583 1969 1698 1999 sedem
1715 1968 1937 2007 apostolicam
1953 1968 2006 1998 vel
2028 1968 2178 2007 aliquem
2196 1969 2304 2007 prela-

1290 2025 1404 2053 torum
1424 2022 1591 2052 diotorum
1615 2030 1806 2060 regnorum,
1825 2021 1867 2051 ad
1885 2029 2023 2059 precum
2041 2021 2192 2059 ejusdem
2213 2022 2304 2061 regis

1292 2075 1502 2111 instantiam,
1518 2074 1718 2104 beneficium
1735 2076 1923 2104 assecutus.
1942 2074 2036 2104 L‘nde
2049 2083 2109 2104 nos
2123 2075 2304 2105 affectuose

1291 2129 1422 2168 rogavit
1434 2130 1469 2158 ut
1484 2127 1545 2158 tibi
1561 2127 1746 2166 apostolice
1762 2127 2030 2165 dispensationis
2044 2127 2219 2158 dexteram
2231 2136 2306 2166 ape-

1292 2183 1371 2218 rire,
1399 2181 1508 2220 ipsius
1526 2181 1616 2220 regis
1631 2181 1749 2220 gratia,
1767 2189 1974 2210 curaremus.
1994 2181 2064 2210 Nos
2081 2180 2207 2220 itaque,
2223 2181 2306 2211 dicti

1293 2235 1383 2275 regis
1399 2234 1556 2273 precibus
1576 2234 1740 2267 inclinati,
1761 2233 2024 2272 suffragantibus
2046 2233 2108 2264 tibi
2127 2233 2304 2265 nobilitate

1292 2298 1424 2319 morum
1449 2291 1480 2318 et
1505 2288 1639 2326 generis
1664 2296 1700 2317 ac
1727 2287 1886 2317 litteralis
1911 2287 1998 2317 dono
2017 2287 2157 2318 scientie
2182 2287 2306 2327 quibus

1292 2342 1414 2381 polles,
1434 2344 1468 2372 ut
1485 2344 1596 2380 preter
1614 2341 1653 2371 de
1673 2341 1892 2372 Transtamar
1915 2341 1948 2370 in
1967 2341 2254 2379 compostellana,
2272 2342 2306 2372 et

1293 2396 1332 2425 de
1345 2394 1545 2426 Carvallada
1556 2394 1589 2424 in
1603 2394 1982 2425 Astorice11siecolesiis
1995 2393 2300 2430 archidiaconatus,

1293 2449 1492 2479 decanatum
1518 2448 1705 2478 Lucensem
1729 2449 1760 2477 et
1784 2446 1955 2478 abbatiam
1978 2447 2143 2477 secularis
2162 2447 2304 2478 ecclesie

1294 2504 1470 2538 Arnensis,
1495 2501 1675 2532 Ovetensis
1703 2501 1861 2535 diocesis,
1885 2509 1999 2530 curam
2029 2500 2221 2530 animarum
2248 2499 2303 2531 ha-

1293 2555 1423 2592 nentes,
1443 2562 1528 2594 quos
1544 2563 1586 2585 ex
1598 2554 1852 2593 dispensatione
1870 2553 2056 2592 apostolica
2072 2553 2217 2588 obtines,
2232 2553 2304 2584 uni-

1294 2617 1369 2639 cum
1393 2608 1499 2638 adhuc
1519 2609 1738 2646 personatum
1756 2606 1808 2637 vel
1825 2606 2037 2645 dignitatem.
2062 2615 2137 2636 cum
2158 2614 2238 2636 cura
2251 2606 2306 2637 vel

1295 2662 1368 2692 sine
1390 2670 1479 2697 cura,
1497 2661 1537 2690 de
1556 2669 1622 2700 quo
1637 2660 1689 2690 vel
1711 2668 1787 2699 qua,
1811 2668 1887 2690 cum
1906 2659 2142 2698 prestimoniis
2155 2659 2307 2690 cedentis

1294 2715 1347 2745 vel
1363 2714 1568 2749 decedentis,
1587 2713 1649 2743 tibi
1668 2712 1869 2743 mandamus
1884 2721 1943 2751 per
1957 2712 2161 2751 apostolicas
2173 2712 2306 2742 litteras

1296 2769 1330 2798 in
1346 2767 1550 2807 Legionensi
1561 2766 1717 2797 ecclesia.
1737 2766 1770 2796 in
1783 2774 1848 2805 qua
1860 2774 1896 2796 es
1912 2765 2106 2801 canonicus,
2122 2765 2305 2804 provideri,

1295 2821 1387 2852 licite
1415 2829 1491 2851 cum
1519 2819 1753 2859 prestimoniis
1777 2819 1970 2858 hujusmodi
1995 2819 2155 2857 recipere.
2181 2819 2212 2849 et
2241 2827 2308 2849 una

1295 2884 1370 2905 eum
1395 2874 1556 2913 predictis
1578 2871 1915 2908 archidiaconatibus,
1941 2872 2105 2902 decanatu
2122 2874 2153 2902 et
2173 2870 2308 2902 abbatia
