2659 3242
44 632 120 662 1264

138 889 149 903 ))

132 1675 144 1690 ))

127 2470 139 2484 ))

205 633 336 662 orvieto.

20 682 104 712 um.
146 684 196 711 543
247 699 283 702 —

814 283 984 313 TABLES
1011 284 1071 314 DU
1098 284 1317 315 REGISTRE
1344 285 1554 316 D’URBAIN
1582 287 1625 315 IV
2361 294 2417 324 161

950 377 1035 404 Ρεςεε,
1052 377 1178 399 Numeros.

388 443 448 464 nae
462 436 595 464 idom-ae
609 438 648 463 de
660 436 850 464 canonicatu
865 436 896 463 in
904 435 998 463 eccle-

389 485 434 513 sia
457 493 480 513 s.
507 485 594 512 Petri
616 486 647 512 in
671 485 814 517 Pemisio,
842 486 882 512 ad
904 485 984 518 eJ'us-

389 536 463 562 dem
481 535 666 562 abbatissae
682 534 885 562 collationem
903 541 988 568 spec-

388 585 488 615 tante,
526 584 703 618 provideat.

434 633 670 660 Archidiacono
699 632 879 660 Vulcassini
917 631 992 658 Nor·
1012 627 1114 668 [2451
1134 630 1194 658 499

393 683 503 710 manni
549 683 683 709 mandat
729 681 982 709 satisfactionem

388 732 581 765 condignam
613 731 714 758 faciat
747 729 887 764 impendi
919 736 983 757 ma-

386 781 486 815 gistro
503 780 673 808 Guillelmo
693 781 883 811 Normanno,
904 778 983 812 epis-

386 831 459 864 copi
474 829 665 856 Aibanensis
680 828 857 863 capellano.

433 880 478 905 De
506 878 712 906 absolutione
738 875 990 904 excommunica-
1006 871 1011 912 Ι
1030 873 1090 902 246
1109 873 1114 914 Ι
1133 875 1187 903 501

388 928 486 955 tionis
528 929 743 954 mercatorum
785 925 981 952 Florentino—

385 985 456 1005 rum
471 977 502 1003 in
516 976 674 1004 comitatu
699 975 885 1002 Provinciae
898 981 980 1001 com-

385 1034 425 1052 m<
441 1026 594 1057 rantium,
614 1026 654 1052 ad
677 1024 805 1052 ecclesie
828 1023 982 1050 mandata

383 1075 597 1102 redeuntium.

426 1123 675 1157 Archiepiscopo
765 1121 977 1155 Burdegalen-
1007 1118 1011 1158 Ι
1028 1117 1088 1146 262
1105 1115 1110 1156 Ι
1131 1117 1190 1147 529

385 1173 411 1200 si
431 1173 576 1199 officium
596 1171 792 1198 visitationis
823 1171 855 1197 et
886 1169 981 1196 refor-

385 1222 536 1249 mationis
591 1220 768 1248 committit
812 1220 845 1246 in
878 1219 983 1246 cathe-

382 1271 460 1299 drali
497 1270 627 1298 ecclesia
674 1270 806 1305 aliisque
841 1267 983 1296 seculari-

380 1322 440 1348 bus
467 1320 605 1348 ecclesiis
633 1321 665 1346 et
694 1317 893 1346 monasteriis
919 1316 983 1344 dio-

381 1370 461 1397 cesis
512 1368 770 1403 Pampilonensis.

422 1419 580 1453 Episcopo
636 1417 773 1452 Regensi
817 1416 949 1444 mandat
967 1413 971 1453 Ι
989 1415 1047 1442 479
1066 1413 1071 1453 Ι
1089 1413 1145 1442 983

379 1470 539 1503 quatenus
593 1467 780 1501 magistrum
822 1466 982 1500 Raymun-

382 1518 456 1544 dum
507 1518 544 1543 de
594 1516 723 1543 Faentia
777 1515 808 1542 in
856 1513 984 1541 ecclesia

382 1566 657 1601 Forcalquariensi
715 1565 746 1591 in
796 1563 982 1591 canonicum

380 1616 479 1650 recipi
506 1615 616 1642 faciat.
973 1611 1036 1629 tome
1054 1608 1083 1629 ¹¹¹

420 1663 601 1691 Primicerio
625 1662 802 1690 Nonnensis
824 1662 970 1689 ecclesiae
989 1660 992 1700 Ι
1014 1662 1068 1689 157
1087 1658 1092 1699 Ι
1114 1659 1187 1689 1255

380 1714 513 1741 mandat
540 1714 577 1740 ut
603 1712 758 1743 Michaeli,
798 1710 909 1738 clerico
936 1717 981 1737 ec-

380 1763 495 1790 clesiae
531 1770 555 1789 S.
592 1761 710 1788 Mariae
756 1760 882 1794 Majoris
928 1761 980 1787 Ja-

383 1811 512 1839 drensis.
540 1810 704 1838 ecclesiam
730 1817 753 1837 s.
791 1809 908 1836 Mariae
945 1809 982 1835 de

379 1861 478 1887 Melta
513 1862 605 1887 extra
651 1866 757 1886 muros
801 1859 978 1889 Jadoenses,

378 1909 429 1937 cui
457 1917 532 1936 cura
574 1916 636 1935 non
680 1907 823 1934 imminet
864 1907 979 1934 anima-

377 1966 456 1990 rum,
487 1957 642 1985 conferat.

439 2011 592 2046 Magistro
610 2011 800 2045 Raymundo
819 2011 856 2036 de
879 2010 974 2036 Faen-
992 2005 995 2041 Ι
1016 2009 1074 2036 478
1092 2004 1096 2044 Ι
1128 2006 1186 2035 982

383 2062 437 2088 tia.
451 2070 474 2087 c:
489 2062 603 2088 nonico
618 2059 761 2094 Regensi,
775 2059 938 2093 capellano
949 2059 982 2085 et

390 2110 520 2145 physico
532 2109 687 2136 Ostiensis
707 2110 739 2135 et
758 2107 962 2135 Vellctrensis

380 2158 530 2193 episcopi,
551 2158 774 2185 canonicatum
785 2159 817 2183 et
830 2157 967 2191 praeben

392 2209 466 2235 dam
492 2208 523 2233 in
547 2207 677 2234 ecclesia
700 2205 977 2241 Forcalquariensi,

377 2256 592 2283 Sistaricensis
604 2255 742 2285 diocesis,
765 2256 802 2282 ab
823 2255 975 2288 Anchero‚

377 2305 469 2333 tituli
507 2313 531 2331 s.
571 2304 723 2331 praxedis
758 2304 978 2338 presbyterum

379 2354 583 2385 cardinalem,
612 2353 703 2386 cujus
728 2353 909 2379 litterarum
934 2352 967 2378 te

374 2411 430 2431 nor
447 2404 602 2438 sequitur,
621 2402 761 2431 collatos,
780 2401 956 2428 confirmat.
971 2398 1034 2417 ‘⁰⁰¹⁸
1052 2396 1082 2417 ¹¹¹

414 2456 598 2491 Praeposito
633 2457 665 2482 et
698 2455 838 2490 capitulo
873 2451 986 2489 eccle-l
1011 2455 1065 2481 159
1084 2452 1088 2492 Ι
1110 2452 1183 2481 1264

378 2506 442 2533 siae
473 2513 496 2533 s.
524 2504 682 2532 Cristinae
701 2506 738 2531 de
755 2505 900 2537 Bulsena,
922 2505 978 2531 Ur-

376 2557 554 2581 bevetanae
592 2554 732 2585 diocesis,
772 2554 904 2581 mandat
942 2554 978 2580 ut

380 2604 568 2632 Mamaeum
588 2602 678 2629 Pauli
697 2603 735 2629 de
752 2602 896 2633 Bulsena,
917 2601 976 2628 cle-

386 2653 495 2680 ricum.
513 2652 544 2678 in
555 2651 741 2679 canonicum
754 2652 786 2677 et
798 2651 829 2676 in
846 2650 978 2677 fratrem

373 2701 529 2736 recipiant
555 2701 586 2727 in
612 2707 718 2727 eorum
743 2699 880 2731 ecclesia,
910 2708 920 2722 «
945 2698 977 2725 in

376 2758 441 2785 qua
468 2750 704 2784 prebendarum
731 2755 784 2775 seu
807 2747 974 2775 beneficio-

376 2806 449 2826 rum
475 2797 638 2825 distinctio
664 2799 697 2825 et
721 2798 827 2824 certus
850 2795 974 2824 canoni-

351 2883 353 2887 ⁴
375 2855 483 2875 corum
503 2854 651 2874 numerus
669 2854 732 2873 non
752 2848 887 2874 babetur
905 2855 928 2873 n.
968 2844 1031 2863 (ΟΜ
1049 2842 1079 2862 ¹¹¹

415 2897 569 2924 Sacristae
601 2895 803 2923 Noviomensi
833 2891 983 2931 mandatl
1007 2896 1058 2923 171
1081 2892 1086 2932 Ι
1107 2894 1182 2922 1305

373 2947 555 2981 episcopum
592 2947 623 2972 et
659 2945 833 2980 capitulum
868 2943 975 2972 Massi—

137 3051 243 3076 Urbain
264 3051 299 3075 IV
320 3051 411 3075 tables

1271 676 1345 705 1264

1251 725 1331 754 fevr.

1283 987 1293 1000 ›1

1281 1134 1291 1147 ))

1373 729 1403 756 5.

1361 1134 1372 1148 )>

1355 2314 1365 2328 ))

1351 2756 1362 2770 »

1429 680 1558 708 Ονυίεἱο.

2179 384 2264 411 rages.
2281 385 2407 407 Numeros.

1611 438 1722 466 lienses
1742 439 1871 467 inducat
1892 442 1927 467 ut
1948 441 2097 474 magistro
2129 441 2213 475 Ray-

1613 489 1738 517 mundo.
1785 490 1962 523 praeposito
2007 490 2199 523 Massiliensi,

1612 537 1716 563 omnia
1738 537 1818 571 jura,
1843 540 1925 565 bona
1949 540 1980 565 et
2004 538 2206 566 administra-

1613 585 1730 612 tionem
1750 586 1888 619 ejusdem
1909 588 2147 622 praepositurae
2166 587 2211 615 di-

1612 634 1758 661 mittant.
2206 636 2269 654 ¹⁰ffl0
2287 633 2317 654 ¹¹¹

1650 683 1800 717 Magistro
1820 685 1946 713 Gualae.
1969 686 2091 712 notario
2104 687 2135 712 et
2154 686 2194 712 le·
2212 682 2216 720 Ι
2241 687 2296 714 176
2316 685 2323 725 Ι
2342 688 2418 715 1318

1612 733 1685 765 gato
1718 733 1899 766 apostolico.
1934 735 2064 760 mandat
2097 736 2134 761 ut
2167 736 2205 762 de

1611 780 1756 807 ducentis
1780 782 1867 807 libris
1890 789 1970 816 quas
1995 783 2032 809 ab
2060 782 2207 817 episcopo

1609 830 1641 855 et
1666 830 1747 855 clero
1776 830 1983 864 papiensibus
2009 831 2115 864 exigit,
2144 839 2228 859 sum-

1610 880 1821 909 marcentum
1854 879 2005 906 librarum
2040 881 2211 907 contentus

1609 927 1738 954 existat.

1650 980 1748 1007 Priori
1776 981 1912 1008 fratrum
1930 980 2207 1020 Praedicatoruml
2233 983 2288 1010 177
2309 981 2313 1021 Ι
2341 983 2416 1011 1319

1610 1029 1810 1063 Papiensium
1843 1030 1998 1064 praedicti
2030 1031 2208 1058 committit

1611 1079 1830 1105 executionem
1868 1079 2021 1106 mandati.

1649 1127 1804 1161 Episcopo
1899 1129 2195 1163 Gratianopolitano
2213 1126 2217 1166 Ι
2238 1130 2296 1157 414
2316 1127 2418 1167 Ι2456

1608 1177 1738 1204 mandat
1758 1178 1793 1203 ut
1812 1177 1957 1204 unionem
1976 1179 2196 1205 nonnullorum

1607 1225 1802 1259 prioratuum
1850 1233 1976 1253 mensae
2033 1227 2205 1261 episcopali

1606 1275 1837 1301 Tarentasiensi
1861 1275 2037 1308 confirmet,
2066 1276 2092 1302 si
2116 1283 2208 1310 expe-

1609 1323 1676 1349 dire
1700 1324 1829 1350 viderit.

1645 1373 1767 1399 Abbati
1806 1381 1829 1399 s.
1870 1373 1999 1400 Martini
2021 1371 2202 1411 Trecensis!
2223 1373 2284 1402 ‘259
2302 1371 2309 1412 Ι
2326 1373 2414 1402 521¹1

1607 1422 1739 1448 mandat
1761 1423 1798 1448 ut
1819 1422 1955 1448 Ranerio
1975 1423 2121 1453 Benachi,
2147 1424 2200 1450 Sa-

1606 1469 1742 1496 limbene
1770 1471 1907 1502 Ranerss,
1933 1471 2081 1498 Mathieo
2101 1472 2205 1499 Raue-

1605 1518 1652 1551 riiy
1689 1519 1856 1546 Guillelmo
1891 1520 2028 1549 Ranerii,
2072 1521 2210 1548 Rinaldo

1605 1568 1754 1595 Barbotti
1766 1570 1798 1595 et
1818 1570 1961 1595 Andreae
1977 1568 2205 1603 Christophori,

1604 1616 1727 1643 civibus
1751 1619 1783 1643 et
1807 1618 2034 1644 mercatoribus
2058 1618 2203 1645 Senensi-

1605 1666 1673 1697 bus,
1706 1666 1851 1693 ecclesiae
1881 1667 2042 1693 Romanae
2072 1667 2204 1700 devotis,

1606 1715 1710 1741 certas
1735 1715 1936 1749 pecuniarum
1962 1722 2100 1742 summas
2125 1715 2203 1749 ipsis

1608 1763 1639 1789 in
1673 1763 1835 1797 provincia
1870 1764 2040 1791 Senonensi
2075 1764 2203 1792 debitas

1606 1820 1625 1847 p
1640 1813 1743 1839 ·rsolvi
1777 1813 1909 1840 faciant.

1645 1862 1751 1888 Simile
1771 1863 2136 1902 mandatumbabbatibus
2145 1870 2168 1890 s.
2188 1860 2193 1900 Ι
2210 1859 2293 1899 '2591
2313 1860 2413 1890 521xn

1605 1911 1754 1937 Germani
1777 1912 1814 1937 de
1836 1911 1938 1938 Pratis
1961 1912 2141 1938 Parisiensis
2164 1913 2197 1938 et

1605 1967 1629 1986 s.
1655 1960 1785 1987 Martini
1811 1960 1971 1987 Trecensis
1996 1968 2051 1994 pro
2077 1962 2200 1987 Jacobo

1605 2011 1741 2039 Tavene,
1764 2009 1912 2036 'solomeo
1936 2009 2113 2037 incontrati
2136 2009 2199 2036 dic-

1605 2059 1637 2084 to
1667 2059 1747 2091 Mea,
1777 2060 1871 2086 Testa
1898 2059 2031 2091 libanii,
2061 2058 2199 2086 Viviano

1607 2107 1786 2139 imitavive,
1812 2107 1980 2135 Dietaviva
2002 2107 2141 2141 Philippi
2174 2108 2206 2134 et

1603 2157 1729 2183 Andrea
1758 2157 1983 2190 Cliristophori.
2016 2156 2141 2184 civibus
2172 2157 2205 2183 et

1598 2206 1827 2232 mercatoribus
1851 2206 2048 2237 senensibus,
2076 2206 2108 2232 in
2132 2213 2202 2239 pro-

1603 2255 1714 2281 vencia
1743 2255 1924 2281 Senonensi.

1642 2303 1747 2330 Simile
1783 2304 1970 2330 mandatum
2007 2303 2117 2329 abbati
2128 2303 2165 2329 de
2183 2300 2187 2339 Ι
2206 2301 2266 2329 259
2285 2299 2291 2340 Ι
2309 2300 2411 2330 ,521Χιι

1602 2352 1771 2379 Mulemme
1783 2353 1815 2378 et
1827 2352 1920 2386 priori
1934 2360 1956 2378 s.
1972 2352 2059 2378 Petri
2072 2352 2110 2378 de
2122 2352 2202 2378 Bar-

1601 2401 1882 2435 ro-super-Albam.
1907 2400 2112 2431 Linqouensis
2134 2400 2199 2426 dio-

1603 2450 1690 2482 cesis,
1713 2458 1767 2484 pro
1788 2453 1865 2477 'sese
1886 2449 2053 2484 paganelli,
2076 2450 2198 2476 „Iacobo

1601 2502 1736 2531 Tavene,
1766 2501 1861 2526 ‘festa
1889 2498 2028 2527 ⁷sebaldi.
2059 2497 2197 2524 Viviano

1602 2548 1794 2576 Dictativae
1805 2546 2131 2577 Andreas]hristofori‚
2140 2547 2213 2573 Bar-

1602 2598 1762 2625 tholmaeo
1787 2599 1819 2623 et
1844 2596 1984 2630 Arigerio
2009 2595 2130 2623 Jacobi.
2159 2594 2199 2621 ci-

1602 2647 1697 2674 vibus
1717 2648 1750 2673 et
1770 2646 1999 2673 mercatoribus
2012 2644 2202 2672 senensibus

1605 2696 1636 2722 in
1669 2695 1833 2729 provincia
1865 2693 2081 2728 Lugdunensi.

1638 2744 1742 2771 Simile
1776 2744 1961 2770 mandatum
1974 2742 2162 2769 officialibus
2178 2737 2182 2776 Ι
2201 2739 2261 2768 259
2279 2737 2285 2778 Ι
2302 2738 2409 2768 521ΧῊ

1605 2792 1847 2819 cathalaunensi
1908 2793 1940 2818 et
1991 2789 2201 2817 Suessionensi

1599 2849 1655 2875 pro
1676 2842 1818 2875 Jacoppo
1839 2840 1944 2868 Janni.
1968 2840 2057 2867 Grifo
2088 2841 2203 2874 Jacop-

1600 2891 1641 2924 pi,
1667 2890 1760 2923 :trigo
1784 2889 1911 2916 Raiierii
1933 2891 1964 2915 ct
1996 2889 2098 2914 Rindo
2120 2888 2203 2922 Sige-

1605 2939 1652 2967 rii,
1683 2938 1806 2965 civibus
1834 2939 1864 2964 et
1895 2937 2121 2964 mercatoribus
2149 2938 2200 2963 Se-

2300 3042 2328 3064 ll
