2519 3262
165 231 223 260 122

164 314 337 343 cassantes
355 313 387 342 et
406 311 578 342 irritantes
595 319 631 340 ac
651 318 765 340 cassas
781 311 813 339 et
830 309 944 339 irritas
963 309 1170 344 nuntiantes,
1204 320 1205 349 2

165 366 325 396 dilectum
344 365 451 395 tilium
468 364 677 394 Bernardum
698 363 869 398 clericum,
887 361 1173 400 consanguineum

1205 428 1206 441 2
1235 416 1301 444 tem
1329 413 1511 443 terminum
1536 422 1635 452 quem
1666 414 1806 444 duxeris
1831 414 2060 453 pretigendum
2085 422 2188 452 quare
2215 413 2247 443 id

164 419 278 449 dilecti
298 419 359 448 lilii
375 418 528 456 magistri
548 416 704 452 (tonradi,
724 415 858 454 plebani
879 416 991 444 sancte
1011 415 1116 444 Marie
1140 414 1173 444 in

165 472 387 505 Contluentizu
405 470 555 500 canonici
570 469 719 508 predicte
734 469 875 499 ecclesie
892 468 1172 504 sanctiCastoris,

165 525 222 563 qui
249 524 442 563 hujusmodi
471 523 598 561 iniquis
623 522 754 552 actibus
780 530 843 552 non
866 521 1049 557 consensit,
1071 520 1175 559 recipi

164 577 297 607 faciatis
314 585 372 615 per
387 585 446 605 vos
468 576 518 606 vel
538 584 596 614 per
612 575 715 605 alium
732 575 764 604 in
782 574 897 604 eadem
915 574 1058 604 ecclesia
1074 574 1109 603 in
1127 582 1176 603 ca-

166 630 321 659 nonicum
343 631 374 659 et
395 629 426 658 in
451 629 601 664 fratrem,
619 627 753 666 sibique
768 627 807 657 de
831 626 1012 666 prebenda,
1033 627 1061 656 si
1081 628 1175 655 vacat

165 682 290 712 ibidem
311 682 351 712 ad
375 690 514 720 presens
533 681 584 711 vel
614 689 713 719 quam
732 681 879 719 primum
907 680 947 710 ad
967 680 1000 710 id
1020 688 1055 709 se
1075 679 1176 709 facul·
1206 691 1207 695 ¹

164 737 215 765 tas
233 735 404 769 obtulerim
422 734 603 764 dnmmodo
623 734 667 764 sit
686 734 838 772 ydoneus
857 735 889 763 et
908 734 1056 772 paratus,
1076 733 1175 771 prout

165 787 314 826 ejusdem
340 786 507 825 prebende
534 795 618 816 onus
639 786 794 825 requirit,
820 786 1038 816 residentiam
1066 786 1175 815 1110010

162 840 288 869 ibidem
306 849 342 869 ac
370 849 405 869 se
425 840 465 869 ad
488 839 624 870 ordines
651 839 789 869 statutis
807 838 1018 877 temporibus
1043 846 1174 877 promo·

162 893 244 930 veri,
278 902 338 923 vos
367 893 419 923 vel
445 893 531 923 alter
554 893 704 922 vestrum
736 892 912 930 providere
933 891 1069 922 curetis.
1100 890 1175 920 Non

162 946 329 976 obstante.
347 963 385 968 -—
399 946 523 976 Datum
537 945 624 984 apud
643 945 933 980 Urbemveterem,
952 954 1010 975 vni
1027 944 1103 974 idus
1121 952 1174 973 110-

161 999 322 1033 vembris,
341 1007 427 1029 anno
443 999 555 1029 tertio.
577 1009 592 1027 »

753 1170 877 1204 Orvieto,
893 1170 997 1197 15111111
1018 1170 1100 1198 1202.

252 1174 348 1204 1139

197 1253 330 1281 Precibus
356 1253 506 1285 Johannis,
525 1253 642 1280 comitis
665 1252 854 1287 Burgundiae,
874 1251 983 1278 domini
1003 1251 1172 1284 Salinensis,

160 1303 269 1330 decano
292 1305 317 1329 01
347 1302 472 1336 capitulo
492 1301 631 1329 ecelesiae
652 1301 782 1328 Columbi
805 1301 986 1333 monasterii,
1008 1300 1172 1327 Bisuntinae

160 1351 294 1384 diocesis,
309 1352 354 1378 dat
374 1351 522 1377 licentiam
539 1350 567 1377 iu
586 1350 755 1377 canonicum
779 1350 933 1384 recipiendi
952 1350 1104 1379 jacobum,
1123 1350 1173 1375 de-
1203 1365 1205 1379 1
1241 1366 1344 1396 ‘lomes
1375 1367 1518 1397 clorivuq
1546 1367 1799 1397 &Useliffloenqig
1820 1367 1965 1397 diocegiq
1998 1366 2096 1396 nobis
2112 1366 2249 1397 humili-

162 1408 266 1427 cannm
281 1399 892 1434 0001051110(101111311110,01051100101000515.
913 1399 989 1432 tum.
1007 1400 1052 1428 29,
1068 1398 1116 1424 sol.
1127 1399 1171 1427 77,

162 1454 192 1475 n⁰
212 1449 284 1479 188.)

202 1551 219 1572 ((
247 1565 253 1571 .
275 1565 280 1571 .
307 1541 431 1578 decano,
453 1545 480 1570 el
506 1540 642 1581 capitulo
668 1539 789 1569 ecclesie
815 1539 953 1570 Colmnbi
980 1540 1170 1575 monasterii,

162 1595 322 1624 Bisuncine
348 1594 485 1625 diocesis⁴
515 1594 668 1624 Dilectus
698 1593 789 1623 tilius
820 1593 945 1623 nobilis
971 1611 1018 1623 —.
1046 1593 1171 1623 Datum

161 1648 248 1687 apud
266 1647 554 1682 Urbemveterem,
573 1647 649 1677 idus
668 1647 761 1683 maii,
782 1655 868 1676 anno
887 1646 998 1676 tertio
1020 1654 1036 1675 »

652 1826 779 1857 Orvieto,
797 1826 826 1852 17
848 1825 1004 1852 novembre
1021 1825 1097 1853 1203.

251 1830 347 1861 1140

198 1911 326 1938 Priorem
340 1909 625 1940 Villae-monasterii,
641 1908 838 1944 Lugdunensis
852 1908 984 1941 diocesis,
1003 1909 1119 1934 mandat
1141 1911 1169 1935 ut

159 1959 317 1986 (luidonem
336 1960 370 1985 de
393 1959 566 1986 Castellionc
582 1957 610 1984 10
632 1958 753 1984 ecelesia
773 1957 976 1984 Matisconensi
1003 1957 1030 1983 in
1052 1957 1169 1983 canoni·

158 2017 224 2035 cum
241 2008 328 2042 recipi
345 2006 441 2035 saciat.
464 2008 542 2041 (1100.
561 2007 606 2038 29,
624 2007 672 2033 sol.
690 2008 722 2033 77
738 2012 776 2040 v⁰‚
795 2010 827 2032 n⁰
850 2007 921 2037 1⁸9.)

199 2124 216 2145 «
237 2137 243 2143 .
262 2138 268 2144 .
286 2114 387 2153 priori
410 2112 682 2147 Villc—monczsterii,
698 2111 908 2151 Luqdunensis
922 2111 1056 2141 diocesis.
1077 2111 1167 2142 Olim

157 2176 218 2206 pro
237 2167 359 2197 dilecto
376 2166 445 2196 tilio
459 2166 612 2196 (1111110110
627 2166 666 2195 de
681 2165 887 2195 Castellione
904 2164 1036 2194 clerico.
1050 2166 1170 2202 nepote

160 2220 272 2250 dilecti
292 2220 353 2249 tilii
374 2243 379 2248 .
396 2242 403 2249 .
422 2219 538 2249 decani
565 2218 827 2248 Matisconensis
855 2217 1009 2252 ecclesie,
1027 2217 1088 2248 tibi
1116 2217 1169 2247 de-

157 2273 249 2303 disse
267 2272 412 2302 dicimur
430 2272 556 2302 nostris
573 2271 635 2301 sub
653 2273 744 2301 certa
762 2270 869 2300 forma
888 2270 1013 2300 litteris
1028 2270 1061 2299 111
1078 2279 1170 2300 man-

158 2326 246 2356 datis
273 2327 309 2356 ut
332 2325 474 2355 eundem
501 2325 539 2355 G.
566 2325 600 2354 in
624 2324 767 2354 ecclesia
788 2324 873 2362 ipsa,
894 2324 926 2353 in
945 2332 1011 2362 qua
1030 2332 1094 2353 11011
1119 2326 1167 2354 051

158 2380 269 2410 certus
298 2378 534 2408 canonicorum
565 2386 727 2408 numerus
746 2386 805 2407 nec
833 2377 1005 2407 distinctio
1028 2377 1166 2415 preben-

157 2432 290 2467 darum,
308 2431 336 2461 si
358 2431 466 2461 eidem
485 2432 610 2461 decano
632 2433 663 2461 et
687 2430 834 2469 capitulo
858 2430 999 2460 ecclesie
1020 2430 1168 2468 predicte

155 2485 314 2524 placeret,
336 2484 463 2515 faceres
485 2485 517 2514 in
541 2484 676 2514 fratrem
695 2486 726 2514 et
742 2483 938 2513 canonicum
961 2483 1063 2522 recipi
1083 2492 1119 2513 ac
1138 2483 1167 2513 ei

158 2537 198 2568 de
220 2537 456 2567 001111000111115
480 2537 700 2575 proventibus
726 2537 810 2567 sicut
832 2539 864 2567 et
889 2536 966 2566 aliis
992 2536 1100 2575 ipsius
1118 2545 1167 2566 ec-

160 2590 262 2620 clesie
279 2590 450 2620 canonicis
465 2590 646 2628 provideri.
659 2590 727 2623 set,
745 2589 901 2628 quamvis
916 2589 957 2619 ad
973 2589 1004 2619 id
1018 2589 1167 2627 predicto

159 2643 284 2674 decano
305 2644 337 2673 et
355 2643 474 2681 majori
492 2643 576 2681 parti
594 2643 732 2681 capituli
751 2642 856 2681 aliqui
871 2642 911 2672 de
932 2642 1060 2680 prefato
1079 2642 1167 2680 capi-

157 2696 239 2732 tulo,
256 2696 334 2726 licet
353 2696 461 2734 pauc-i,
477 2704 574 2725 suum
593 2696 632 2725 ad
650 2695 709 2725 1100
727 2695 905 2726 noluerunt
925 2696 1076 2734 prestare
1093 2704 1167 2725 0011-

157 2758 308 2782 sensum,
325 2749 412 2779 idem
432 2749 575 2778 clericus
590 2748 721 2778 nullum
738 2750 788 2778 est
805 2748 845 2778 de
864 2748 1025 2786 predictis
1043 2747 1167 2778 litteris

156 2802 370 2833 commodum
391 2803 577 2831 assecutus.
596 2801 758 2831 Yolentes
777 2801 879 2840 igitur
905 2801 1047 2831 eundem
1067 2803 1106 2831 ti.
1134 2801 1166 2831 in

155 2854 215 2885 hac
229 2856 323 2894 parte
336 2854 494 2893 prosequi
512 2854 670 2892 gratiose,
685 2854 881 2884 discretioni
896 2855 952 2884 tue
967 2853 1167 2884 mandamus

155 2909 334 2947 (1011ῑο11115,
353 2907 381 2937 51
397 2908 436 2937 de
453 2907 590 2946 majoris
609 2908 641 2937 et
660 2907 807 2938 sanioris
823 2907 930 2946 partis
946 2906 1097 2946 ejusdem
1115 2914 1167 2936 ca-
1197 2925 1199 2929 .

915 224 1158 256 REGISTRES
1191 224 1407 255 D'URBAIN
1439 224 1497 254 IV.

1234 307 1333 346 pituli
1354 307 1557 345 processerit
1581 307 1766 342 voluntate,
1789 307 1854 337 nisi
1876 307 1987 337 minor
2012 315 2091 346 pars
2117 307 2248 346 aliquid

1236 359 1436 390 rationabile
1454 360 1669 399 proposuerit
1693 363 1723 391 et
1741 360 1933 399 probaverit
1952 360 2040 390 infra
2057 362 2247 399 competen-

1236 467 1307 497 tieri
1336 475 1401 496 non
1422 466 1541 497 debeat
1567 467 1619 497 vel
1644 476 1708 497 non
1736 467 1855 506 possit,
1876 476 1978 505 super
2000 467 2190 505 receptione
2212 475 2248 496 ac

1235 519 1429 558 provisione
1457 519 1536 550 dicti
1566 520 1732 550 (iuidonis
1764 520 1836 549 sine
1867 519 2016 558 qualibet
2049 519 2248 549 difficultate

1236 573 1397 611 procedas
1416 581 1475 611 per
1498 575 1529 603 te
1547 573 1598 603 vel
1623 582 1682 611 per
1709 573 1825 607 alium,
1845 573 1941 611 juxta
1969 573 2119 611 priorum
2143 572 2247 602 conti·

1237 626 1385 656 nentiam
1409 626 1612 656 litterarum.
1632 626 1917 661 Contradictores,
1937 628 2015 660 etc,
2033 634 2142 664 usque
2160 634 2247 655 com-

1235 679 1413 718 pescendo.
1443 679 1565 709 Datum
1587 679 1674 718 apud
1701 679 1992 712 L'rbemvetereni,
2019 688 2063 709 xv
2085 679 2249 709 kalendas

1237 731 1435 765 decembris,
1456 740 1542 762 anno
1558 733 1668 763 tertio.
1692 743 1707 761 n

1748 921 1875 954 orvieto,
1892 922 1909 948 Ξ)
1923 920 2078 947 novembre
2098 921 2174 948 1263.

1330 922 1418 952 1141

1270 1004 1382 1030 Decano
1398 1003 1536 1031 ecclesiae
1553 1012 1576 1030 s.
1601 1004 1674 1031 Aviti
1693 1004 1906 1031 Aurelianensis
1924 1005 2041 1031 mandat
2064 1008 2105 1035 ut,
2128 1003 2249 1039 inquisi-

1234 1052 1312 1079 tione
1331 1053 1364 1079 de
1381 1052 1508 1080 moribus
1526 1053 1706 1087 praehabita,
1726 1053 1835 1080 Heliam
1851 1054 1954 1080 Mortes
1971 1054 1997 1080 in
2014 1053 2135 1080 ecclesia
2152 1061 2250 1080 saecu·

1234 1101 1285 1128 lari
1303 1110 1324 1128 5.
1343 1102 1445 1128 Aniani
1467 1102 1494 1128 in
1518 1102 1623 1129 Bituria
1645 1102 1673 1128 in
1691 1103 1862 1129 canonicum
1880 1103 1966 1137 recipi
1989 1103 2083 1130 saciat.
2104 1102 2186 1130 dinc„
2203 1101 2250 1135 29,

1234 1150 1282 1177 sol.
1301 1153 1333 1176 77
1350 1157 1387 1182 v0,
1406 1155 1436 1177 n0
1460 1152 1532 1182 1911.)

1273 1270 1290 1290 <(
1310 1284 1315 1289 .
1333 1286 1338 1290 .
1359 1260 1471 1290 decano
1494 1260 1618 1290 ecclesie
1638 1261 1736 1289 sancli
1751 1260 1837 1290 Aviti
1851 1260 2092 1290 .›tw·eli(1m⁷nsis.
2116 1260 2250 1290 Consti-

1234 1316 1327 1344 tutus
1342 1314 1375 1343 111
1394 1314 1565 1353 presentia
1583 1316 1697 1344 nostra
1714 1314 1859 1344 dilectus
1872 1314 1963 1343 tilius
1980 1314 2119 1352 Helyas,
2137 1314 2249 1344 dictus

1234 1421 1284 1449 ter
1303 1419 1507 1458 supplicavit
1523 1421 1569 1453 ut,
1584 1428 1660 1450 cum
1679 1420 1763 1459 ipse,
1783 1420 1869 1450 sicut
1889 1420 2024 1455 asserit,
2046 1419 2177 1450 nullum
2196 1428 2246 1450 00-

1233 1473 1463 1503 clesiasticum
1493 1473 1694 1503 beneticinm
1723 1473 1885 1509 obtineat,
1905 1473 2076 1511 provideri
2109 1472 2173 1503 sihi
2206 1473 2248 1504 de

1232 1525 1440 1565 benignitate
1459 1526 1645 1565 apostolica
1665 1526 1916 1556 mandaremus.
1939 1526 2033 1556 Licet
2054 1527 2166 1556 autem
2184 1526 2248 1557 cle-

1233 1579 1324 1609 ricus
1335 1579 1406 1618 ipse
1417 1587 1516 1618 quem
1527 1579 1755 1618 perdilectum
1766 1580 1873 1609 tilium
1884 1579 2085 1618 magistrum
2096 1580 2247 1617 Petrum,

1233 1632 1505 1662 archidiaconum
1527 1633 1741 1663 Bruliensem
1757 1633 1791 1663 in
1811 1633 1953 1663 eeclesia
1973 1633 2181 1672 Agennensi,
2197 1641 2250 1664 so-

1233 1685 1323 1716 cium
1348 1686 1461 1716 dilecti
1486 1686 1548 1716 tilii
1570 1686 1725 1725 magistri
1750 1686 1938 1722 Michaeam,
1961 1688 2074 1716 sancte
2095 1686 2247 1717 Romane

1234 1739 1375 1770 ecclesie
1392 1740 1672 1776 vicecancellarii,
1691 1740 1879 1770 examinari
1895 1739 2037 1770 fecimus
2053 1739 2246 1779 diligenter,

1233 1792 1391 1823 inventus
1408 1793 1509 1823 fuerit
1528 1793 1562 1823 10
1578 1793 1768 1824 litteratura
1791 1795 2018 1831 competenter
2036 1793 2189 1832 ydoneus
2206 1793 2248 1823 ad

1232 1845 1434 1876 beneficium
1464 1846 1732 1877 ecclesiasticum
1766 1846 2003 1881 obtinendum,
2029 1846 2107 1885 quia
2134 1848 2248 1877 tamen

1232 1898 1331 1929 nobis
1361 1907 1427 1928 non
1449 1899 1599 1929 constitit
1625 1899 1665 1929 de
1684 1899 1755 1929 vita
1779 1902 1809 1929 et
1835 1899 2090 1930 conversatione
2122 1899 2245 1937 ipsius,

1233 1951 1430 1982 discretioni
1447 1955 1503 1983 tue
1519 1953 1720 1983 mandamus
1732 1953 1892 1991 quatinus
1905 1953 1993 1982 circa
2008 1953 2112 1983 vitam
2127 1954 2159 1983 et
2173 1960 2247 1982 con-

1232 2005 1457 2035 versationem
1485 2005 1594 2044 ipsius
1616 2006 1727 2035 clerici
1749 2005 1970 2044 inquisitione
1997 2005 2151 2044 diligenti
2173 2013 2246 2044 pre-

1232 2058 1349 2094 missa,
1364 2059 1392 2087 si
1410 2067 1486 2088 eum
1501 2059 1567 2088 vite
1580 2058 1763 2088 laudabilis
1778 2062 1809 2088 et
1823 2058 1961 2089 honeste
1974 2058 2245 2089 conversationis

1233 2120 1308 2141 esse
1327 2111 1529 2149 reppereris,
1548 2114 1577 2141 et
1596 2111 1681 2141 alias
1700 2120 1765 2141 nou
1783 2111 1825 2141 sit
1844 2111 2066 2141 beneficiatus
2083 2111 2244 2150 aliudque

1201 2181 1202 2187 1
1232 2165 1428 2194 canonicum
1447 2173 1512 2194 11011
1538 2164 1693 2195 obsistat.
1724 2165 1850 2195 taciens
1875 2173 1950 2195 eum
1975 2173 2034 2203 per
2056 2167 2088 2195 te
2114 2164 2166 2195 vel
2185 2173 2246 2204 per

1231 2217 1335 2247 alium
1364 2217 1398 2247 in
1423 2217 1567 2247 seculari
1598 2218 1741 2247 ecclesia
1769 2218 1875 2248 sancti
1902 2218 2024 2248 Auiani
2055 2218 2087 2247 in
2112 2217 2245 2248 Bituria

1231 2270 1335 2308 recipi
1365 2270 1398 2300 in
1424 2271 1622 2301 canonicum
1649 2274 1680 2301 et
1707 2272 1740 2301 in
1769 2271 1919 2306 fratrem,
1947 2271 1977 2301 ei
2006 2271 2045 2301 de
2075 2270 2246 2310 prebenda

1231 2326 1403 2362 spectante
1423 2324 1464 2353 ad
1483 2324 1698 2354 collationem
1716 2324 1915 2354 dilectorum
1935 2324 2082 2354 tiliorum
2104 2347 2111 2354 .
2129 2348 2134 2352 .
2156 2324 2244 2362 prio-

1199 2384 1200 2390 *
1230 2377 1289 2412 ris,
1311 2379 1341 2407 et
1368 2377 1506 2415 capituli
1533 2377 1684 2415 ejusdem
1703 2377 1855 2408 ecclesie.
1877 2377 1905 2407 51
1925 2386 1990 2416 qua
2007 2377 2132 2407 ibidem
2150 2379 2245 2408 vacat

1230 2430 1270 2460 ad
1288 2439 1427 2468 presens
1443 2431 1494 2460 vel
1511 2439 1611 2469 quam
1628 2431 1774 2469 primum
1794 2431 1834 2460 ad
1853 2430 1885 2460 id
1903 2438 1938 2460 se
1956 2430 2099 2460 facultas
2115 2429 2244 2461 obtule-

1230 2483 1282 2515 rit.
1295 2477 1488 2513 dummodo.
1501 2484 1586 2513 sicut
1603 2484 1778 2517 asseritur,
1790 2492 1855 2513 11011
1875 2483 2064 2513 direximus
2083 2483 2166 2513 inibi
2183 2491 2243 2522 pro

1229 2536 1295 2566 alio
1320 2537 1446 2575 scripta
1471 2539 1596 2568 nostra,
1617 2537 1816 2567 auctoritate
1842 2540 1954 2567 nostra
1976 2545 2036 2575 per
2058 2539 2090 2566 te
2109 2536 2160 2567 vel
2183 2544 2244 2575 per

1229 2589 1333 2618 alium
1352 2589 1529 2627 providere
1552 2598 1724 2628 procures,
1747 2589 1908 2619 inducens
1932 2590 2044 2627 ipsum
2071 2589 2104 2618 in
2128 2597 2244 2628 corpo·

1229 2642 1333 2672 ralem
1364 2643 1616 2680 possessionem
1649 2643 1758 2680 ipsius
1781 2645 1811 2672 et
1839 2642 2024 2672 defendens
2056 2642 2241 2672 inductum.

1228 2696 1302 2726 Non
1322 2695 1487 2731 obstante,
1506 2698 1567 2726 etc.
1584 2712 1620 2716 —
1639 2695 1924 2726 Contradictores.
1943 2697 2003 2725 etc.
2019 2713 2057 2717 —
2075 2695 2242 2725 volumus

1198 2761 1199 2794 3
1229 2750 1341 2778 autem
1370 2749 1458 2788 quod
1485 2757 1602 2778 0111005
1621 2749 1731 2779 littere
1760 2757 1776 2778 a
1798 2748 1877 2778 sede
1901 2748 2086 2787 apostolica
2111 2750 2141 2778 et
2168 2747 2242 2786 ejus

1228 2801 1350 2840 legatis
1376 2801 1510 2832 obtente
1536 2810 1594 2832 nec
1621 2810 1686 2831 non
1720 2804 1749 2831 et
1783 2801 2030 2840 promissiones
2057 2804 2086 2831 et
2115 2800 2241 2839 obliga-

1197 2851 1198 2856 ’
1228 2854 1338 2884 tiones
1358 2863 1375 2884 a
1400 2854 1671 2894 quibuscumque
1698 2854 1854 2893 personis
1884 2854 1967 2884 facte
1999 2862 2100 2892 super
2130 2854 2240 2892 ipsius

1229 2906 1342 2937 clerici
1366 2907 1570 2946 provisione,
1595 2907 1687 2937 omni
1711 2909 1845 2937 careant
1868 2906 1988 2937 robore
2012 2906 2185 2937 firmitatis
2207 2907 2241 2937 et
