2519 3262
263 293 302 321 44
968 289 1045 319 LES
1070 288 1312 319 REGISTRES
1335 287 1544 318 D'L‘RssAtx
1571 287 1626 316 tv.

265 383 404 413 concilio
436 382 584 421 generali
614 384 644 412 ct
673 381 883 420 indulgentia
912 390 975 421 qun
1001 380 1161 411 fratribus
1190 380 1270 410 dicti

266 436 395 466 ordinis
418 436 457 465 ab
476 435 661 474 apostolica
680 435 758 465 sede
784 434 907 465 dicitur
929 443 1002 465 esse
1021 442 1218 464 concessum
1236 434 1271 463 ut

265 489 305 519 de
323 489 435 519 causis
453 497 516 527 que
545 497 603 527 per
633 488 765 518 litteras
795 487 998 526 apostolicas
1015 487 1271 517 committuntur

267 542 406 578 eisdem,
427 550 462 572 se
480 541 704 572 intromittere
719 541 859 571 minime
877 541 1065 576 teneantur,
1083 539 1147 569 nisi
1165 539 1204 569 de
1225 539 1272 568 in-

266 594 436 633 dulgentia
462 594 654 633 hujusmodi
680 602 878 633 expressam
907 593 1028 623 faciant
1053 593 1268 623 mentionem.

266 648 389 678 Datum
418 647 573 682 Viterbii,
592 657 639 677 xu
663 646 827 677 kalendas
840 646 939 685 junii,
960 646 1175 685 pontificatus
1195 654 1271 675 nos-

266 701 308 731 tri
327 709 412 731 anno
431 701 553 739 primo.
573 708 590 730 »

357 859 454 890 2909

851 856 975 889 Viterbe,
997 857 1106 892 terjuin
1123 857 1199 884 12132.

302 941 470 976 Magistrum
487 941 594 968 ordinis
611 941 731 968 fratrum
746 941 981 968 Praedicatorum
1006 941 1135 968 hortatur
1156 944 1273 967 monent

266 990 294 1017 in
310 998 397 1025 regno
425 990 560 1017 Franciae
582 998 614 1017 ac
641 990 668 1016 in
695 989 877 1024 Lugdunensi
905 997 1014 1017 necnon
1044 990 1208 1021 Viennensi,
1231 990 1273 1016 Bi-

266 1039 392 1072 suntina,
415 1039 641 1071 Tarantasiensi,
670 1038 866 1065 Ebredunensi
896 1042 923 1066 ct
949 1038 1072 1073 Aquensi
1097 1038 1272 1070 civitatibus,

265 1087 426 1114 diocesibus
440 1090 467 1114 et
484 1087 648 1122 provinciis,
668 1087 697 1114 in
709 1088 910 1114 Cameracensi
926 1087 1196 1122 quoque‚'sullensi‚
1207 1087 1273 1114 Vir-

265 1136 397 1168 dunensi,
413 1136 561 1163 Leodicnsi
583 1138 611 1163 et
626 1135 743 1163 Metensi
759 1135 924 1163 civitatibus
941 1138 969 1162 et
984 1136 1145 1163 diocesibus
1163 1136 1272 1163 consti—

265 1187 341 1212 tutos
360 1185 574 1220 crucesignatos
593 1188 623 1212 ut
639 1186 674 1211 ad
690 1184 928 1219 proficiscendum
945 1185 973 1211 in
989 1193 1156 1211 succursum
1170 1185 1271 1212 'l‘errac

263 1234 383 1261 Sanctae
396 1243 425 1261 se
442 1234 576 1261 studeant
591 1241 771 1268 praeparare.
788 1234 885 1269 (Aaou.
905 1234 975 1260 Nar.
996 1242 1010 1260 ι,
1031 1234 1092 1265 252,
1110 1238 1140 1259 n⁰
1155 1235 1212 1266 31³.)

304 1340 319 1359 ((
342 1329 482 1360 Urbanus
497 1329 665 1369 episcopus,
681 1339 783 1359 servus
798 1339 949 1359 servorum
968 1329 1032 1365 Dei,
1047 1328 1154 1358 dilecto
1164 1327 1228 1367 filio
1243 1350 1249 1357 .
1263 1352 1269 1358 .

263 1384 407 1422 maqisero
425 1383 543 1413 ordinis
561 1382 694 1421 fratrum
717 1382 965 1419 predicatorum,
987 1382 1112 1411 salutem
1139 1386 1164 1410 et
1183 1391 1271 1421 apos-

265 1436 386 1466 tolicam
414 1435 660 1466 benedictionem.
685 1435 769 1466 Cum
797 1435 900 1466 Terra
926 1435 1047 1465 Sancta
1072 1453 1119 1464 -.
1148 1435 1271 1465 Datum

264 1489 421 1523 Viterbii,
457 1488 613 1520 kalendis
647 1488 747 1527 junii,
786 1488 1001 1527 pontificatus
1039 1488 1145 1519 nostri
1185 1496 1271 1519 anno

264 1551 384 1583 primo.
402 1551 418 1572 ))

353 1705 452 1738 2910
867 1701 992 1733 viterbo,
1011 1702 1027 1728 5
1041 1700 1103 1736 juin
1120 1700 1199 1727 1262.

300 1790 395 1816 Electo
418 1788 585 1819 Veronensi,
612 1787 715 1814 rectori
738 1787 906 1814 patrimonii
932 1786 959 1813 h.
976 1785 1051 1812 Petri
1077 1785 1105 1812 in
1129 1784 1230 1812 Tuscia
1244 1788 1272 1812 ct

262 1840 381 1866 ducatus
397 1837 552 1872 spoletani,
567 1838 685 1864 mandat
701 1839 817 1864 moneat
835 1835 1012 1870 Fuliginatcs
1028 1837 1058 1861 ut
1072 1835 1107 1861 ab
1124 1834 1272 1861 exactione

264 1888 399 1922 pecuniae
425 1887 549 1914 indebite
566 1895 582 1913 a
607 1885 782 1913 monasterio
805 1884 929 1912 Saxivivi
951 1883 1068 1919 petitae,-
1087 1883 1228 1910 desistant
1243 1885 1273 1910 et

264 1937 336 1963 bona
355 1936 453 1964 illicite
480 1935 576 1962 ablata
600 1935 693 1962 eidem
721 1934 899 1961 monasterio
926 1932 1091 1960 restituant.
1119 1933 1272 1965 (Aiicmvsss

265 1994 434 2012 Ancnissrisc.
456 1993 490 2011 ni:
504 1986 641 2015 Spoliare,
661 1983 742 2010 fonds
759 1983 926 2013 Sassovivo,
947 1982 1016 2009 fasc.
1043 1982 1065 2013 i,
1081 1987 1113 2007 n⁰
1128 1982 1186 2012 222.)

306 2096 320 2115 ((
344 2084 657 2124 ζ’νὺαηυευρὶεεοραε,
669 2093 769 2113 servus
785 2093 939 2112 servorum
955 2081 1021 2116 Dei,
1038 2081 1145 2111 dilecto
1163 2081 1228 2120 filio
1244 2105 1249 2110 .
1263 2105 1269 2111 .

264 2138 355 2169 electo
390 2138 558 2174 Veronensi,
575 2137 687 2167 rectori
705 2136 894 2165 Patrimonii
918 2135 945 2164 b.
967 2135 1053 2164 Petri
1074 2135 1103 2163 in
1123 2134 1228 2163 Tuscia
1245 2139 1272 2163 et

264 2192 389 2223 ducatus
411 2191 581 2231 spoletani,
604 2190 730 2220 sulutem
754 2195 781 2219 ee
806 2187 1003 2229 apostolicam
1023 2187 1269 2219 benedictionem.

265 2245 388 2276 Dilecti
404 2245 465 2275 tilii
479 2267 486 2273 .
502 2267 508 2273 .
524 2243 628 2275 abbas
641 2246 673 2274 et
690 2245 875 2274 conventus
894 2241 1091 2272 monasterii
1107 2241 1269 2276 Saxivivi,

265 2299 306 2330 ad
324 2299 511 2329 Romanam
535 2297 712 2328 ecclesiam
736 2295 829 2326 nullo
853 2295 963 2325 medio
987 2294 1201 2333 pertinentis,
1223 2302 1271 2323 or—

264 2352 354 2383 dinis
379 2362 405 2382 s.
427 2351 610 2384 Benedicti,
630 2350 798 2389 quondam
816 2348 1021 2388 Fuliginatis
1042 2347 1198 2383 diocesis,
1219 2355 1273 2376 no-

264 2406 318 2436 bis
342 2405 489 2445 graviter
510 2406 588 2434 sunt
611 2403 786 2442 conquesti
812 2402 900 2441 quod
915 2425 945 2431 ..
971 2402 1132 2440 potestas,
1150 2401 1273 2439 capita-

266 2468 349 2490 neus
366 2460 397 2489 et
417 2466 594 2488 commune
606 2456 817 2496 Fuliginates
834 2457 949 2486 contra
963 2463 1021 2485 eos
1036 2454 1095 2484 illa
1113 2454 1152 2485 de
1171 2462 1272 2484 causa

265 2511 422 2543 commoti
448 2511 527 2550 quia
546 2512 581 2541 tu
599 2509 662 2540 sub
686 2518 772 2548 pena
795 2508 888 2539 mille
906 2507 1119 2538 marcharum
1143 2507 1272 2545 argenti

265 2564 468 2605 prohibuisti
485 2563 612 2594 eisdem
630 2565 665 2593 ut
679 2562 828 2602 prefatos
848 2561 1001 2592 abbatem
1021 2562 1053 2591 et
1071 2562 1273 2591 conventum

265 2626 367 2658 super
389 2617 595 2648 exhibitione
617 2615 793 2655 cujusdam
817 2614 956 2654 pecunie
981 2622 1081 2653 quam
1111 2613 1170 2649 eis,
1202 2622 1274 2652 pre-

264 2673 357 2702 textu
388 2670 504 2710 palatii
527 2669 604 2700 dicti
631 2668 831 2705 communis
853 2667 1042 2698 temeritate
1064 2666 1273 2706 propriaim-

265 2725 459 2764 posuerant,
483 2723 698 2762 aliquatenus
723 2730 789 2752 non
820 2722 1011 2760 gravarent.
1032 2720 1072 2750 ad
1102 2719 1273 2759 quandam

264 2777 437 2817 grangiam
453 2784 554 2815 quam
571 2775 697 2806 dictum
712 2774 955 2804 monasterium
975 2774 1008 2803 in
1026 2773 1183 2803 districtu
1200 2772 1274 2802 illo-

266 2839 340 2861 rum
367 2829 504 2863 obtinet,
528 2837 627 2859 manu
649 2829 863 2858 accesserunt
877 2829 1007 2857 armata
1025 2828 1056 2856 et
1072 2825 1188 2861 boves,
1207 2825 1272 2856 asi-

266 2892 338 2919 nos,
357 2882 535 2922 quemdam
557 2881 687 2921 pullum
705 2881 865 2920 equinum
884 2889 919 2910 ac
939 2879 1102 2910 nonnulla
1119 2879 1185 2909 alia
1202 2878 1272 2908 ani-

266 2936 367 2967 malia
400 2937 432 2966 et
467 2935 553 2965 bona
587 2934 696 2973 ipsius
728 2933 926 2964 monasterii
963 2932 1088 2963 ibidem
1123 2932 1268 2968 inventa,

265 2998 378 3021 secum
406 2988 526 3020 exinde
555 2987 708 3027 nequiter
736 2986 947 3017 abduxerunt
981 2986 1015 3016 in
1052 2984 1201 3024 predam,
1234 2985 1268 3014 in

1328 379 1493 410 dictorum
1519 378 1651 409 abbatis
1676 380 1707 408 et
1726 380 1910 408 conventus
1930 377 2153 417 prejudicium
2180 387 2217 408 ac
2235 377 2335 408 liber-

1328 432 1407 463 tatis
1429 431 1658 462 ecclesiastice
1687 440 1750 461 non
1775 431 1943 461 modicum
1968 431 2218 461 detrimentum.
2242 431 2335 461 Ideo-

1327 494 1391 524 que
1410 484 1607 515 discretioni
1628 486 1683 514 tue
1712 492 1772 523 per
1790 484 1977 522 apostolica
1993 484 2118 522 scripta
2135 483 2334 514 mandamus

1327 540 1505 578 quatenus,
1530 537 1558 567 si
1578 539 1628 567 est
1645 537 1701 571 ita,
1719 537 1827 567 dictos
1843 538 2054 575 potestatem,
2074 537 2287 575 capitaneum
2304 538 2336 566 et

1327 599 1503 621 commune
1532 590 1619 629 quod
1645 589 1686 620 ab
1709 590 1883 620 exactione
1908 589 2048 628 pecunie
2067 589 2258 628 supradicte
2282 589 2335 619 de-

1327 644 1449 674 sistant
1480 652 1517 674 ae
1543 643 1671 673 eisdem
1703 642 1816 672 abbati
1845 644 1877 672 et
1901 642 2080 672 conventui
2109 642 2272 672 animalia
2303 644 2334 672 et

1327 697 1413 727 bona
1436 697 1603 736 premissa
1625 697 1805 726 restituant
1827 696 1967 734 integre,
1990 697 2025 726 ut
2043 696 2213 731 tenentur,
2232 694 2338 725 moni·

1328 751 1418 781 tione
1447 750 1626 789 premissa,
1646 758 1705 788 per
1729 748 1926 788 spirituales
1945 750 1976 778 et
1997 748 2202 787 temporales
2219 756 2335 787 penas,

1328 804 1415 834 sicut
1435 803 1594 842 expedire
1618 802 1755 838 videris,
1784 801 2010 841 appellatione
2028 804 2168 837 remota,
2190 801 2337 840 compel-

1329 857 1390 887 las.
1417 857 1540 887 Datum
1568 855 1724 892 Viterbii,
1750 855 1849 886 nonis
1868 855 1966 894 junii,
1990 854 2206 894 pontificatus
2230 854 2338 884 nostri

1329 919 1415 941 anno
1434 910 1552 949 primo.
1573 919 1587 938 n

1419 1067 1514 1099 2911
1929 1063 2054 1095 Viterbe,
2074 1063 2090 1089 9
2102 1062 2165 1098 juin
2185 1063 2265 1091 1262.

1363 1150 1433 1176 Cum
1455 1149 1627 1176 universitas
1655 1149 1887 1183 presbyterorum
1915 1150 1943 1174 et
1968 1147 2138 1174 clericorum
2163 1146 2335 1174 secularium

1328 1199 1413 1225 villae
1428 1199 1461 1225 de
1478 1197 1588 1230 ltiomo,
1600 1197 1848 1224 Claromontensis
1861 1196 1996 1228 diocesis,
2017 1196 2175 1223 decreverit
2193 1196 2219 1222 in
2237 1197 2337 1223 eadem

1329 1247 1395 1274 villa
1417 1247 1569 1274 ecclesiam
1597 1245 1625 1272 in
1658 1246 1795 1273 honorem
1822 1246 1848 1272 b.
1877 1245 1982 1272 Mariae
2012 1244 2137 1279 Virginis
2159 1239 2338 1278 construere,

1327 1296 1517 1331 Aiphonsum,
1542 1295 1681 1322 Tholosae
1700 1303 1733 1321 ac
1754 1295 1900 1321 pictaviae
1926 1294 2075 1325 comitem,
2093 1293 2224 1321 hortatur
2249 1295 2279 1320 ut
2297 1294 2338 1320 eis

1327 1345 1464 1372 auxilium
1494 1347 1522 1371 et
1550 1343 1703 1371 consilium
1734 1343 1893 1378 impendat.
1928 1344 2025 1377 (Anca.
2051 1350 2087 1369 m:
2115 1342 2337 1374 l'cx-oE-Dous,

1329 1394 1410 1422 fonds
1427 1395 1476 1421 des
1496 1393 1667 1420 Carmelites
1687 1393 1721 1419 de
1736 1392 1841 1426 Riom.)

1369 1504 1382 1522 t(
1411 1493 1549 1523 Urbanus
1571 1493 1744 1532 episcopus,
1770 1501 1872 1521 servus
1887 1501 2040 1521 servorum
2059 1491 2130 1528 Dei,
2149 1490 2259 1521 dilecto
2270 1490 2338 1530 filio

1328 1546 1426 1577 nobili
1439 1547 1520 1577 viro.
1534 1569 1540 1575 .
1563 1545 1686 1576 Tholose
1701 1556 1736 1575 ac
1753 1545 1892 1575 Pictavie
1907 1543 2159 1581 comiti,salueem
2175 1549 2202 1574 et
2219 1550 2338 1584 aposto-

1329 1599 1417 1629 licam
1440 1599 1686 1629 benedictionem.
1710 1599 1860 1629 Honoris
1888 1597 2087 1636 temporalis
2113 1599 2292 1636 augmento
2306 1599 2339 1628 et

1328 1653 1487 1693 perennis
1513 1653 1623 1692 palme
1649 1652 1756 1691 gloria
1783 1651 1872 1690 apud
1894 1653 2048 1682 eternum
2069 1651 2197 1690 Regem
2216 1650 2340 1690 dignus

1329 1707 1473 1738 efficeris
1492 1706 1521 1736 si
1539 1706 1645 1736 cultui
1665 1705 1814 1736 nominis
1831 1704 1938 1734 divini
1954 1703 2152 1734 vacantibus
2171 1703 2338 1743 benignus

1328 1762 1360 1791 et
1386 1760 1554 1800 propitius
1579 1758 1746 1789 habearis.
1776 1757 1937 1788 Exhibita
1965 1757 2134 1796 siquidem
2165 1756 2264 1787 nobis
2293 1757 2342 1787 di-

1329 1814 1491 1844 lectorum
1517 1812 1666 1843 tiliorum
1685 1811 1920 1842 universitatis
1939 1810 2204 1850 presbiterorum
2224 1812 2256 1840 et
2273 1809 2340 1841 cle-

1329 1867 1475 1897 ricorum
1492 1866 1696 1896 secularium
1714 1865 1793 1895 ville
1810 1866 1865 1895 tue
1879 1864 1919 1894 de
1934 1864 2066 1900 Riomo,
2083 1863 2340 1894 Claromonten-

1328 1921 1377 1950 sis
1403 1920 1560 1955 diocesis,
1589 1919 1709 1958 petitio
1735 1917 1926 1948 continebat
1953 1917 2041 1956 quod
2064 1917 2150 1947 bone
2176 1916 2340 1947 memorie

1328 1974 1437 2013 Hugo,
1450 1972 1742 2003 Claromonteusis
1770 1971 1962 2010 episcopus,
1980 1971 2030 2000 eis
2053 1969 2269 2000 construendi
2288 1978 2339 2000 ca-

1328 2027 1452 2066 pellam
1470 2026 1503 2056 in
1519 2025 1621 2055 fundo
1639 2026 1775 2064 proprio
1795 2026 1826 2054 et
1843 2024 1877 2054 in
1896 2033 1934 2054 ea
1951 2023 2142 2054 celebrandi
2159 2023 2275 2053 divina
2289 2022 2335 2053 of·

1330 2080 1403 2109 ticia
1426 2079 1604 2114 concessit,
1626 2078 1825 2108 auctoritate
1841 2077 2033 2107 litterarum
2056 2076 2166 2106 felicis
2184 2075 2338 2106 recorda-

1328 2133 1432 2163 tionis
1463 2132 1486 2162 1.
1516 2140 1614 2171 pape,
1651 2131 1902 2170 predecessoris
1939 2130 2058 2165 nostri,
2094 2129 2337 2160 deliberatione

1330 2185 1479 2224 provida,
1498 2184 1638 2215 liberam
1653 2184 1858 2214 facultatem.
1874 2183 1966 2213 Idem
1985 2183 2086 2213 etiam
2107 2183 2337 2222 predecessor,

1328 2238 1579 2269 concessionem
1595 2237 1787 2277 hujusmodi
1799 2239 1905 2266 ratam
1923 2235 2049 2266 habens
2065 2238 2095 2266 et
2113 2238 2338 2274 gratam,eam

1329 2292 1525 2322 auctoritate
1539 2291 1724 2330 apostolica
1737 2290 1959 2320 confirmavit.
1974 2290 2058 2320 Cum
2075 2289 2178 2328 igitur
2196 2288 2339 2327 predicti

1328 2346 1507 2385 presbiteri
1523 2347 1553 2376 et
1572 2344 1807 2382 clerici.juxta
1824 2343 2008 2382 predictam
2026 2342 2292 2378 concessionem,
2304 2342 2339 2372 in

1329 2399 1459 2438 prefata
1480 2399 1561 2428 villa
1581 2397 1758 2429 ecclesiam
1785 2397 1818 2426 in
1836 2396 1997 2427 honorem
2013 2395 2044 2426 l).
2063 2395 2167 2426 Marie
2185 2395 2338 2434 Virginis

1329 2452 1502 2482 intendant
1518 2452 1722 2486 construere,
1740 2450 1772 2480 in
1785 2458 1850 2488 qua
1861 2449 2026 2480 conditori
2037 2448 2189 2480 omnium
2204 2448 2337 2479 valeant

1329 2505 1512 2540 deservire,
1532 2506 1633 2543 tuque
1650 2504 1683 2533 in
1701 2503 1782 2533 villa
1802 2503 1875 2542 ipsa
1894 2501 2116 2541 temporalem
2133 2501 2339 2540 iurisdictio-

1330 2567 1405 2589 nem
1438 2557 1588 2588 obtinere
1611 2557 1774 2592 noscaris,
1799 2555 2011 2586 nobilitatem
2043 2557 2134 2586 tuam
2166 2562 2336 2594 rogamuS,

1330 2619 1506 2641 monemus
1525 2611 1556 2640 et
1573 2611 1745 2640 hortamur
1760 2611 1885 2639 attente
1904 2609 2064 2648 quatinus
2086 2607 2215 2638 eisdem
2245 2615 2338 2646 pres-

1329 2664 1447 2695 biteris
1465 2665 1497 2694 et
1517 2663 1661 2699 clericis,
1679 2662 1721 2693 ob
1746 2662 1972 2693 reverentiam
1993 2661 2176 2700 apostolice
2197 2660 2289 2692 sedis
2305 2662 2338 2691 et

1330 2719 1490 2753 nostram,
1510 2719 1604 2747 tuum
1629 2725 1730 2756 super
1748 2716 1820 2752 hoc,
1839 2724 1915 2746 cum
1931 2714 1972 2745 ab
1990 2714 2040 2745 eis
2058 2714 2246 2753 requisitus
2267 2713 2336 2744 fue-

1330 2771 1388 2807 ris,
1419 2770 1593 2809 impendas
1625 2769 1820 2805 consilium,
1853 2767 2021 2798 auxilium
2045 2769 2077 2798 et
2106 2767 2266 2803 favorem,
2290 2766 2338 2797 ita

1329 2824 1417 2863 quod
1446 2823 1567 2853 exinde
1598 2823 1742 2853 Domino
1771 2822 1933 2852 virtutum
1967 2819 2178 2859 complaceas
2209 2827 2337 2858 nosque

1328 2877 1539 2908 devotionem
1565 2879 1657 2906 tuam
1677 2875 1791 2915 dignis
1816 2875 1850 2905 in
1868 2874 2014 2905 Domino
2032 2872 2189 2903 laudibus
2204 2872 2333 2903 attolla-

1328 2938 1414 2961 mus.
1431 2930 1554 2960 Datum
1574 2928 1730 2965 Yiterbii,
1746 2937 1763 2958 v
1784 2928 1860 2958 idus
1873 2927 1974 2966 junii,
1993 2925 2208 2966 pontificatus
2228 2924 2335 2956 nostri

1328 2992 1414 3014 auno
1431 2983 1550 3021 primo.
1569 2993 1583 3011 η
