2519 3262
243 288 281 318 70
942 283 1021 314 LES
1043 281 1286 314 REGISTRES
1311 279 1525 311 D’URBAIN
1548 279 1607 309 IV.

244 378 487 409 benedictionem.
505 378 577 409 Etsi
596 378 685 408 firmi
702 377 867 417 propositi
887 395 932 407 --.
954 377 1077 407 Datum
1089 374 1245 407 Viterbii,

243 442 265 462 11
284 432 446 462 kalendas
469 431 594 467 martii,
617 430 833 470 pontificatus
854 430 960 460 nostri
985 437 1070 459 anno
1090 428 1212 467 primo.
1233 437 1247 456 »

850 594 974 625 Orvieto,
993 596 1009 621 2
1027 593 1084 620 mai
1101 593 1176 620 1263.

331 598 428 629 2983

275 681 495 716 Archiepiscopo
509 680 664 707 Viennensi
677 680 797 707 mandat
811 680 948 707 concedat
962 679 1141 710 facultatem,
1158 678 1181 705 si
1197 687 1249 705 cx—

241 730 337 764 pedire
351 730 463 762 viderit,
482 729 585 761 Aulidi,
607 728 772 756 comitissae
788 728 966 763 uurgundiae
984 728 1138 762 palatinae,
1155 727 1248 762 cupel-

239 779 298 806 lam
324 780 353 806 in
382 779 469 806 fundo
489 778 603 813 proprio
622 779 695 813 apud
719 786 742 804 s.
775 777 920 804 Valerium
937 776 1131 804 construendi.
1149 778 1246 810 (Auen.

240 837 277 855 nn
295 829 397 859 Domus,
414 828 443 854 B.
463 828 537 861 531.)

281 936 296 957 (t
326 926 465 957 Urbanus
491 926 661 966 episcopus,
687 934 790 954 servus
807 934 961 954 servorum
987 924 1054 962 Dei,
1080 923 1248 954 venerabili

238 980 334 1019 fratri
352 1003 358 1009 ,
376 1004 382 1009 .
402 979 631 1018 archiepiscopo
660 978 830 1014 Viennensi,
857 977 983 1007 salutem
1006 983 1034 1007 et
1052 977 1247 1017 apostolicam

240 1033 484 1074 betzedzssctiorzern.
506 1033 557 1062 Ex
578 1033 673 1071 parte
691 1032 811 1062 dilecte
830 1032 864 1061 in
883 1031 1016 1062 Christo
1038 1031 1106 1061 filie
1122 1031 1247 1061 nobilis

240 1086 393 1116 mulieris
415 1085 560 1119 Aalidis,
578 1085 750 1115 comitisse
777 1085 971 1124 Burgundie
997 1084 1156 1124 palatine,
1183 1085 1246 1115 suit

238 1138 335 1169 nobis
360 1138 535 1168 humiliter
560 1137 788 1176 supplicatum
811 1139 858 1174 ut,
885 1146 962 1167 cum
986 1137 1060 1176 ipsa
1082 1137 1245 1176 capellam

237 1190 272 1220 in
296 1190 421 1220 honore
450 1189 482 1219 b.
511 1189 615 1219 Marie
642 1189 794 1228 Virginis
815 1190 848 1219 in
873 1190 975 1220 fundo
1000 1191 1136 1229 proprio
1158 1191 1246 1230 apud

237 1242 600 1279 Sanctum-Valerium,
618 1243 674 1273 tue
693 1243 851 1280 diocesis,
870 1244 1065 1274 construere
1085 1244 1197 1282 cupiat
1211 1245 1245 1274 in

236 1305 302 1336 qua
329 1305 389 1335 pro
417 1303 476 1326 sue
503 1304 539 1325 ac
557 1296 810 1326 antecessorum
834 1305 973 1327 suorum
990 1297 1181 1327 animarum
1198 1307 1246 1328 re-

235 1349 346 1380 medio
362 1349 477 1379 divina
491 1348 602 1379 officia
614 1348 836 1386 celebrentur,
851 1350 1068 1380 construendi
1081 1351 1245 1389 capellam

234 1402 429 1441 hujusmodi
446 1403 477 1432 et
490 1401 634 1432 habendi
648 1402 860 1441 capellanum
877 1403 1051 1442 proprium
1068 1403 1100 1433 in
1116 1404 1243 1440 eadem,

236 1457 289 1487 cui
306 1457 422 1495 parata
440 1457 490 1486 est
509 1456 548 1486 de
563 1455 661 1486 bonis
679 1456 828 1494 propriis
845 1465 904 1494 pro
921 1457 1167 1487 sustentatione
1185 1466 1245 1487 sua

236 1508 443 1538 sufficientes
460 1508 612 1538 redditus
629 1508 816 1547 assignare,
836 1509 988 1539 matriciS
1005 1510 1036 1539 et
1058 1509 1245 1539 vicinarum

236 1561 453 1592 ecclesiarum
472 1561 505 1591 in
521 1561 678 1591 omnibus
690 1562 766 1601 jure
781 1562 887 1598 salvo,
902 1562 1073 1592 licentiam
1089 1562 1153 1592 sibi
1171 1571 1246 1593 con·

235 1615 350 1646 cedere
369 1615 597 1654 dignaremur.
617 1614 780 1646 Volentes
800 1615 902 1654 igitur
918 1615 952 1645 in
966 1615 1027 1646 hoc
1040 1615 1102 1646 tibi
1115 1616 1244 1647 deferre

235 1668 292 1706 (1111
310 1668 374 1698 1001
391 1668 590 1698 diocesanus
606 1667 738 1704 existis,
757 1667 962 1698 fraternitati
977 1670 1031 1699 tue
1043 1677 1102 1707 per
1114 1672 1245 1707 aposto-

234 1721 299 1751 lica
315 1721 440 1760 scripta
458 1721 659 1751 mandamus
675 1721 834 1760 quatinus
853 1722 962 1752 eidem
980 1722 1085 1752 nobili
1108 1722 1243 1754 facienti

235 1774 322 1813 quod
342 1774 446 1811 offert,
465 1774 637 1804 licentiam
652 1773 782 1804 tribuas
798 1775 1016 1814 postulatam,
1035 1775 1064 1805 si
1084 1776 1243 1814 expedire

234 1827 370 1863 videris,
392 1827 464 1857 sine
478 1827 566 1866 juris
587 1827 774 1866 prejudicio
798 1828 912 1858 alieni.
930 1829 1056 1859 Datum
1074 1829 1163 1868 apud
1183 1830 1242 1861 Ur-

234 1879 460 1910 bemveterem
479 1889 510 1910 vi
542 1869 647 1911 nonas
666 1881 758 1917 maii,
788 1881 1002 1920 pontificatus
1023 1882 1129 1912 nostri
1155 1891 1242 1914 anno

236 1931 381 1962 secundo
395 1933 417 1961 ¹.
433 1941 449 1961 »

324 2095 422 2126 2984
829 2094 952 2125 OrvietO,
969 2096 986 2122 3
1003 2095 1076 2122 avril
1093 2096 1170 2123 1204.

272 2178 412 2205 Abbatem
433 2187 456 2204 5.
478 2177 547 2212 Lupi
563 2177 711 2205 Treceusis
727 2186 743 2204 a
767 2177 908 2205 solutione
933 2182 1078 2206 certarum
1102 2188 1242 2214 procura-

234 2227 345 2253 tionum
363 2226 472 2254 eximit.
491 2227 587 2261 (Anca.
607 2227 692 2260 Nn„
710 2234 725 2253 1.
744 2226 806 2258 254,
825 2232 854 2253 η’
869 2228 927 2258 65.)

273 2333 287 2352 ((
304 2323 444 2354 Urbanus
456 2324 627 2364 episcopus,
642 2333 744 2353 servus
755 2334 909 2354 servorum
927 2324 992 2361 Dei,
1008 2324 1116 2355 dilecto
1128 2325 1194 2365 filio
1210 2349 1216 2354 .
1233 2350 1239 2355 .

233 2376 334 2406 abbati
353 2386 377 2408 s,
398 2377 480 2417 Lupi
497 2376 659 2413 Trecensis,
678 2376 805 2407 salutem
832 2383 858 2407 el
883 2377 1085 2417 apostolicam
1105 2378 1242 2409 benedic-

234 2430 353 2459 tionem.
379 2430 431 2460 Ad
452 2430 658 2461 audientiam
676 2432 827 2461 nostram
845 2449 894 2461 —.
921 2432 1046 2461 Datum
1069 2432 1158 2471 apud
1181 2433 1240 2463 Ur-

231 2482 469 2519 bemveterem,
490 2493 525 2513 111
542 2492 648 2514 nonas
661 2483 791 2523 apriliS,
803 2484 1019 2523 pontificatus
1032 2485 1139 2515 nostri
1152 2494 1239 2516 anno

231 2536 331 2566 tertio
345 2535 367 2566 ².
386 2546 401 2566 »

805 2702 928 2734 Orvieto‚
948 2703 981 2730 12
997 2702 1067 2730 avril
1085 2703 1163 2731 1261.

321 2703 417 2734 2985

265 2785 403 2820 Episcopo
423 2785 572 2820 Anagnino
588 2788 616 2813 01
638 2785 755 2814 Nicolao
778 2787 811 2813 de
828 2788 968 2822 Anagnia,
988 2788 1139 2822 capellano
1157 2796 1239 2823 apos-

261 2891 282 2915 1.
299 2891 342 2916 Au
357 2891 406 2915 dos
422 2901 431 2913 a
450 2891 533 2916 Guido
544 2898 594 2923 pro
607 2892 738 2917 comitissa
755 2893 915 2923 But-qundie.
931 2902 943 2914 n

259 2935 280 2958 2.
298 2934 441 2966 Privilege
457 2935 613 2961 semblable
627 2936 643 2960 a
659 2935 732 2960 celui
748 2937 797 2967 (1111
821 2936 898 2961 avait
916 2936 959 2962 010
980 2937 1108 2964 aecor-de,
1123 2937 1148 2962 10
1167 2939 1179 2961 4
1197 2937 1234 2962 10-

229 2979 306 3004 111101·
320 2979 389 3008 1264,
407 2979 422 3003 a
439 2979 571 3011 l'hdpital
586 2980 619 3005 de
638 2980 664 3005 S.
682 2981 804 3006 Antoine
823 2982 855 3006 de
872 2981 991 3006 Vienne.

1304 373 1401 403 101100,
1419 373 1538 399 mandat
1554 375 1583 399 ut
1600 372 1792 399 castellanum
1805 372 1839 399 de
1856 372 1978 400 Lariano
1993 373 2022 399 in
2043 373 2255 407 possessionem
2275 374 2316 401 in-

1303 422 1387 448 ducat
1402 422 1606 448 nonnullorum
1627 421 1776 448 feudorum
1800 429 1851 455 per
1871 429 2025 448 commune
2048 421 2166 449 Velletri
2188 423 2314 450 indebite

1304 473 1518 505 occupatorum.
1535 472 1633 505 (Anca.
1652 470 1751 496 Vane.
1766 470 1847 496 Arm.
1865 477 1932 500 x111,
1950 478 2028 505 caps.
2046 478 2088 502 vt,
2106 477 2138 497 n⁰
2152 471 2211 504 42.)

1339 570 1354 586 «
1371 561 1400 587 ln
1415 561 1531 588 nomine
1544 560 1668 587 Domini.
1684 562 1786 588 Amen.
1799 562 1880 587 Anno
1895 560 2024 596 ejusdem
2040 562 2230 595 MecoLxlffl,
2246 571 2314 596 pon-

1304 610 1429 636 titicatus
1456 609 1566 637 domini
1589 609 1696 637 Urbani
1721 609 1769 636 llll
1791 617 1863 645 pape
1879 617 1955 637 anuo
1971 610 2067 641 tertio,
2090 610 2247 638 indictione
2267 619 2315 643 vu,

1304 666 1403 686 11101150
1425 658 1511 694 junii,
1536 659 1582 685 die
1604 667 1630 693 v,
1648 667 1712 685 cum
1737 658 1910 685 venerabilis
1941 661 2022 693 puter
2045 659 2180 686 dominus
2207 660 2314 693 Lando,

1302 707 1452 742 episcopus
1471 707 1647 741 Anagninus,
1668 710 1693 734 et
1713 707 1848 734 dominus
1860 706 2005 738 Nicolaus,
2019 715 2106 742 nepos
2118 707 2210 735 felicis
2221 717 2315 736 recor-

1303 756 1428 782 dationis
1444 755 1555 782 domini
1572 756 1602 782 G.
1622 764 1704 790 pape,
1722 755 1831 782 domini
1848 764 1920 790 pape
1941 756 2133 783 subdiaconus
2148 759 2177 784 et
2193 757 2316 791 capella-

1304 813 1368 839 nus,
1395 805 1519 832 discreto
1544 805 1605 831 viro
1629 805 1746 831 domino
1770 805 1854 832 Petro
1879 806 1914 831 de
1939 805 2050 836 Martia,
2075 805 2316 840 archipresbitero

1304 854 1423 881 ecclesie
1442 863 1465 881 s.
1480 853 1618 880 lobannis
1631 854 1664 880 de
1681 854 1753 880 Duce
1765 854 1926 889 Anagnino,
1941 854 1998 881 suis
2016 854 2120 881 litteris
2141 855 2273 882 dederint
2288 855 2316 882 in

1304 904 1448 930 mandatis
1469 906 1497 930 et
1513 903 1685 930 auctoritato
1703 903 1866 930 litterarum
1887 903 2034 937 papalium
2057 912 2112 938 qua
2129 903 2184 938 ipsi
2207 904 2316 931 domini

1303 952 1508 987 fungebantur,
1524 955 1551 979 111
1563 952 1618 979 1101
1631 953 1824 987 personaliter
1835 955 1862 979 ct
1872 952 2032 979 investiret.
2046 973 2052 978 .
2073 952 2265 980 castellanum
2282 954 2317 981 dc

1303 1002 1435 1033 Lariano,
1450 1001 1566 1028 nominc
1585 1010 1667 1028 rocce
1685 1001 1774 1035 ipsius
1789 1001 1888 1032 castri,
1904 1003 1931 1028 01
1948 1002 1975 1028 111
1994 1001 2208 1036 possessionem
2220 1001 2316 1036 ipsum

1303 1050 1451 1078 induceret
1471 1051 1506 1077 (10
1536 1050 1627 1077 feudis
1649 1051 1796 1085 occupatis
1819 1059 1869 1085 per
1896 1058 2049 1077 commune
2068 1050 2187 1078 Velletri
2205 1058 2316 1078 necnon

1302 1102 1330 1126 et
1346 1099 1531 1134 quamplures
1547 1100 1619 1126 alias
1636 1099 1775 1134 speciales
1792 1108 1930 1134 personas
1947 1099 2071 1126 civitatis
2090 1100 2232 1136 ejusdem,
2250 1108 2316 1127 cum

1298 1148 1411 1185 juribus
1432 1151 1459 1175 01
1479 1149 1663 1183 pertinentiis
1679 1150 1837 1176 eorundem
1854 1149 2016 1182 feudorum,
2035 1149 2113 1176 idem
2125 1149 2316 1184 archipresbi-

1303 1199 1346 1224 ter
1362 1198 1389 1224 in
1404 1197 1549 1232 presentia
1565 1197 1621 1224 mei
1637 1198 1743 1232 Magni,
1763 1198 1869 1225 notarii
1891 1198 2048 1233 Anagnini,
2067 1201 2093 1225 01
2108 1198 2228 1225 testium
2247 1199 2318 1225 sub-

1303 1246 1477 1280 scriptorum
1494 1247 1529 1273 ad
1547 1246 1599 1273 hoc
1618 1246 1784 1281 specialiter
1801 1250 1968 1274 vocatorum
1987 1249 2014 1274 ct
2037 1250 2215 1282 rogatorum,
2232 1255 2318 1275 acce-

1301 1296 1371 1322 dens
1387 1296 1575 1330 personaliter
1591 1296 1627 1322 ad
1650 1296 1745 1322 locum
1764 1296 1939 1330 predictum,
1960 1296 2107 1324 investivit
2127 1297 2318 1331 corporaliter

1303 1346 1331 1371 et
1348 1345 1376 1371 in
1393 1345 1607 1379 possessionem
1625 1344 1734 1371 induxit
1752 1345 1903 1371 dominum
1921 1345 2108 1372 Thomusium
2124 1345 2316 1373 Cavalcasolis

1303 1393 1520 1421 vicecomitem.
1540 1414 1546 1420 .
1563 1394 1733 1421 castellanie
1750 1402 1800 1421 seu
1816 1402 1896 1421 10000
1914 1395 2040 1429 predicte
2058 1398 2085 1422 et
2098 1399 2317 1430 procuratorem

1303 1443 1338 1468 ad
1358 1442 1411 1470 hoc
1441 1451 1490 1477 per
1517 1442 1606 1477 ipsius
1623 1451 1705 1470 rocce
1721 1443 1913 1470 castellanum
1931 1444 2095 1478 specialiter
2111 1444 2316 1478 constitutum,

1303 1494 1331 1518 ut
1347 1499 1396 1526 per
1410 1500 1466 1523 me,
1485 1492 1621 1526 Magnum
1636 1491 1794 1525 notarium,
1812 1492 1969 1519 manifeste
1989 1494 2109 1528 apparet
2127 1494 2161 1520 de
2177 1501 2317 1528 procura—

1302 1541 1376 1568 torio
1391 1541 1583 1575 procuratoris
1610 1541 1752 1576 ejusdem,
1770 1542 1805 1568 de
1823 1542 1947 1576 quadam
1962 1541 2035 1569 silva
2052 1545 2079 1569 et
2100 1545 2180 1570 terra
2195 1543 2316 1577 inculta,

1302 1590 1406 1625 positis
1424 1590 1451 1616 in
1471 1591 1540 1624 pede
1560 1590 1664 1617 casalis
1677 1590 1807 1623 Rolandi,
1820 1591 1902 1626 juxta
1920 1590 2063 1618 fossatum
2077 1599 2149 1626 aque
2165 1591 2316 1625 Palumbe‚

1297 1637 1379 1672 juxta
1393 1637 1496 1664 silvam
1510 1638 1661 1672 antiquam
1677 1639 1710 1665 dc
1726 1639 1851 1665 Velletro
1862 1641 1889 1666 et
1901 1638 1983 1674 juxta
1996 1639 2068 1666 alios
2085 1647 2151 1666 suos
2167 1639 2249 1666 fines.

1337 1691 1410 1718 ltcm
1430 1691 1541 1718 induxit
1557 1691 1632 1718 idem
1647 1711 1653 1717 .
1669 1711 1674 1717 .
1693 1692 1920 1727 archipresbiter
1933 1694 2056 1720 eundem
2069 1715 2075 1720 .
2093 1716 2098 1720 .
2113 1693 2315 1721 vicecomitem

1301 1742 1329 1766 01
1358 1743 1586 1775 procuratorem,
1612 1741 1728 1767 nomine
1745 1741 1813 1768 dicti
1830 1741 1984 1769 castellani
2001 1750 2051 1769 scu
2068 1751 2148 1770 rocce
2163 1743 2315 1779 jamdicto,

1300 1790 1333 1816 dc
1350 1790 1473 1823 quadam
1494 1792 1571 1816 terra
1590 1789 1750 1817 laborativa
1769 1790 1797 1817 in
1817 1799 1872 1825 qun
1891 1794 1952 1818 erat
1968 1790 2160 1826 frumentum,
2178 1792 2272 1827 posita
2287 1795 2316 1820 in

1299 1840 1447 1865 contracta
1472 1847 1524 1873 que
1551 1838 1656 1866 dicitur
1680 1840 1777 1866 Sancti
1804 1840 1911 1867 Vecchi.
1933 1840 2017 1867 Fines
2038 1840 2127 1876 ipsius
2151 1844 2228 1868 terre
2249 1845 2315 1869 511111

1299 1895 1343 1914 res
1373 1888 1471 1914 Jacobi
1498 1888 1625 1922 Rogerii,
1653 1896 1698 1914 res
1730 1889 1868 1915 Joliannis
1901 1891 1928 1916 01
1961 1897 2006 1916 res
2037 1890 2176 1917 Leonardi
2205 1891 2316 1918 Gavac-

1297 1936 1375 1967 turii,
1397 1945 1483 1971 quam
1516 1940 1623 1964 terram
1652 1940 1740 1969 tenet,
1772 1939 1801 1964 111
1821 1938 1939 1969 (11011111,
1961 1939 2104 1973 Nycolaus
2127 1939 2256 1967 Tinotius
2280 1941 2314 1967 de

1298 1986 1436 2012 Vellctro.

1333 2038 1406 2065 Item
1429 2039 1537 2066 induxit
1554 2039 1582 2065 in
1598 2030 1777 2074 corporalem
1795 2040 2009 2074 possessionem
2025 2041 2102 2068 idem
2120 2041 2314 2076 archipresbi-

1297 2089 1341 2113 ter
1361 2087 1562 2114 vicecomitem
1577 2090 1603 2114 et
1622 2091 1838 2122 procuratorem
1854 2088 2010 2123 prefatum,
2028 2089 2146 2118 nomine
2161 2091 2313 2118 castellani

1298 2136 1425 2170 predicte
1447 2144 1495 2163 seu
1515 2145 1595 2164 roece
1610 2137 1731 2171 pretate,
1747 2138 1781 2164 (10
1796 2138 1920 2172 quadam
1937 2141 2014 2165 terra
2034 2139 2128 2173 posita
2144 2139 2172 2166 in
2189 2140 2250 2168 loco
2265 2141 2312 2176 qui

1296 2185 1401 2212 dieitur
1432 2186 1518 2213 Vallis
1538 2187 1728 2217 Abatumorzte,
1747 2195 1833 2221 quam
1848 2189 1925 2214 tenet
1945 2188 2077 2214 dominus
2102 2189 2264 2223 liudulphus
2277 2191 2312 2217 de

1297 2234 1510 2262 Montet‘ortiuo.
1541 2234 1625 2261 Fines
1651 2234 1771 2262 heredes
1799 2236 1910 2263 domini
1940 2236 2078 2264 Joliannis
2103 2237 2257 2265 Theobaldi
2277 2239 2312 2266 de

1297 2284 1436 2317 Anagnia,
1466 2284 1586 2310 Jacobus
1605 2284 1714 2310 domini
1734 2285 1867 2316 Jonathe,
1896 2288 1921 2312 et
1949 2286 2072 2317 1111110111,
2089 2286 2234 2314 mediante
2256 2287 2311 2320 via,

1297 2332 1426 2359 Lotcrius
1443 2332 1531 2360 Petri.
1548 2332 1686 2359 Johannis
1703 2334 1829 2369 Gregorii
1844 2336 1871 2361 et
1887 2335 2038 2369 Gregorius
2054 2335 2201 2368 Nove-llus,
2213 2336 2242 2363 in
2257 2345 2311 2371 qua

1295 2381 1413 2415 quidem
1431 2381 1503 2408 valle
1520 2382 1613 2408 stabat
1629 2383 1759 2409 ordeum.

1332 2436 1422 2466 Quem
1447 2435 1648 2462 vicecomitem
1672 2439 1699 2463 01
1717 2439 1932 2470 procuratorem
1949 2437 2043 2464 dictus
2058 2438 2194 2466 dominus
2214 2439 2311 2466 archi—

1296 2484 1439 2519 presbiter
1454 2485 1486 2511 de
1499 2485 1636 2519 predictis
1650 2485 1720 2511 silva
1734 2488 1760 2511 et
1774 2486 1870 2518 terris,
1885 2486 2001 2513 nominc
2013 2487 2100 2521 ipsius
2112 2487 2264 2515 castellani
2277 2489 2312 2516 de

1296 2533 1417 2560 Lariano
1429 2536 1455 2560 et
1467 2542 1547 2560 rocce
1557 2533 1704 2561 investivit
1715 2543 1764 2561 5011
1774 2534 1869 2569 ipsum
1880 2535 1908 2561 in
1918 2536 2132 2570 possessionem
2143 2538 2311 2565 earumdem

1296 2590 1393 2609 rerum
1422 2582 1529 2609 induxit
1560 2583 1752 2617 personaliter
1773 2586 1801 2610 01
1830 2592 1880 2618 per
1895 2585 2024 2616 arbores,
2044 2588 2163 2618 terram,
2178 2585 2310 2619 herbam,

1295 2631 1472 2658 trumentum
1489 2634 1515 2658 et
1535 2633 1654 2658 ordeum
1669 2632 1813 2659 dicturum
1832 2633 1903 2660 silve
1919 2636 1946 2660 et
1958 2636 2100 2661 terrarum
2111 2634 2310 2664 intromittens

1293 2680 1381 2707 etiam
1399 2680 1491 2715 ipsum
1509 2681 1711 2708 vicecomitem
1725 2685 1750 2708 et
1768 2685 1986 2716 procuratorem
2005 2684 2034 2710 in
2052 2692 2096 2711 res
2112 2684 2242 2719 superius
2261 2693 2310 2712 no-

1293 2729 1430 2758 minatas.
1448 2730 1563 2756 nominc
1580 2738 1663 2757 rocco
1683 2733 1710 2757 01
1725 2731 1878 2758 castellani
1896 2732 2010 2766 prefati,
2030 2735 2092 2759 tam
2113 2741 2164 2768 pro
2180 2733 2250 2768 ipsis
2265 2741 2308 2761 re-

1293 2778 1342 2805 bus
1359 2787 1444 2813 quam
1464 2787 1513 2812 pro
1533 2779 1597 2806 aliis
1619 2780 1751 2807 omnibus
1775 2781 1859 2807 rebus
1877 2783 1904 2808 et
1929 2781 2032 2814 feudis,
2054 2783 2250 2816 spectantibus
2273 2782 2309 2810 ad

1291 2826 1383 2861 ipsam
1409 2835 1522 2854 roccam
1544 2829 1577 2854 dc
1602 2828 1735 2863 Lariano,
1753 2829 1900 2864 occupatis
1928 2838 1979 2864 per
2003 2838 2159 2858 commune
2182 2831 2307 2858 civitatis

1292 2875 1409 2903 Velletri
1427 2885 1476 2902 sen
1497 2877 1635 2911 speciales
1654 2886 1802 2912 personas,
1816 2886 1882 2906 cum
1897 2879 2155 2915 omnibusjuribus
2171 2883 2198 2907 et
2213 2879 2306 2914 perti-

1292 2925 1397 2952 nentiis
1416 2925 1486 2952 suis.

1290 2989 1295 2992 ·
1325 2979 1400 3006 Bona
1417 2986 1482 3006 vcro
1499 2982 1636 3014 occupata
1649 2988 1698 3007 seu
1714 2980 1797 3008 feuda
1814 2984 1880 3008 511111
1899 2980 1962 3015 1100,
1979 2984 2010 3008 111
2025 2981 2053 3009 111
2068 2982 2211 3010 sententia
2226 2990 2307 3011 reve·
