2519 3262
177 210 234 240 166

215 303 231 323 «
250 317 256 324 .
278 316 284 323 .
302 293 441 332 episcopo
457 289 624 321 Aniciensi.
642 289 824 328 Cupientes
844 287 1060 318 Aniciensem
1078 286 1180 316 eccle-

176 346 260 377 siam
287 356 305 376 a
329 345 518 375 debitorum
548 351 647 373 onere
666 350 731 380 quo
749 341 897 381 graviter
921 339 1026 379 premi
1046 339 1181 373 dicitur,

175 399 332 435 relevari,
359 397 557 428 auctoritate
583 395 644 426 tibi
675 394 885 433 presentium
908 393 1124 431 indulgemus
1148 394 1184 422 ut

174 452 360 491 prioratum
388 451 428 480 de
448 449 564 480 Calma
580 458 654 478 cum
674 448 824 486 prioratu
842 447 882 477 ‹le
896 446 1030 477 Saliens
1044 444 1108 475 sibi
1128 453 1184 474 an-

175 513 272 542 nexu,
291 505 331 534 ad
350 502 591 534 monasterium
611 502 695 531 Case
711 500 785 536 Dei,
806 500 936 530 ordinis
954 499 1060 529 sancti
1080 499 1184 528 Bene—

174 558 267 593 dicti,
307 555 597 587 Claromontensis
629 554 786 589 diocesis,
823 553 1060 592 pertinentem,
1083 559 1181 590 quem

175 610 398 649 promotionis
428 610 483 639 tue
505 610 654 646 tempore
675 605 863 641 obtinebas,
884 605 997 644 possis
1014 612 1121 642 usque
1143 602 1184 632 ad

175 663 422 702 beneplacitum
450 662 601 691 nostrum
622 668 687 690 una
703 668 776 689 cum
797 658 992 697 episcopatu
1011 656 1183 687 Aniciensi

175 716 266 747 licite
283 715 438 749 retinere,
457 722 522 744 non
540 713 693 744 obstante
708 730 757 741 —.
773 711 867 742 Nulli
885 719 963 750 ergo
979 711 1092 740 nostre
1108 717 1184 739 cor.-

175 769 339 800 cessionis
372 769 433 798 etc.
458 767 582 797 Datum
611 765 699 804 apud
731 764 1020 797 Urbemveterem,
1047 772 1096 792 ιιιι
1126 761 1184 791 ka-

174 822 292 853 lendas
307 820 478 855 februarii,
495 828 581 850 anno
599 818 711 849 tertio.
730 826 746 847 »

709 992 835 1026 Orvieto,
853 992 887 1019 29
901 991 1014 1027 janvier
1034 990 1111 1018 1264.

267 999 283 1029 1
292 998 363 1029 290

212 1082 352 1108 Abbatem
373 1080 602 1107 Athanacensem
619 1078 838 1113 Lugdunensem
855 1075 981 1111 ιιι-313133
1001 1073 1186 1110 indulgentia}

177 1132 409 1158 conservatorem
427 1130 553 1164 deputat.
574 1128 652 1163 (Bm.
671 1127 715 1160 29,
735 1126 783 1153 sol.
807 1126 866 1159 108,
884 1132 914 1152 no
933 1125 1008 1158 320.)

218 1253 233 1269 «
253 1265 260 1271 .
282 1264 288 1270 .
307 1241 410 1270 abbati
436 1239 642 1270 Athanacensi
661 1238 868 1278 Luydmzeusi.
896 1237 1078 1275 Cupientes
1106 1235 1185 1266 Ani-

178 1296 325 1326 ciensem
342 1294 518 1325 ecclesiam
537 1294 612 1328 eto,
639 1294 675 1323 ut
698 1300 800 1331 supra
828 1292 860 1321 in
885 1290 1051 1329 proxima,
1073 1288 1186 1319 verbis

177 1348 406 1387 competenter
426 1347 577 1383 mutatis,
596 1354 703 1385 usque
719 1345 857 1375 differri.
872 1344 1036 1380 Quocirca
1052 1342 1187 1373 manda-

177 1410 253 1432 mus
283 1401 449 1440 quatenus
479 1408 536 1438 per
566 1400 598 1429 te
626 1398 679 1428 vel
706 1407 765 1437 per
794 1397 897 1427 alium
917 1405 976 1426 seu
993 1395 1079 1426 alios
1096 1395 1185 1425 dicto

177 1454 333 1493 episcopo
350 1452 452 1483 facias
468 1453 650 1491 proventus
667 1451 831 1481 dictorum
847 1450 1071 1488 prioratuum,
1089 1448 1187 1487 juxta

177 1507 370 1546 hujusmodi
385 1505 616 1535 concessionis
635 1506 749 1534 nostre
768 1505 931 1538 tenorem,
949 1502 1077 1540 integre
1095 1500 1186 1531 exhi—

177 1560 260 1590 beri.
293 1559 565 1590 Contradictores
594 1559 654 1588 etc.
688 1565 794 1596 usque
822 1555 1077 1594 compescendo.
1110 1554 1185 1584 Non

178 1613 331 1644 obstante
353 1613 381 1642 si
399 1611 570 1650 aliquibus
589 1611 674 1650 quod
700 1609 997 1645 excommunicari,
1024 1608 1185 1647 suspendi

178 1667 229 1697 vel
246 1666 399 1696 interdici
413 1674 477 1695 non
491 1665 623 1703 possint
635 1673 652 1694 a
663 1664 740 1694 sede
751 1662 937 1702 apostolica
950 1662 993 1691 sit
1004 1661 1185 1691 indultum.

180 1720 303 1750 Datum
333 1719 420 1757 apud
449 1718 737 1751 Urbemveterem‚
758 1726 808 1746 ιιιι
831 1716 994 1746 kalendas
1012 1714 1186 1750 februarii,

180 1782 265 1804 auno
286 1773 396 1803 tertio.
414 1782 428 1801 ))

740 1953 864 1983 Orvieto‚
882 1952 898 1978 *2
914 1951 1018 1978 t'evrier
1040 1951 1116 1978 12131.

272 1956 362 1987 1291

218 2038 371 2073 l‘ra‘posito
389 2041 417 2065 et
434 2037 558 2072 capitulo
580 2036 707 2063 ecclesizv„
728 2046 750 2062 s,
773 2036 904 2070 Prospcri
926 2035 1040 2069 Reginae
1062 2035 1187 2068 indulget

181 2090 207 2114 ut
228 2088 342 2114 Petrum
361 2088 394 2113 de
408 2086 501 2113 l‘Inizo
517 2086 715 2120 presbyterum
731 2085 758 2111 in
773 2085 942 2111 canonicum
959 2092 1024 2111 cum
1046 2086 1190 2118 exspecta-

181 2137 256 2164 tione
276 2136 436 2170 prmbenda¹
454 2134 580 2170 recipere
598 2135 722 2161 valeant.
746 2134 824 2168 (Rau.
844 2134 888 2163 29,
908 2133 955 2160 sol.
985 2134 1043 2163 108,
1069 2138 1098 2158 n⁰
1113 2132 1191 2165 341.)
1219 2161 1220 2168 ἵ

222 2261 236 2280 (ι
256 2274 261 2280 .
280 2249 455 2290 ,preposito
472 2252 499 2277 et
516 2247 652 2288 capitulo
664 2246 782 2276 ecclesie
793 2245 891 2275 sancti
905 2245 1050 2285 Prosperi
1065 2244 1188 2283 Reqinae‘.

182 2305 231 2338 Ex
253 2305 345 2342 parte
369 2304 481 2333 vestra
504 2301 567 2331 fuit
590 2300 687 2331 nobis
706 2299 881 2330 humiliter
897 2298 1123 2337 supplicatum
1141 2299 1189 2332 ut,

182 2366 256 2388 cum
274 2357 403 2387 ecclesa
430 2357 554 2391 vestra,
577 2354 787 2384 sacerdotum
807 2352 997 2382 ministerio
1016 2351 1189 2381 destituta.

183 2411 348 2441 defectum
362 2409 508 2448 patiatur
520 2417 585 2438 non
602 2407 771 2438 modicum
789 2407 822 2436 in
840 2405 966 2436 divinis
981 2406 1012 2435 et
1029 2404 1189 2434 dilectum

183 2464 291 2494 silium
320 2463 456 2493 Petrum
485 2462 525 2492 (le
551 2461 668 2491 Pinizo
689 2459 928 2499 presbiterum,
949 2458 1057 2498 quiin
1075 2457 1190 2487 eadem

184 2516 325 2548 ecclesia
351 2515 543 2554 frequenter
569 2514 728 2548 deservit,
756 2513 900 2543 libenter
928 2510 1125 2550 reciperetis
1158 2511 1190 2540 in

184 2569 380 2601 canonicum
405 2570 436 2598 et
455 2568 487 2597 in
505 2567 653 2603 fratrem,
671 2567 736 2597 nisi
754 2566 902 2597 obstaret
921 2565 1082 2595 statutum
1102 2564 1191 2603 quod

183 2622 315 2653 habetis
343 2622 382 2652 de
400 2622 489 2651 certo
513 2620 750 2650 canonicorum
770 2627 923 2655 numero,
945 2617 1137 2657 juramento
1161 2618 1192 2647 et

184 2675 438 2707 confirmatione
455 2674 546 2704 sedis
562 2673 745 2712 apostolice
759 2672 966 2705 roboratum,
985 2679 1059 2701 cum
1077 2670 1191 2700 nullus

184 2730 224 2760 de
241 2737 379 2759 numero
399 2728 472 2766 ipso
489 2727 587 2762 desit,
603 2726 787 2765 recipiendi
802 2725 945 2756 eundem
963 2723 1189 2763 presbiterum

186 2783 218 2813 in
236 2783 310 2821 ipsa
328 2780 470 2812 ecclesia
488 2780 521 2809 in
540 2780 737 2810 canonicum
761 2781 792 2809 et.
814 2779 846 2808 in
872 2778 1009 2808 fratrem
1030 2778 1062 2807 et
1080 2777 1191 2816 provi-
1221 2802 1222 2808 ,

184 2835 283 2866 dendi
302 2835 410 2865 eidem
427 2833 466 2863 de
478 2832 658 2872 prebenda,
678 2833 706 2862 si
725 2841 791 2871 qua
808 2834 903 2863 vacat
920 2831 1046 2861 ibidem
1065 2830 1105 2860 ad
1122 2839 1191 2869 pre·

186 2898 264 2920 sens
282 2888 333 2918 vel
350 2886 600 2927 quamprimum
620 2886 660 2915 ad
678 2885 709 2915 id
727 2885 884 2916 obtulerit
902 2893 938 2915 se
957 2884 1109 2919 taculum,
1128 2886 1190 2914 sta—

928 198 1171 232 REGiS'IRES
1202 197 1418 230 D'URBAIN
1449 197 1506 227 IV.

1238 286 1310 315 tuto
1323 292 1388 313 non
1402 282 1556 313 obstante
1569 282 1731 321 predicto,
1743 281 1839 312 vobis
1852 281 2025 312 licentiam
2035 281 2249 321 largiremur.

1238 337 1309 367 Nos
1326 336 1440 375 igitur,
1459 335 1582 366 vestris
1593 333 1903 373 supplicationibus
1921 334 2088 369 inclinati,
2107 334 2250 365 faciendi

1238 389 1400 428 predicta,
1435 388 1628 427 hujusmodi
1668 388 1794 417 statuto
1832 395 2045 426 nequaquam
2083 387 2249 425 obstante,

1239 442 1382 472 liberam
1408 441 1504 472 vobis
1529 441 1726 471 auctoritate
1746 440 1955 480 presentium
1973 440 2189 470 concedimus
2208 440 2253 470 fa-

1239 496 1410 529 cultatem,
1431 496 1556 525 statuto
1582 495 1655 533 ipso
1675 495 1751 533 post
1768 493 1994 532 receptionem
2020 493 2130 532 ipsius
2149 493 2250 523 nichi-

1240 548 1388 579 lominus
1406 547 1438 577 in
1457 556 1517 578 suo
1533 547 1651 578 robore
1669 547 1843 576 duraturo.
1862 546 1986 576 Datum
2005 546 2095 585 apud
2112 545 2251 577 Urbem-

1239 603 1399 638 veterem,
1422 610 1443 630 ιι
1463 609 1568 631 nonas
1586 599 1760 635 februarii,
1779 608 1865 629 anno
1884 599 1996 630 tertio.
2018 608 2033 628 ))

1334 769 1429 800 1292

1783 766 1908 798 OrvietO,
1922 767 1952 793 31
1970 765 2083 801 janvier
2102 765 2179 792 1201.

1276 852 1447 884 Gilbertum,
1461 852 1587 887 priorem
1600 851 1729 878 ecclesia¹
1740 859 1762 877 s.
1778 850 1928 877 Trinitatis
1943 849 2162 880 Londoniensis,
2180 849 2254 876 ordi·

1240 901 1285 928 nis
1302 910 1324 928 s.
1344 901 1507 936 Augustini,
1526 901 1644 927 obtentu
1661 902 1705 932 A„
1719 899 1795 926 tituli
1814 908 1837 926 s.
1864 899 1999 926 praxedis
2015 898 2175 933 presbyteri
2193 906 2254 925 car-

1241 950 1357 981 dinalis,
1384 950 1566 985 capellanum
1584 948 1775 984 apostolicum
1797 948 1941 975 nominat.
1957 948 2040 981 (Rae.
2057 948 2102 981 29,
2125 947 2174 974 sol.
2192 947 2254 979 108,

1241 1005 1270 1025 n⁰
1285 999 1361 1034 342.)

1283 1116 1297 1135 t(
1316 1104 1463 1140 Gilberlo‚
1480 1104 1582 1144 priori
1595 1103 1715 1133 ecclesie
1732 1107 1833 1132 sancte
1847 1102 2008 1131 Trinitatis
2021 1101 2253 1138 Londoniensis,

1242 1157 1361 1188 ordinis
1380 1158 1477 1186 sam-ti
1499 1156 1678 1197 Auqustini.
1701 1156 1881 1192 Quoniam,
1901 1155 1987 1185 sicut
2006 1155 2254 1194 lidedignorum

1242 1211 1438 1242 testimonia
1451 1212 1694 1249 protestantur,
1713 1218 1778 1240 non
1796 1209 1906 1240 solum
1918 1209 2052 1248 generis
2072 1210 2102 1239 et
2119 1210 2254 1238 tuorum

1243 1264 1415 1298 nobilitas,
1434 1272 1550 1294 verum
1569 1263 1669 1294 etiam
1689 1263 1880 1293 litterarum
1893 1262 2033 1292 seientia
2051 1262 2156 1301 gratie
2180 1269 2254 1291 nos-

1242 1320 1293 1348 tre
1324 1316 1497 1347 favoribus
1526 1319 1558 1347 te
1588 1317 1754 1355 coaptant,
1775 1324 1847 1350 nos,
1866 1315 1923 1354 qui
1942 1314 2040 1345 bonis
2056 1314 2254 1345 benefacere

1243 1372 1417 1410 ipsosque,
1433 1371 1469 1400 ut
1486 1370 1543 1400 alii
1561 1369 1601 1399 ad
1619 1370 1739 1399 decora
1756 1369 1951 1402 incitentur,
1969 1368 2090 1398 merito
2106 1367 2256 1406 disponi-

1243 1433 1320 1454 mus
1346 1424 1523 1457 honorare,
1548 1425 1579 1453 te
1601 1424 1738 1461 propter
1762 1422 1822 1451 hoc
1848 1423 1879 1451 et
1898 1421 2037 1451 obtentu
2055 1420 2170 1451 dilecti
2193 1420 2256 1450 filii

1242 1478 1349 1508 nostri
1361 1478 1415 1510 A.,
1428 1476 1519 1506 tituli
1532 1485 1558 1505 s.
1575 1475 1738 1505 Praxedis
1754 1474 1935 1514 presbiteri
1947 1474 2141 1509 cardinalis,
2159 1473 2257 1504 nobis

1244 1539 1303 1569 pro
1322 1532 1352 1561 te
1371 1530 1547 1560 humiliter
1565 1529 1801 1568 supplicantis,
1816 1528 1850 1558 in
1864 1529 2018 1558 nostrum
2044 1527 2256 1566 capellanum

1243 1584 1429 1623 recipimus
1446 1584 1479 1613 et
1495 1582 1747 1621 capellanorum
1763 1583 1956 1612 nostrorum
1971 1581 2126 1611 societati
2143 1582 2174 1610 et
2194 1580 2258 1611 col-

1243 1638 1332 1676 legio
1350 1645 1582 1676 aggregamus.
1597 1635 1635 1665 In
1652 1636 1749 1674 cujus
1763 1634 2257 1672 reievidentiam‚tibipresen-

1246 1693 1297 1721 tes
1316 1691 1449 1721 litteras
1477 1690 1639 1720 duximus
1664 1689 1907 1720 concedendas.
1933 1688 2058 1718 Datum
2083 1687 2172 1726 apud
2195 1688 2258 1718 Ur-

1245 1744 1488 1780 bemveterem,
1509 1752 1529 1772 ιι
1546 1742 1710 1773 kalendas
1729 1741 1903 1778 februarii,
1922 1750 2008 1772 anno
2030 1741 2142 1771 tertio.
2163 1749 2178 1769 ι)

1792 1908 1917 1939 orviem,
1935 1907 2088 1943 31janvier
2105 1908 2184 1935 1204.

1339 1913 1434 1943 1293

1282 2000 1451 2034 Magistrum
1470 1999 1559 2025 Adam
1576 1999 1609 2024 de
1626 1996 1833 2023 Kirkuchbrieh
1848 1996 1875 2023 in
1889 1996 2102 2031 capellanorum
2120 1997 2257 2031 apostossi-

1245 2057 1343 2076 corum
1360 2048 1503 2075 consortio
1519 2046 1656 2074 admittit.
1674 2046 1754 2080 tltizu.
1774 2046 1817 2072 20-
1837 2045 1858 2071 s⁰
1878 2046 1936 2075 108,
1966 2050 1997 2071 11⁰
2011 2045 2080 2079 3433
2099 2045 2257 2077 ΡοττιιΑετ,

1248 2097 1356 2131 18791.)

1288 2218 1302 2237 ι(
1325 2207 1473 2246 ,ὶΙαῃῖείνυ
1487 2205 1553 2236 Λεία
1574 2205 1610 2235 (le
1626 2204 1862 2240 Kirkuchbrich,
1881 2205 1992 2234 reflari
2005 2203 2125 2233 ecclesie
2138 2203 2174 2233 de
2187 2203 2256 2233 Bul-

1248 2267 1325 2294 lmoe,
1344 2259 1538 2298 Glasyuensis
1561 2258 1699 2288 ‹Iiocesis
1715 2258 1874 2292 Seientia,
1892 2266 2003 2287 mores
2017 2259 2048 2287 et
2065 2275 2113 2285 —.
2134 2257 2258 2287 Datum

1247 2314 1335 2353 apud
1368 2313 1657 2346 Frbemoeterem,
1699 2321 1719 2340 ιι
1764 2311 1927 2340 kalendas
1958 2310 2131 2345 februarii,
2170 2318 2257 2340 anno

1247 2367 1358 2398 tertio.
1387 2376 1402 2395 »

1342 2543 1435 2574 1294
1788 2540 1912 2570 Orrieto,
1936 2540 1966 2567 13
1985 2539 2090 2566 sevrier
2112 2539 2188 2566 lssssl.

1284 2627 1394 2653 Decano
1410 2625 1539 2653 ecclesiae
1556 2625 1713 2652 Palentinm
1733 2625 1849 2651 mandat
1866 2627 1893 2651 ut
1909 2623 2082 2658 magistrum
2098 2623 2259 2650 Cetei-rium

1249 2675 1406 2709 Yspanum,
1423 2674 1616 2709 presbiterum
1631 2677 1658 2701 et
1671 2673 1852 2708 capellanum
1865 2673 1893 2699 l‘.
1903 2693 1908 2699 .
1919 2673 2049 2707 germani
2064 2673 2142 2707 regis
2154 2672 2261 2699 Castel-

1248 2724 1290 2750 luc
1301 2733 1332 2751 ac
1347 2723 1492 2759 Legionis,
1506 2722 1662 2750 iueeclesiu
1675 2722 1823 2749 Palentina
1836 2721 1922 2748 faeiat
1938 2722 2025 2756 recipi
2039 2722 2066 2748 in
2076 2721 2259 2755 canonicum,

1247 2781 1312 2799 cuin
1334 2773 1547 2807 exspectatione
1565 2772 1734 2806 prwbeudae.
1749 2772 1827 2805 (nso.
1844 2771 1888 2802 29,
1906 2770 1953 2797 sol.
1977 2771 2024 2799 108
2042 2775 2082 2798 v0.
2102 2773 2133 2796 11⁰
2149 2770 2225 2801 345.)

1290 2894 1305 2912 ι(
1325 2906 1331 2912 .
1349 2907 1354 2912 .
1375 2882 1486 2913 decano
1502 2880 1622 2911 ecclesie
1640 2880 1808 2910 Potentiae.
1827 2879 1996 2910 Dilectum
2012 2878 2119 2909 silium
2135 2879 2260 2918 magis-
