2519 3262
1077 186 1315 225 TROISIEME
1343 187 1506 224 ANNEE.

343 280 438 311 1205

794 278 919 311 Orvicto,
935 278 966 304 21
980 277 1092 312 janvicr
1112 278 1189 304 1204.

285 364 397 390 Decano
413 362 550 397 Burgensi
570 363 687 389 mandat
711 364 740 389 ut
760 363 887 393 Petrum,
915 361 1089 395 magistrum
1110 361 1265 392 scolarum,

251 413 280 439 in
298 411 419 439 ccclesia
436 411 634 438 Salamantina
660 411 687 437 in
703 411 872 437 canonicum
895 409 983 443 recipi
1001 409 1096 436 faciat.
1123 410 1202 440 11100.
1221 410 1265 441 29,

252 458 300 486 t'ol.
323 460 368 491 92,
385 466 416 486 11ο
430 461 505 492 253.)

293 580 309 600 (1
329 593 349 600 ..
369 569 480 599 decano
503 569 665 609 Burqensi,
688 568 848 608 capellano
870 573 982 597 nostro.
1011 567 1115 599 Sedes
1133 568 1264 606 aposto-

253 622 318 653 lica
336 622 477 661 provide
495 640 542 651 -.
579 622 702 652 Datum
722 621 811 660 apud
831 621 1120 655 Urbemvetereim
1141 629 1182 650 x11
1211 620 1266 650 ka-

252 675 370 706 lendas
387 675 563 711 februarii,
582 683 668 705 anno
685 675 796 705 tertio.
819 683 835 703 »

344 889 440 920 1206

821 887 946 921 0111610,
963 888 1000 914 lcr
1015 887 1168 914 decembre
1187 888 1264 915 1263.

289 970 470 996 Provisiones
488 970 716 1003 praebendarum
729 970 790 1005 jain
810 971 899 997 factas
915 970 942 997 in
958 971 1079 998 ecclesia
1095 972 1266 1006 Legioncnsi

250 1019 285 1045 ad
302 1019 447 1045 senarium
458 1026 611 1045 numerum
623 1019 744 1046 reducit.
765 1019 842 1053 (Bm.
859 1020 903 1052 20,
922 1019 970 1046 sol.
986 1020 1031 1052 92,
1046 1020 1161 1055 110254.)

293 1144 308 1164 «
329 1158 347 1164 ..
371 1134 510 1174 episeopo
527 1133 718 1172 Leqionensi.
739 1134 790 1164 Ad
809 1134 1017 1164 audientiam
1035 1136 1187 1165 nostram
1196 1144 1268 1174 per-

252 1187 345 1217 venit
361 1187 451 1226 quod
468 1195 541 1223 nos,
557 1187 598 1216 ad
614 1186 767 1221 multam,
783 1187 818 1217 ut
837 1187 1019 1224 credimus,
1032 1188 1269 1226 importunita-

252 1241 321 1271 tem
337 1240 537 1279 petentium,
552 1248 612 1278 pro
630 1240 808 1270 duodecim
823 1241 979 1279 personis
996 1241 1049 1271 vel
1070 1241 1218 1280 amplius
1236 1244 1268 1272 et

253 1293 364 1324 felicis
381 1293 625 1323 recordationis
637 1293 833 1323 Alexander
846 1302 944 1332 papa,
956 1294 1176 1332 predecessor
1191 1303 1267 1325 nos-

253 1349 315 1382 ter,
337 1355 398 1385 pro
430 1346 587 1385 pluribus
620 1346 698 1376 aliis
724 1346 952 1377 diversimode.
975 1347 1216 1378 beneficiandis
1234 1348 1268 1378 in

253 1399 457 1439 Legionensi
482 1400 635 1435 ecclesia,
654 1401 725 1430 tum
751 1408 852 1439 super
875 1400 1099 1439 dignitatibus
1117 1401 1169 1431 vel
1195 1410 1268 1440 per-

254 1452 442 1489 sonatibus,
466 1454 538 1483 tum
561 1462 663 1492 super
688 1453 870 1492 prebendis
896 1454 948 1484 161
974 1454 1188 1492 portionibus
1212 1456 1268 1485 aut

253 1506 500 1545 prestimoniis,
518 1508 589 1536 tum
609 1506 711 1536 etiam
725 1515 827 1545 super
846 1507 1109 1537 commutatione
1128 1507 1269 1546 111311110-

253 1559 298 1589 113
316 1559 369 1589 vel
386 1560 590 1597 personatus
616 1559 766 1597 ejusdem
785 1559 937 1595 ecclesie,
959 1559 1132 1598 aliquibus
1152 1569 1267 1590 eorum

254 1612 467 1642 executorias
482 1621 542 1650 pro
574 1612 652 1641 aliis
672 1620 750 1642 1610
775 1612 1025 1650 deprecatorias
1046 1613 1097 1643 vel
1124 1613 1268 1644 monito-

254 1665 323 1695 rias
347 1667 377 1696 et
404 1673 478 1694 cum
505 1665 638 1696 decreto
665 1665 866 1703 quandoque
895 1665 1040 1695 dicimur
1064 1665 1198 1696 litteras
1222 1666 1269 1696 di-

254 1718 397 1754 rexisse,
417 1727 560 1757 quorum
585 1718 691 1756 aliqui
713 1720 802 1751 sunt,
830 1718 937 1748 adhuc
968 1720 1081 1749 tamen
1101 1718 1164 1748 sub
1196 1728 1269 1758 pre—

254 1771 441 1802 bendarum
458 1771 705 1810 expectatione,
726 1771 864 1809 recepti.
883 1771 953 1801 Nos
970 1772 1094 1810 itaque,
1115 1772 1268 1803 volentes

254 1825 394 1855 eandem
414 1824 593 1855 ecclesiam
612 1823 652 1854 ab
670 1823 866 1862 hujusmodi
886 1832 1028 1854 onerosa
1051 1825 1268 1855 multitudine

253 1878 415 1913 relevare,
441 1877 646 1907 fraternitati
677 1878 734 1907 tue
762 1877 964 1907 mandamus
983 1877 1155 1916 quatinus,
1178 1878 1269 1908 veris

253 1929 483 1961 existentibus
497 1929 714 1968 supradictis,
732 1931 863 1960 statuas
883 1930 1083 1960 auctoritate
1102 1932 1219 1961 nostra
1237 1933 1269 1962 et

254 1983 390 2013 ordines
409 1982 498 2021 quod
525 1990 586 2012 sex
618 1983 793 2013 dumtaxat
822 1982 862 2012 de
883 1982 1063 2021 premissis
1096 1983 1265 2020 omnibus,

254 2045 338 2075 quos
367 2036 476 2075 magis
506 2035 657 2075 ydoneos
686 2044 761 2066 esse
791 2036 1001 2075 cognoveris,
1019 2039 1269 2075 prosequantur

250 2089 306 2128 jus
319 2098 418 2119 suum
430 2098 489 2128 per
503 2088 699 2127 huiusmodi
713 2089 845 2119 litteras
859 2090 890 2118 et
906 2091 1102 2120 remaneant
1116 2090 1150 2119 in
1163 2090 1268 2120 eccle-

253 2143 304 2173 sia
325 2144 521 2179 memorata,
543 2142 590 2172 ita
620 2143 733 2172 tamen
758 2142 847 2181 quod
877 2142 990 2173 dilecti
1016 2143 1079 2172 filii
1107 2143 1269 2182 magister

253 2196 465 2233 Dominicus,
494 2196 658 2235 physicus
675 2197 706 2226 et
726 2195 920 2234 capellanus
936 2195 1049 2226 dilecti
1073 2196 1135 2226 filii
1161 2197 1268 2227 nostri

252 2249 297 2286 J.,
315 2249 423 2280 sancti
446 2249 580 2279 Nicolai
611 2249 645 2279 in
663 2249 803 2280 Carcere
827 2249 983 2279 Tulliano
1002 2249 1134 2280 diaconi
1163 2250 1269 2280 cardi-

254 2302 354 2339 nalis,
374 2304 406 2332 et
427 2303 615 2333 Rodericus
635 2302 774 2337 Sanctii,
794 2310 898 2340 nepos
917 2302 1031 2332 dilecti
1059 2302 1121 2333 filii
1147 2303 1268 2342 magis-

253 2355 298 2386 tri
321 2355 496 2391 Bernardi,
516 2355 682 2394 capellani
714 2355 833 2389 nostri,
866 2355 1092 2386 archidiaconi
1117 2356 1269 2395 ejusdem

255 2408 407 2444 ecclesie,
424 2408 481 2447 qui
496 2408 566 2447 jam
584 2407 631 2438 ibi
658 2408 783 2447 recepti
810 2408 978 2443 dicuntur,
999 2417 1127 2440 necnon
1147 2410 1269 2440 Petrus

254 2462 359 2498 Petri,
380 2463 578 2500 procurator
596 2465 686 2498 tuus,
704 2461 761 2500 qui
781 2461 911 2492 anobis
930 2471 1031 2501 super
1051 2463 1205 2501 portione
1222 2463 1270 2502 ip-

257 2516 331 2546 sius
346 2515 487 2546 ecclesie
505 2515 638 2545 litteras
653 2515 859 2554 impetravit,
872 2515 905 2545 in
921 2515 1116 2555 hujusmodi
1133 2517 1268 2547 senario

256 2577 398 2599 numero
421 2569 556 2607 penitus
574 2568 803 2604 includantur,
819 2569 1003 2599 decernens
1020 2570 1089 2599 tam
1108 2569 1270 2608 receptio-

256 2631 316 2653 nes
335 2622 492 2659 aliorum,
513 2622 570 2660 qui
601 2622 670 2660 jam
703 2624 781 2652 sunt
805 2622 850 2652 ibi
877 2623 1014 2661 recepti,
1047 2631 1148 2661 quam
1167 2623 1268 2654 etiam

256 2685 374 2707 omnes
397 2676 530 2706 litteras
552 2685 617 2706 non
650 2678 863 2714 receptorum
894 2676 977 2705 inibi
1006 2685 1108 2715 super
1134 2676 1271 2715 quibus-

257 2738 401 2768 cumque
429 2728 683 2768 provisionibus
704 2729 754 2759 161
779 2729 1040 2759 commutatione
1068 2731 1100 2760 et
1124 2738 1165 2759 ex
1193 2738 1270 2768 qua-

258 2792 400 2821 cumque
419 2791 520 2813 60030
539 2782 693 2813 0111611103
714 2791 732 2811 0
750 2781 846 2812 nobis
874 2782 926 2811 vel
952 2782 1069 2812 eodem
1095 2783 1269 2821 predeces-

259 2844 333 2866 sore
350 2836 383 2865 in
400 2836 517 2866 eadem
533 2836 686 2871 ecclesia,
705 2835 946 2873 cujuscumque
963 2836 1091 2865 tenoris
1108 2836 1268 2872 existant,

258 2889 360 2919 etiam
379 2889 406 2919 si
427 2891 515 2920 esset
539 2898 654 2919 earum
679 2889 876 2919 auctoritate
896 2889 936 2918 ad
960 2888 1195 2919 inhibitionem
1216 2889 1268 2919 vel

2280 205 2335 233 143

1321 277 1587 307 reservationem
1627 287 1686 308 seu
1724 280 1897 310 decretum
1932 281 1984 311 vel
2022 282 2087 312 alio
2124 292 2334 324 quocumque

1321 330 1419 360 modo
1436 339 1646 369 processum,
1663 332 1728 361 nisi
1745 332 1829 363 forte
1844 342 1903 371 per
1918 342 1974 363 eas
1993 337 2105 365 essent
2124 336 2228 374 aliqui
2242 339 2335 368 01166-

1319 384 1391 412 tum
1417 383 1569 413 debitum
1599 385 1782 422 consecuti,
1813 387 1949 417 omnino
1973 387 2089 418 irritas
2110 390 2140 418 et
2162 389 2280 419 inanes
2298 400 2334 421 ac

1320 436 1450 465 nullius
1469 436 1616 467 existere
1644 438 1828 469 firmitatis.
1856 439 1939 469 Illos
1966 449 2099 479 quoque
2127 442 2168 471 ad
2194 451 2279 480 quos
2302 444 2335 473 in

1320 488 1395 527 ipsa
1413 489 1554 519 ecclesia
1569 489 1817 528 prebendarum
1838 492 1890 521 161
1908 492 2100 531 11011101111111
2120 496 2179 523 aut
2194 495 2335 533 dignita-

1319 542 1391 571 tum
1408 542 1460 572 vel
1477 544 1721 581 personatuum
1734 544 1870 575 collatio
1882 546 2039 584 pertinet,
2052 547 2093 576 ad
2106 548 2335 585 provisionem

1321 594 1441 624 talium
1458 597 1490 625 et
1519 595 1559 625 ad
1589 595 1860 628 observationem
1887 607 2177 638 quarumcumque
2204 604 2335 631 senten-

1320 647 1445 677 tiarum
1471 657 1555 687 quas
1586 650 1701 679 contra
1725 649 1786 680 hoc
1808 650 1888 680 ferri
1916 652 2135 691 contingeret,
2158 653 2337 684 denunties

1321 700 1539 739 aliquatenus
1571 710 1637 731 non
1670 702 1789 732 teneri.
1818 703 2092 735 Contradictores
2124 707 2187 736 etc.
2229 715 2336 745 usque

1320 755 1575 792 compescendo.
1595 755 1763 785 Nolumus
1790 757 1902 787 tamen
1930 758 2019 795 quod
2050 767 2108 796 per
2142 758 2336 797 hujusmodi

1320 806 1453 837 litteras
1480 808 1615 838 dilectis
1646 808 1728 838 tiliis
1758 809 1858 839 Petro
1887 810 2069 844 Dominici,
2100 812 2335 842 archidiacono

1321 859 1431 898 ipsius
1449 860 1604 896 ecclesie,
1625 861 1800 900 capellano
1818 862 1932 892 dilecti
1954 863 2015 893 filii
2034 864 2141 894 nostri
2159 865 2202 900 J.,
2222 867 2336 896 sancte

1320 912 1425 942 Marie
1439 912 1474 942 in
1488 913 1683 950 Cosmedin,
1695 915 1727 944 et
1743 914 1916 951 Rainerio,
1932 916 2045 954 nepoti
2064 917 2115 950 U.‚
2130 918 2236 947 sancti
2252 918 2334 948 Eus-

1320 965 1421 995 tachii
1439 966 1572 996 diaconi
1594 967 1818 997 cardinalium
1839 968 1976 1007 aliquod
1995 969 2219 1008 prejudicium
2241 979 2336 1009 gene-

1321 1019 1424 1048 retur.
1454 1019 1679 1049 Decernimus
1705 1029 1838 1059 quoque
1866 1021 2001 1051 irritum
2026 1023 2057 1052 et
2080 1023 2179 1052 inane
2205 1023 2233 1052 si
2255 1024 2337 1062 quid

1321 1073 1437 1102 contra
1456 1073 1608 1103 tenorem
1627 1073 1797 1111 presentis
1822 1075 1973 1105 mandati
1998 1075 2105 1105 nostri
2129 1084 2147 1105 a
2165 1084 2335 1114 quoquam

1321 1125 1499 1164 contigerit
1532 1127 1738 1164 attemptari.
1770 1127 1894 1157 Datum
1926 1128 2014 1166 apud
2046 1128 2335 1166 Urbfflnveterem,

1321 1178 1476 1208 kalend1s
1495 1178 1696 1214 decembris,
1716 1188 1802 1210 anno
1820 1181 1932 1211 tertio.
1954 1189 1970 1209 »

1414 1379 1508 1409 1207

1879 1378 2003 1409 Orvicto,
2021 1378 2038 1404 3
2052 1378 2164 1413 janvicr
2185 1379 2261 1405 leo-t.

1358 1458 1469 1483 Decano
1489 1457 1675 1484 Ambianensi
1701 1460 1727 1484 et
1748 1458 1916 1491 Sencbaldo,
1938 1458 2074 1485 canonico
2100 1458 2333 1492 Cathalmnwnsi,

1322 1507 1440 1532 mandat
1460 1508 1490 1532 ut
1514 1506 1641 1536 Nicolao,
1666 1509 1733 1532 nato
1755 1506 1893 1533 Johannis
1917 1507 2086 1537 Andrcocte,
2113 1507 2330 1540 quamprimum

1322 1555 1349 1581 in
1365 1555 1487 1581 ccclesia
1503 1555 1530 1580 S.
1548 1555 1748 1589 symphoriani
1765 1555 1914 1581 licmensis
1934 1556 1968 1581 dc
1984 1556 2136 1589 prsrlienda
2152 1556 2331 1589 provideant.

1323 1604 1402 1638 (11116,
1422 1604 1466 1635 29,
1486 1603 1534 1630 sol.
1552 1604 1586 1630 92
1604 1608 1644 1637 10,
1670 1609 1701 1629 11⁰
1720 1605 1795 1636 255.)

1362 1725 1376 1742 (1
1410 1714 1531 1743 Β6611110
1559 1713 1755 1743 Ambiancnsi
1780 1719 1806 1742 et
1831 1713 2014 1747 Senebaldo,
2051 1713 2196 1742 canonico
2222 1713 2333 1743 (Uillia-

1322 1766 1469 1796 launensi.
1488 1767 1555 1797 Sua
1574 1767 1672 1796 nobis
1693 1767 1837 1796 dilectus
1861 1766 1952 1796 tilius
1970 1766 2143 1801 Nicolaus,
2164 1768 2263 1796 natus
2288 1767 2333 1796 di-

1322 1820 1398 1850 lecti
1419 1820 1481 1849 filii
1496 1819 1622 1850 nobilis
1639 1819 1882 1849 111-1501100013
1899 1819 2098 1855 Andreocte,
2114 1819 2197 1849 61113
2211 1819 2331 1850 Roma-

1321 1881 1396 1909 nus,
1418 1873 1599 1903 canonicus
1614 1873 1755 1903 ecclesie
1774 1872 1881 1902 sancti
1895 1872 2124 1910 Simplici-iani
2138 1872 2332 1907 Remensis,

1320 1926 1484 1965 petitione
1507 1926 1710 1956 monstravit.
1735 1926 1836 1964 quod,
1858 1934 1933 1955 cum
1960 1925 2069 1955 felicis
2090 1926 2334 1955 recordationis

1321 1980 1539 2010 Innocentius
1554 1988 1651 2018 papa,
1668 1980 1888 2017 predecessor
1900 1981 2025 2013 noster,
2036 1987 2095 2017 per
2108 1987 2187 2008 suas
2203 1979 2334 2009 litteras

1322 2034 1457 2064 duxerit
1480 2033 1730 2064 concedendum
1752 2035 1787 2063 ut
1812 2032 1934 2071 prelati
1960 2032 2179 2062 ecclesiarum
2198 2033 2265 2062 tam
2285 2041 2335 2062 ca-

1321 2087 1525 2117 thedralium
1555 2095 1655 2125 quam
1679 2086 1824 2116 aliarum
1850 2085 1943 2124 regni
1969 2085 2120 2121 Francie,
2148 2085 2189 2115 ad
2217 2094 2334 2123 preces

1322 2140 1407 2171 bone
1428 2140 1591 2170 memorie
1619 2140 1669 2174 P„
1694 2139 1801 2169 sancti
1824 2138 1960 2177 Georgii
1981 2139 2020 2168 ad
2045 2138 2165 2168 Velum
2183 2139 2334 2168 Aureum

1322 2194 1454 2224 diaconi
1473 2193 1669 2227 cardinalis,
1687 2195 1765 2223 tunc
1785 2193 1819 2221 in
1837 2200 1939 2230 regno
1956 2191 2134 2221 Alamanie
2149 2191 2334 2229 apostolice

1322 2247 1413 2278 sedis
1428 2247 1542 2284 legati,
1562 2246 1696 2276 clericis
1717 2245 1756 2275 de
1778 2244 1902 2283 quibus
1925 2245 2014 2274 idem
2035 2243 2218 2274 cardinalis
2235 2251 2333 2281 expe-

1321 2301 1393 2331 dire
1410 2301 1552 2336 videret,
1565 2300 1605 2330 de
1622 2297 1888 2335 canonicatibus,
1903 2297 2084 2336 prebendis
2100 2298 2130 2326 et
2146 2296 2223 2326 aliis
2236 2295 2335 2325 bene-

1322 2354 1408 2385 ficiis
1421 2353 1674 2386 ecclesiasticis⁷
1691 2360 1766 2382 cum
1779 2360 1858 2381 cura
1870 2351 1922 2381 vel
1938 2351 2010 2381 sine
2024 2359 2114 2386 61110,
2127 2350 2167 2379 011
2180 2350 2333 2388 ipsorum

1322 2407 1538 2438 collationem
1558 2404 1789 2445 spectantibus
1806 2404 1995 2443 providere,
2016 2412 2052 2434 ac
2070 2402 2335 2433 contradictores

1321 2470 1381 2500 per
1406 2469 1585 2491 censuram
1618 2458 1895 2494 ecclesiasticam,
1928 2457 2156 2496 appellatione
2191 2457 2333 2490 remota,

1322 2522 1535 2553 compescere
1552 2513 1657 2542 libere
1672 2512 1821 2550 possent,
1835 2512 1867 2541 et
1882 2511 1991 2542 eidem
2006 2509 2168 2540 cardinali
2185 2508 2286 2539 etiam
2303 2507 2337 2537 id

1322 2569 1439 2599 liceret
1457 2567 1565 2597 facere
1583 2565 1765 2596 dummodo
1791 2564 1961 2594 accederet
1981 2564 2022 2593 ad
2049 2563 2110 2593 hoc
2126 2562 2334 2601 prelatorum

1322 2623 1475 2661 ipsorum
1499 2627 1672 2654 assensus,
1692 2618 1781 2648 idem
1800 2616 1994 2652 cardinalis,
2015 2617 2090 2654 post
2113 2615 2242 2645 obitum
2261 2622 2333 2652 pre-

1322 2674 1511 2705 decessoris
1528 2673 1648 2712 ipsius,
1668 2671 1811 2702 eundem
1834 2670 1874 2701 N.
1896 2670 1930 2699 in
1953 2670 2039 2700 dicta
2062 2668 2204 2699 ecclesia
2226 2667 2337 2697 sancti

1321 2727 1562 2766 Simphorianh
1581 2726 1620 2756 de
1640 2733 1806 2755 consensu
1825 2724 1910 2753 bone
1926 2722 2088 2753 memorie
2106 2744 2113 2750 .
2131 2745 2136 2750 .
2155 2720 2336 2751 Remensis

1323 2780 1580 2819 archiepiscopi,
1592 2779 1631 2808 ad
1643 2786 1742 2818 quein
1753 2776 2014 2816 prebendarum,
2026 2774 2159 2805 collatio
2175 2774 2206 2803 in
2221 2773 2337 2803 eadem

1323 2834 1465 2865 ecclesia
1484 2831 1685 2872 pertinebat,
1700 2830 1804 2869 recipi
1818 2830 1896 2860 fecit
1913 2830 1944 2859 in
1960 2828 2157 2859 canonicum
2174 2829 2203 2856 ct
2222 2826 2254 2856 iu
2276 2826 2337 2855 sra-

1322 2889 1408 2918 trem
1428 2886 1626 2916 auctoritate
1645 2883 1839 2923 hujusmodi
1860 2883 2052 2912 litterarum
2078 2879 2202 2919 quibus
2226 2879 2336 2907 dictus
