2519 3262
1043 171 1283 210 TROISIEME
1311 171 1473 209 ANNEE.
2242 186 2295 214 ΞΜ

256 275 273 295 ((
289 265 438 304 ,llayislro
453 265 556 301 Petro,
569 264 649 294 dieto
660 265 800 301 Hornoi,
815 265 961 294 canonico
974 263 1107 294 Dolensi,
1124 264 1226 302 Adju-

215 319 268 348 tos
284 327 416 348 morum
433 319 463 348 et
480 336 529 346 —.
545 319 631 350 Sane
648 318 770 348 dilecto
789 318 858 347 filio
884 317 1044 356 magistro
1063 316 1228 348 Gaufrido

215 371 255 401 de
269 373 384 402 sancto
400 371 553 407 Nicolao,
571 371 692 401 clerico
709 370 823 401 dilecti
842 370 902 400 tilii
920 370 1046 400 nobilis
1058 369 1154 399 viri..
1176 377 1226 398 co-

214 424 309 454 mitis
326 424 513 461 Britannie,
530 425 578 454 sic
595 424 732 463 propria
744 424 902 454 dicuntur
916 422 1093 461 suffragari
1108 421 1228 452 merita

214 479 249 508 ut
268 478 407 517 dignum
423 478 467 507 sit
487 478 576 516 quod
596 477 708 516 ipsum
733 485 980 515 prosequamur
998 474 1227 505 benivolentia

213 531 373 569 gratiosa.
387 531 463 570 Ipse
481 530 663 570 siquidem,
681 531 780 568 prout
797 528 1000 566 accepimus,
1017 527 1075 566 qui
1094 527 1226 557 nullum

213 586 263 614 est
284 584 553 614 ecclesiasticum
569 583 770 613 beneficium
787 583 975 617 assecutus,
997 581 1055 610 diu
1069 580 1158 619 juris
1175 588 1227 610 ca-
1258 586 1260 597 ¹

212 638 325 667 nonici
338 639 369 667 et
385 637 496 667 civilis
511 637 674 667 insistens
685 635 809 669 studio,
825 634 966 673 profecit
979 634 1060 664 adeo
1076 633 1226 663 laudabi-

212 691 290 721 liter
308 691 342 720 in
359 690 477 720 eodem
491 690 580 728 quod
598 689 631 718 in
648 688 809 727 ipsojure
827 687 987 718 canonico
1002 687 1125 718 meruit
1141 687 1227 717 alios

213 744 362 774 edocere.
383 744 452 774 Nos
468 743 594 781 itaque,
613 741 882 772 consideratione
895 741 1093 771 meritorum
1110 741 1223 780 hujus-

212 796 315 833 modi,
325 796 477 827 volentes
489 796 598 826 eidem
611 795 773 834 magistro
783 794 947 825 Gaufrido
959 794 1104 833 gratiam
1118 794 1226 825 facere

211 850 405 888 specialem,
424 849 621 879 discretioni
638 849 694 878 tue
707 848 908 878 mandamus
927 849 1094 886 quatenus
1112 848 1224 886 ipsum

210 903 244 933 in
264 903 407 933 ecclesia
424 901 672 933 Cenomanensi
690 901 891 932 auctoritate
916 903 1032 932 nostra
1055 901 1160 940 recipi
1179 901 1225 931 fa-

210 956 302 986 ciens
321 964 381 995 per
396 958 428 986 te
443 955 496 986 vel
512 964 572 994 per
590 955 695 985 alium
713 955 746 985 in
762 955 961 985 canonicum
976 955 1058 993 etfin
1072 954 1222 991 fratrem,

210 1010 240 1040 ei
258 1010 298 1040 de
324 1009 508 1048 prebenda,
529 1009 558 1039 si
581 1017 647 1048 qua
673 1008 800 1039 ibidem
821 1010 915 1039 vacat
939 1008 980 1039 ad
1006 1017 1148 1047 presens
1172 1008 1225 1038 vel

209 1063 463 1102 quamprimum
492 1062 533 1092 ad
562 1062 596 1092 id
625 1071 660 1092 se
686 1062 829 1092 facultas
854 1062 1027 1098 obtulerit,
1047 1062 1224 1101 providere

207 1124 378 1154 procures.
407 1116 482 1146 Non
511 1115 666 1146 obstante
696 1117 757 1146 etc.
790 1134 838 1145 -.
871 1116 1146 1146 Contradictores
1173 1132 1224 1145 —.

206 1169 333 1200 Datum
358 1169 447 1208 apud
468 1168 759 1204 Urbemoeterem,
778 1178 797 1199 x
822 1169 986 1199 kalendas
1011 1169 1113 1208 Junii‚
1138 1177 1224 1198 anno

208 1222 321 1253 tertio.
344 1232 358 1251 »

786 1397 910 1429 Orvicto,
931 1398 959 1424 13
980 1398 1050 1424 avril
1072 1399 1149 1425 1204.

300 1400 316 1430 1
323 1400 395 1431 (399

243 1482 382 1517 Episcopo
405 1482 528 1510 Eduensi
547 1483 676 1518 indulget
699 1485 728 1510 ut
751 1483 926 1517 magistrum
947 1483 1097 1510 Nicolaum
1113 1484 1147 1510 de
1171 1483 1224 1510 Lu-

206 1532 298 1562 xovio,
326 1532 482 1559 officialem
505 1532 576 1567 ejus,
602 1532 631 1559 in
654 1532 778 1559 ccclesia
802 1531 974 1559 Avalonensi
1001 1532 1029 1559 in
1052 1532 1222 1559 canonicum
1256 1534 1257 1540 ¹

207 1581 295 1616 recipi
309 1581 394 1608 faciat
409 1581 491 1616 eique
504 1582 538 1608 de
550 1582 712 1616 praebenda
724 1581 883 1616 provideat.
897 1582 976 1608 dim.
992 1582 1037 1614 29,
1053 1581 1101 1608 fol.
1118 1583 1167 1609 170
1183 1587 1221 1615 v0,
1255 1591 1256 1598 ¹

207 1635 237 1656 n⁰
248 1630 324 1661 749.)

247 1746 261 1764 ι(
279 1736 437 1776 Episcopo
454 1736 602 1766 Eduensi.
622 1737 686 1767 Per
703 1738 779 1767 tuas
798 1737 897 1767 nobis
914 1755 962 1766 —.
989 1738 1113 1768 Datum
1132 1738 1222 1776 apud

205 1789 495 1825 Urbemveterem‚
518 1790 595 1820 idus
613 1790 744 1829 aprilis,
769 1799 856 1821 anno
871 1790 984 1821 tertio.
1004 1801 1018 1819 υ

793 1967 917 2001 Orvieto,
941 1967 972 1994 14
989 1967 1048 1994 mai
1068 1968 1144 1995 izei.

297 1968 394 1999 1700

240 2052 353 2078 Decano
369 2051 507 2084 ecelesiae
520 2060 542 2078 s.
563 2051 671 2085 Aredii,
686 2052 901 2079 Lemovicensis
918 2052 1052 2086 diocesis,
1069 2053 1220 2087 capellano

202 2100 371 2135 apostolico,
391 2101 511 2128 mandat
528 2103 560 2127 ut
581 2101 770 2136 Stephanum,
788 2101 898 2129 dictum
914 2102 1120 2136 Chauclzaylaz,
1140 2111 1218 2137 pres-

203 2149 337 2185 byterum
356 2152 498 2176 rectorem
523 2151 664 2177 ecclesiae
686 2159 709 2177 s.
732 2151 872 2178 Martialis
892 2152 926 2178 de
950 2151 1062 2185 Valeta,
1091 2152 1218 2179 Lemovi-

202 2198 296 2226 censis
316 2198 451 2229 diocesis,
469 2199 588 2227 obtentu
608 2200 799 2234 Margaretae‚
814 2203 900 2227 natae
922 2201 1002 2227 ducis
1023 2201 1217 2236 Burgundiae,

201 2247 319 2274 relictae
332 2248 476 2282 quondam
490 2248 668 2276 vicecomitis
684 2249 910 2284 Lerne-vicensis,
926 2250 1005 2285 cujus
1020 2250 1055 2276 M.
1072 2250 1217 2285 obsequiis

202 2296 279 2324 idem
300 2297 460 2332 Stephanus
489 2298 538 2325 diu
566 2298 684 2332 institit,
701 2299 730 2326 in
746 2299 868 2326 ecclesia
886 2307 911 2326 s.
932 2299 1027 2326 Aredii
1050 2299 1078 2326 in
1102 2301 1217 2327 canoni-

201 2353 267 2373 cum
296 2346 383 2380 recipi
411 2346 498 2374 saciat
523 2347 606 2382 eique
633 2348 667 2375 de
685 2348 849 2383 praebenda
877 2349 1037 2383 provideat.
1065 2349 1147 2384 (Bac.
1173 2350 1217 2379 29,

202 2393 250 2422 fol.
271 2396 319 2423 170
333 2401 375 2430 νο,
395 2400 427 2422 n⁰
443 2396 518 2429 7:30.)

246 2516 259 2528 «
275 2502 395 2532 Decano
417 2501 537 2532 ecclesie
549 2512 573 2533 s.
590 2503 710 2539 Aredii,
723 2503 943 2534 Lemovicensis
960 2503 1097 2540 diocesis,
1117 2503 1218 2544 capel·

202 2554 274 2586 Iano
291 2561 406 2586 nostro.
423 2556 570 2587 Obtentu
585 2556 706 2587 dilecte
721 2556 755 2587 in
767 2573 816 2586 —.
830 2557 954 2587 Datum
972 2557 1062 2596 apud
1076 2557 1218 2588 Urbem-

202 2611 364 2643 veterem⁷
380 2619 402 2639 ιι
423 2609 499 2639 idus
516 2609 608 2645 maii,
626 2618 712 2640 anno
730 2609 844 2640 tertio.
864 2620 878 2639 υ

295 2790 388 2820 1701
798 2787 923 2823 Orvieto‚
941 2790 976 2816 20
993 2789 1052 2816 mai
1068 2789 1146 2818 1264.

238 2872 375 2907 Magistro
391 2871 537 2908 Dionysio,
551 2872 690 2899 canonico
704 2871 841 2900 eeclesiae
858 2881 870 2899 s
898 2873 1014 2899 Vedasti
1031 2873 1218 2900 Suessionen·

1288 263 1336 293 sis,
1355 264 1472 289 mandat
1488 263 1640 297 compellat
1658 263 1823 297 cpiscopum
1843 267 1866 289 et
1890 264 2045 298 capitulum
2063 266 2253 293 Massilienses
2270 271 2298 294 ut

1288 312 1470 345 Ihiyuiundo,
1492 312 1640 345 capellano
1666 313 1835 346 apostolico.
1858 314 2021 347 praeposito
2041 315 2179 341 ecclcsiae
2204 316 2299 342 Muxsi-

1288 360 1396 391 licnsis,
1429 360 1642 394 praepositurae
1674 361 1960 388 administrationem
1989 362 2108 389 liberam
2138 363 2296 391 dimittant.

1286 409 1365 441 (Rite.
1380 409 1425 439 29,
1442 409 1490 435 fol.
1512 410 1562 436 tht
1579 415 1616 440 νῦ,
1635 416 1665 435 n0
1679 410 1751 443 7511.)
1767 411 1774 426 ¹

1327 508 1340 522 «
1352 495 1500 534 ⁴llayirliw‘t
1513 495 1663 530 Dionisio,
1678 498 1823 526 canonico
1838 497 1958 526 ecclesie
1969 499 2068 527 sancti
2084 499 2200 528 sedasti
2211 502 2301 529 Sues—

1286 548 1441 578 sionensis.
1463 549 1615 579 Dilectus
1635 550 1727 579 lilius
1750 551 1912 588 magister
1929 552 2164 589 Raymundus,
2192 554 2300 591 capel-

1287 601 1385 631 lanus
1405 605 1530 636 noster,
1552 603 1745 641 prepositus
1767 604 1995 634 Massiliensis
2026 605 2179 641 ecclesie,
2203 607 2299 635 nobis

1286 655 1444 693 exposuit
1462 656 1562 694 quod,
1583 665 1657 685 cum
1680 665 1740 686 nos
1766 657 1800 686 in
1817 666 1917 687 causa
1942 666 2005 696 que
2030 658 2118 688 inter
2139 659 2249 697 ipsum
2268 662 2299 689 et

1286 707 1447 738 dilectum
1465 708 1574 738 filium
1591 709 1826 748 Peregrinum,
1839 710 2050 748 capellanum
2066 714 2230 744 nostrum,
2247 722 2301 742 su-

1286 769 1345 798 per
1370 762 1586 800 prepositura
1608 762 1757 800 predicte
1775 763 1928 799 ecclesie,
1954 764 1987 793 in
2007 773 2073 802 qua
2092 767 2232 803 uterque
2251 766 2296 804 ip-

1286 822 1401 844 sorum
1420 823 1454 844 se
1473 815 1603 845 dicebat
1617 815 1673 854 jus
1696 815 1830 847 habere,
1848 816 2053 853 vertebatur.
2072 818 2298 848 venerabilem

1286 866 1423 898 fratrem
1442 870 1596 898 nostrum
1611 891 1639 899 ..
1668 868 1890 899 Sabinensem
1913 870 2122 908 episcopum,
2144 871 2299 901 dedimus

1285 920 1440 958 partibus
1466 921 1667 957 auditorem,
1698 922 1786 952 idem
1816 923 2010 961 episcopus,
2038 923 2096 953 lite
2121 932 2231 954 coram
2261 933 2299 954 eo

1285 974 1436 1013 legitime
1462 976 1649 1005 contestata
1671 975 1835 1014 factisque
1854 976 2083 1014 positionibus
2107 980 2139 1007 et
2164 986 2298 1016 respon·

1286 1027 1440 1057 sionibus
1456 1028 1497 1058 ad
1514 1028 1661 1064 easdem,
1676 1029 1805 1058 audivit
1822 1038 1886 1067 que
1903 1032 2016 1068 partes
2030 1030 2207 1061 voluerunt
2225 1040 2297 1069 pro-

1284 1089 1409 1119 ponere
1426 1090 1538 1111 coram
1554 1090 1592 1111 eo
1609 1083 1639 1111 et
1656 1081 1755 1112 nobis
1769 1082 1913 1113 fideliter
1930 1083 2095 1113 recitavit.
2109 1084 2194 1118 Quia
2205 1093 2296 1121 vero,

1281 1133 1417 1172 juribus
1432 1134 1579 1172 partium
1596 1134 1747 1173 ipsarum
1764 1135 1948 1166 intellectis
1963 1138 1993 1166 et
2006 1136 2104 1174 plene
2118 1137 2296 1173 discussis,

1284 1187 1383 1218 nobis
1410 1188 1562 1218 constitit
1589 1188 1678 1227 quod
1702 1189 1790 1218 idem
1815 1189 1978 1228 magister
1998 1190 2222 1228 Raymundus
2241 1191 2298 1229 jus

1284 1242 1318 1271 in
1328 1241 1543 1280 prepositura
1553 1241 1725 1272 obtinebat
1735 1242 1863 1278 eadem,
1876 1243 1984 1281 ipsam
1993 1243 2161 1281 pertinere
2171 1244 2297 1274 adeum

1284 1295 1446 1324 duximus
1468 1295 1508 1324 de
1527 1294 1668 1324 fratrum
1688 1298 1881 1326 nostrorum
1896 1296 2039 1326 consilio
2057 1297 2296 1327 declarandum

1256 1365 1258 1375 ›
1283 1350 1314 1378 et
1340 1347 1406 1378 sibi
1428 1348 1678 1378 sententialiter
1698 1349 1931 1388 adjudicantes
1957 1349 2109 1383 eandem,
2131 1350 2219 1380 dicto
2238 1351 2297 1381 Pe—

1283 1401 1417 1440 regrino
1442 1403 1643 1440 perpetuum
1673 1401 1848 1432 silentium
1872 1402 2100 1441 imposuimus
2118 1411 2219 1442 super
2245 1413 2294 1439 ea,

1284 1455 1315 1484 et
1333 1454 1575 1484 nichilominus
1593 1454 1633 1484 ad
1658 1455 1825 1485 cautelam
1853 1456 2004 1494 predicto
2028 1457 2189 1495 magistro
2207 1457 2296 1496 Ray-

1283 1508 1408 1537 mundo
1426 1508 1676 1546 preposituram
1699 1508 1867 1546 prefatam
1892 1509 2099 1539 contulimus
2120 1512 2151 1539 et
2170 1510 2210 1539 de
2237 1510 2296 1540 illa

1283 1561 1494 1599 providimus
1510 1561 1689 1599 ipsumque
1706 1561 1944 1592 investivimus
1963 1571 2023 1601 per
2041 1564 2194 1592 nostrum
2215 1572 2295 1593 anu·

1282 1613 1352 1643 lum
1369 1614 1408 1644 de
1427 1614 1556 1649 eadem,
1575 1614 1793 1644 decernentes
1812 1615 1946 1645 irritum
1968 1617 1999 1645 et
2019 1615 2130 1652 inane,
2149 1616 2178 1645 si
2198 1625 2295 1646 secus

1282 1667 1322 1697 de
1338 1668 1554 1706 prepositura
1571 1668 1646 1706 ipsa
1672 1668 1859 1706 apostolica
1877 1668 1929 1698 vel
1953 1669 2074 1707 quavis
2094 1671 2294 1700 auctoritate

1281 1729 1299 1750 a
1316 1729 1486 1759 quoquam
1499 1721 1709 1760 contingeret
1721 1721 1927 1760 attemptari,
1940 1730 1976 1752 ac
1991 1722 2177 1752 venerabili
2195 1723 2292 1753 fratri

1281 1776 1397 1804 nostro
1413 1797 1418 1802 .
1432 1797 1439 1802 .
1459 1773 1712 1813 archiepiscopo
1730 1775 1896 1813 Aquensi,
1915 1777 1947 1805 et
1967 1774 2089 1805 dilecto
2107 1775 2177 1806 filio
2192 1798 2198 1804 .
2215 1798 2220 1804 .
2240 1776 2294 1805 de-

1281 1836 1362 1857 cano
1380 1827 1558 1863 Meldensi,
1585 1827 1711 1857 nostris
1727 1818 1845 1857 dantes
1862 1827 1988 1858 litteris
2011 1828 2045 1857 in
2071 1829 2240 1859 mandatis
2260 1830 2295 1859 ut

1280 1882 1506 1910 memoratum
1530 1880 1731 1919 magistrum
1755 1880 1998 1919 Raymundum
2022 1880 2075 1911 vel
2101 1884 2293 1920 procurato-

1280 1942 1351 1964 rem
1371 1942 1482 1970 suum,
1504 1934 1577 1972 ejus
1593 1934 1740 1970 nomine,
1761 1934 1795 1963 in
1812 1934 2022 1973 corporalem
2040 1936 2294 1973 possessionem

1279 1987 1389 2026 ipsius
1407 1987 1622 2026 prepositure
1637 1996 1696 2026 per
1714 1995 1750 2017 se
1770 1987 1823 2017 vel
1850 1996 1909 2025 per
1925 1987 2030 2018 alium
2047 1989 2243 2019 inducerent
2263 1991 2295 2020 et

1278 2042 1454 2071 tuerentur
1468 2040 1664 2078 inductum,
1684 2040 1845 2070 facientes
1862 2049 1939 2070 eum
1956 2041 2009 2070 vel
2031 2041 2157 2072 dictum
2175 2051 2294 2081 procu-

1279 2096 1426 2124 ratorem
1444 2102 1504 2132 pro
1522 2094 1596 2132 ipso
1616 2094 1649 2123 in
1668 2094 1882 2132 prepositum
1900 2093 2041 2125 ecclesie
2058 2095 2188 2133 prefate
2205 2104 2222 2125 a
2239 2105 2290 2126 ve-

1278 2147 1490 2178 nerabilibus
1510 2146 1674 2177 fratribus
1695 2147 1843 2177 nostris.
1860 2171 1866 2176 .
1897 2147 2067 2186 episcopo,
2094 2151 2124 2178 et
2144 2149 2293 2187 capitulo

1277 2200 1556 2231 Massiliensibus
1573 2200 1720 2235 admitti,
1739 2199 1873 2239 sibique
1892 2200 1931 2230 de
1954 2201 2064 2240 ipsius
2081 2203 2293 2239 prepositure

1279 2253 1502 2293 proventibus
1539 2254 1749 2293 responderi⁴
1782 2254 2057 2284 Contradictores
2091 2256 2153 2285 etc.
2185 2264 2293 2294 usque

1278 2308 1532 2346 compescendo.
1557 2307 1599 2337 Et
1622 2307 1700 2337 licet
1724 2307 1813 2337 idem
1843 2307 2024 2346 episcopus
2049 2309 2082 2338 et
2105 2309 2292 2346 capitulum

1277 2362 1531 2400 procuratorem
1558 2360 1667 2399 ipsius
1695 2360 1849 2399 magistri
1872 2360 2068 2399 Raymundi
2089 2369 2149 2399 pro
2173 2370 2212 2392 eo
2235 2362 2289 2391 ad-

1277 2414 1433 2444 miserint
1449 2414 1483 2443 in
1496 2413 1707 2452 prepositum
1723 2413 1865 2443 ecclesie
1881 2413 2086 2452 supradicte,
2099 2414 2165 2452 ipsi
2178 2416 2292 2445 tamen

1277 2468 1481 2507 magistrum
1508 2467 1750 2506 Raymundum
1778 2466 2019 2497 administrare
2044 2466 2133 2497 bona
2161 2469 2194 2498 et
2215 2468 2294 2507 jura

1277 2521 1426 2560 predicte
1444 2520 1596 2557 ecclesie,
1617 2521 1717 2558 prout
1731 2520 1772 2550 ad
1789 2520 1902 2559 ipsum
1919 2520 2066 2559 pertinet
2084 2522 2116 2551 et.
2132 2523 2232 2559 prout
2255 2530 2294 2552 ea

1277 2574 1605 2605 administraverunt
1619 2573 1879 2612 predecessores
1895 2573 2016 2612 ipsius,
2029 2573 2292 2612 prepositiejus-

1277 2628 1354 2659 dem
1374 2627 1527 2663 ecclesie,
1549 2635 1614 2657 non
1640 2627 1840 2665 permittunt
1865 2627 1900 2656 in
1919 2626 1994 2665 ejus
2010 2626 2236 2665 prejudicium
2260 2628 2293 2657 et

1277 2690 1469 2720 gravamen.
1496 2680 1606 2716 Quare
1637 2680 1726 2710 idem
1750 2679 1914 2719 magister
1936 2679 2163 2718 Raymundus
2193 2679 2292 2710 nobis

1277 2735 1453 2765 humiliter
1469 2734 1674 2773 supplicavit
1699 2736 1735 2764 ut
1760 2733 1937 2772 providere
1958 2741 2060 2771 super
2077 2732 2138 2763 hoc
2152 2736 2293 2772 paterna

1308 2835 1330 2858 1.
1351 2834 1394 2858 Cf.
1413 2840 1462 2858 sur
1480 2833 1506 2857 le
1523 2835 1611 2858 meme
1628 2834 1705 2865 sajet
1723 2833 1752 2857 la
1770 2833 1854 2858 lettre
1871 2833 1909 2858 du
1928 2834 1941 2857 5
1959 2833 2064 2858 sevrier
2086 2834 2153 2860 1264,
2177 2834 2291 2865 publice

1277 2878 1342 2908 plus
1356 2878 1427 2903 haut
1444 2883 1474 2902 n⁰
1490 2879 1559 2903 1305.
